<?xml version="1.0" encoding="UTF-8" standalone="yes"?>
<PcGts xmlns="http://schema.primaresearch.org/PAGE/gts/pagecontent/2013-07-15" xmlns:xsi="http://www.w3.org/2001/XMLSchema-instance" xsi:schemaLocation="http://schema.primaresearch.org/PAGE/gts/pagecontent/2013-07-15 http://schema.primaresearch.org/PAGE/gts/pagecontent/2013-07-15/pagecontent.xsd">
    <Metadata>
        <Creator>prov=University of Rostock/Institute of Mathematics/CITlab|PLANET AI GmbH/Gundram Leifert/gundram.leifert@planet-ai.de:name=cod-MkL9py-m2(htr_id=30048)::::v=2.6.7
prov=University of Rostock/Institute of Mathematics/CITlab|PLANET AI GmbH/Tobias Gruening/tobias.gruening@planet-ai.de:name=de.uros.citlab.module.baseline2polygon.B2PSeamMultiOriented:v=2.6.7
prov=University of Rostock/Institute of Mathematics/CITlab|PLANET AI GmbH/Tobias Gruening/tobias.gruening@planet-ai.de:name=/net_tf/LA73_249_0mod360.pb:de.uros.citlab.segmentation.CITlab_LA_ML:v=2.6.6
Transkribus</Creator>
        <Created>2021-01-14T09:11:35.607-05:00</Created>
        <LastChange>2021-02-14T13:41:57.567+01:00</LastChange>
        <TranskribusMetadata docId="572044" pageId="23601887" pageNr="196" tsid="52629936" status="IN_PROGRESS" userId="25065" imgUrl="https://files.transkribus.eu/Get?id=RRGMSMLBFZSNKCTENCKQXAWP&amp;fileType=view" xmlUrl="https://files.transkribus.eu/Get?id=DIWHDVGUYAMHQGKAPASZAAXL" imageId="18118145"/>
    </Metadata>
    <Page imageFilename="cod-MkL9py-0196.jpg" imageWidth="2063" imageHeight="3416">
        <ReadingOrder>
            <OrderedGroup id="ro_1613393984439" caption="Regions reading order">
                <RegionRefIndexed index="0" regionRef="TextRegion_1613142878357_546"/>
                <RegionRefIndexed index="1" regionRef="TextRegion_1613142906461_570"/>
            </OrderedGroup>
        </ReadingOrder>
        <TextRegion orientation="0.0" id="TextRegion_1613142878357_546" custom="readingOrder {index:0;}">
            <Coords points="194,135 1000,135 1000,3183 194,3183"/>
            <TextLine id="r3l4" custom="readingOrder {index:0;}">
                <Coords points="196,219 916,224 988,220 989,189 196,181"/>
                <Baseline points="201,213 240,212 279,211 318,210 357,210 396,210 435,209 474,209 513,209 552,209 592,209 631,209 670,209 709,210 748,210 787,210 826,210 865,212 904,212 943,212 983,212"/>
                <TextEquiv>
                    <Unicode>sed ipsimet fideles a Paulo lux dicuntur. Habemus consentientem.</Unicode>
                </TextEquiv>
            </TextLine>
            <TextLine id="r3l6" custom="readingOrder {index:1;}">
                <Coords points="202,253 976,253 976,225 941,218 202,225"/>
                <Baseline points="207,246 245,245 283,243 321,242 359,241 398,240 436,240 474,240 512,240 550,240 589,240 627,240 665,240 703,240 741,242 780,242 818,242 856,243 894,243 932,243 971,243"/>
                <TextEquiv>
                    <Unicode>adversus Bellarminum Thomam Aquinatem, qui in explanatione</Unicode>
                </TextEquiv>
            </TextLine>
            <TextLine id="r3l8" custom="readingOrder {index:2;}">
                <Coords points="201,286 986,285 986,258 921,249 201,251"/>
                <Baseline points="206,278 244,278 283,277 322,276 361,276 399,276 438,275 477,275 516,275 554,273 593,273 632,273 671,273 709,273 748,273 787,273 826,273 864,275 903,275 942,275 981,276"/>
                <TextEquiv>
                    <Unicode>horum verborum Pauli ita scribit: Nunc autem estis lux. q. d. nunc</Unicode>
                </TextEquiv>
            </TextLine>
            <TextLine id="r3l10" custom="readingOrder {index:3;}">
                <Coords points="195,316 967,320 979,283 195,291"/>
                <Baseline points="200,309 238,309 277,308 316,308 354,308 393,308 432,308 470,308 509,308 548,308 587,308 625,308 664,308 703,308 741,308 780,308 819,308 857,308 896,308 935,309 974,309"/>
                <TextEquiv>
                    <Unicode>autem habetis lucem fidei, Ph. lipp. 2. inter quos lucetis sicut luminario</Unicode>
                </TextEquiv>
            </TextLine>
            <TextLine id="r3l12" custom="readingOrder {index:4;}">
                <Coords points="201,353 982,353 982,320 918,312 201,317"/>
                <Baseline points="206,344 244,342 283,342 321,341 360,341 398,341 437,339 475,339 514,339 552,339 591,339 630,339 668,339 707,339 745,339 784,339 822,340 861,341 899,341 938,342 977,342"/>
                <TextEquiv>
                    <Unicode>in Mundo. Matth. 5. vos estis lux mundi. Sed contra dicitur de Iohan¬</Unicode>
                </TextEquiv>
            </TextLine>
            <TextLine id="r3l14" custom="readingOrder {index:5;}">
                <Coords points="195,387 974,387 974,355 195,356"/>
                <Baseline points="200,377 238,376 276,375 315,374 353,374 392,373 430,372 469,372 507,372 546,372 584,372 622,372 661,372 699,372 738,372 776,372 815,374 853,374 892,374 930,374 969,375"/>
                <TextEquiv>
                    <Unicode>ne Baptista, Non erat ille lux: quomodo ergo fideles alii lux dicuntur.</Unicode>
                </TextEquiv>
            </TextLine>
            <TextLine id="r3l16" custom="readingOrder {index:6;}">
                <Coords points="205,415 890,419 986,413 986,390 204,384"/>
                <Baseline points="210,408 248,407 287,407 325,405 364,405 402,405 441,405 479,405 518,405 556,405 595,405 634,405 672,405 711,405 749,405 788,405 826,405 865,405 903,405 942,405 981,405"/>
                <TextEquiv>
                    <Unicode>Respondeo: non dicuntur lux per essentiam, sed per participationem.</Unicode>
                </TextEquiv>
            </TextLine>
            <TextLine id="r3l18" custom="readingOrder {index:7;}">
                <Coords points="199,451 985,443 985,419 910,414 199,417"/>
                <Baseline points="204,443 242,441 281,440 320,439 359,438 398,438 436,438 475,438 514,438 553,438 592,438 630,438 669,438 708,438 747,438 786,438 824,438 863,438 902,438 941,438 980,437"/>
                <TextEquiv>
                    <Unicode>Hactenus Aquinas. Locum 2. Corinth. 6. v. 14. Quae est commu¬</Unicode>
                </TextEquiv>
            </TextLine>
            <TextLine id="r3l20" custom="readingOrder {index:8;}">
                <Coords points="199,482 977,483 952,444 199,452"/>
                <Baseline points="204,474 242,474 280,473 319,473 357,471 396,471 434,471 472,471 511,470 549,470 588,470 626,470 664,470 703,470 741,471 780,471 818,471 856,471 895,471 933,471 972,471"/>
                <TextEquiv>
                    <Unicode>nio luci cum tenebris? perperam etiam adducit E llarminus. Nam</Unicode>
                </TextEquiv>
            </TextLine>
            <TextLine id="r3l23" custom="readingOrder {index:9;}">
                <Coords points="205,516 973,510 973,486 820,473 205,482"/>
                <Baseline points="210,507 247,507 285,506 323,504 361,503 399,503 437,503 475,503 513,503 551,503 589,503 626,503 664,503 702,503 740,503 778,503 816,504 854,504 892,504 930,504 968,503"/>
                <TextEquiv>
                    <Unicode>Paulus admonens fideles ne socios se adiungant infidelibus in ex¬</Unicode>
                </TextEquiv>
            </TextLine>
            <TextLine id="r3l25" custom="readingOrder {index:10;}">
                <Coords points="205,550 892,552 988,546 988,516 205,522"/>
                <Baseline points="210,540 248,539 287,537 325,537 364,536 403,536 441,536 480,536 519,536 557,536 596,536 635,536 673,536 712,536 751,536 789,537 828,537 867,537 905,537 944,537 983,536"/>
                <TextEquiv>
                    <Unicode>terna idololatria, admonitionem suam confirmat a pari: quia alias</Unicode>
                </TextEquiv>
            </TextLine>
            <TextLine id="r3l27" custom="readingOrder {index:11;}">
                <Coords points="201,586 976,578 976,542 201,553"/>
                <Baseline points="206,573 244,572 282,572 320,570 359,570 397,570 435,569 473,569 512,569 550,569 588,569 626,569 665,569 703,569 741,569 779,569 818,570 856,570 894,570 932,569 971,569"/>
                <TextEquiv>
                    <Unicode>perinde facerent, ac si justitiam cum injustitia, lucem cum tenebri¬</Unicode>
                </TextEquiv>
            </TextLine>
            <TextLine id="r3l29" custom="readingOrder {index:12;}">
                <Coords points="201,610 974,609 980,575 201,586"/>
                <Baseline points="206,605 244,605 282,603 321,602 359,602 398,602 436,602 475,600 513,600 552,600 590,600 628,600 667,600 705,600 744,602 782,602 821,602 859,602 898,602 936,602 975,602"/>
                <TextEquiv>
                    <Unicode>confundere vellent. Haec eadem verba aliter etiam declarat Tho¬</Unicode>
                </TextEquiv>
            </TextLine>
            <TextLine id="r3l31" custom="readingOrder {index:13;}">
                <Coords points="196,641 979,642 978,609 895,606 196,619"/>
                <Baseline points="201,636 239,635 278,635 316,635 355,635 394,633 432,633 471,633 510,633 548,633 587,633 626,633 664,633 703,633 742,632 780,632 819,632 858,632 896,632 935,632 974,632"/>
                <TextEquiv>
                    <Unicode>mas Aquinas, quam Bellarminus. Ait enim: fideles sunt illumina</Unicode>
                </TextEquiv>
            </TextLine>
            <TextLine id="r3l33" custom="readingOrder {index:14;}">
                <Coords points="204,674 986,674 985,644 921,639 204,641"/>
                <Baseline points="209,668 247,668 286,668 324,668 363,666 402,666 440,666 479,666 517,666 556,666 595,665 633,665 672,665 710,665 749,665 788,665 826,666 865,666 903,666 942,666 981,666"/>
                <TextEquiv>
                    <Unicode>lumine fidei, infideles sunt in tenebris errorum: Sic. Nicolaus de Lyra¬</Unicode>
                </TextEquiv>
            </TextLine>
            <TextLine id="r3l35" custom="readingOrder {index:15;}">
                <Coords points="202,706 933,715 983,707 983,674 202,678"/>
                <Baseline points="207,701 245,700 284,699 322,699 361,699 399,698 438,698 476,698 515,698 553,698 592,698 631,698 669,699 708,699 746,699 785,698 823,698 862,698 900,698 939,698 978,696"/>
                <TextEquiv>
                    <Unicode>ait, lucem hic significare veritatem fidei, quae lucet in mentibus fide¬</Unicode>
                </TextEquiv>
            </TextLine>
            <TextLine id="r3l37" custom="readingOrder {index:16;}">
                <Coords points="201,738 983,738 983,709 918,703 201,706"/>
                <Baseline points="206,734 244,734 283,733 321,732 360,732 399,732 437,731 476,731 514,731 553,729 592,729 630,729 669,729 707,728 746,728 785,728 823,728 862,729 900,729 939,729 978,731"/>
                <TextEquiv>
                    <Unicode>lium. Glossa etiam ordinaria interlinearis ait ipsos fideles esse lucem.</Unicode>
                </TextEquiv>
            </TextLine>
            <TextLine id="r3l40" custom="readingOrder {index:17;}">
                <Coords points="202,774 980,779 980,740 907,734 202,740"/>
                <Baseline points="207,767 245,765 283,765 322,765 360,765 399,764 437,764 475,764 514,764 552,764 591,764 629,764 667,764 706,764 744,764 783,764 821,764 859,764 898,762 936,762 975,762"/>
                <TextEquiv>
                    <Unicode>Denique 1. Johan. 2. vers. 9. in luce esse significat illustratum esse cogi</Unicode>
                </TextEquiv>
            </TextLine>
            <TextLine id="r3l42" custom="readingOrder {index:18;}">
                <Coords points="201,806 982,803 982,777 897,769 201,775"/>
                <Baseline points="206,800 244,800 283,798 321,798 360,797 398,797 437,797 475,795 514,795 552,795 591,794 630,794 668,794 707,794 745,794 784,794 822,794 861,794 899,795 938,795 977,795"/>
                <TextEquiv>
                    <Unicode>nitione Evangelii. Sic interpretatur Glossa Ordinaria interlinearis:</Unicode>
                </TextEquiv>
            </TextLine>
            <TextLine id="r3l44" custom="readingOrder {index:19;}">
                <Coords points="217,841 873,845 979,836 979,809 217,811"/>
                <Baseline points="222,833 259,833 297,832 334,831 372,831 410,830 447,830 485,828 522,828 560,827 598,827 635,827 673,827 710,825 748,825 786,827 823,827 861,827 898,828 936,830 974,831"/>
                <TextEquiv>
                    <Unicode>er lucem intelligens lucem Christianae fidei vel bonae operationis:</Unicode>
                </TextEquiv>
            </TextLine>
            <TextLine id="r3l45" custom="readingOrder {index:20;}">
                <Coords points="198,871 931,877 986,871 986,842 198,845"/>
                <Baseline points="203,864 241,864 280,864 319,863 358,863 397,863 436,861 475,861 514,861 553,860 592,860 630,860 669,858 708,858 747,858 786,858 825,859 864,860 903,860 942,861 981,863"/>
                <TextEquiv>
                    <Unicode>Similiter glossa ordinaria marginalis ad vers 10. lucem interpreta¬</Unicode>
                </TextEquiv>
            </TextLine>
            <TextLine id="r3l47" custom="readingOrder {index:21;}">
                <Coords points="198,908 979,901 956,866 198,874"/>
                <Baseline points="203,897 241,897 280,897 318,896 357,896 395,894 434,894 472,894 511,893 549,893 588,893 627,891 665,891 704,891 742,891 781,891 819,890 858,891 896,891 935,891 974,891"/>
                <TextEquiv>
                    <Unicode>tur de lumine scientiae &amp; operationis. Et Nicolaus Lyranus, in luc </Unicode>
                </TextEquiv>
            </TextLine>
            <TextLine id="r3l49" custom="readingOrder {index:22;}">
                <Coords points="195,938 985,935 991,903 195,918"/>
                <Baseline points="200,932 239,930 278,929 317,929 357,927 396,927 435,927 475,926 514,926 553,926 593,926 632,924 671,924 710,924 750,924 789,924 828,924 868,924 907,924 946,924 986,923"/>
                <TextEquiv>
                    <Unicode>esse explicat, in veritate Evangelica vivere. Unde apparet, Bellarmi¬</Unicode>
                </TextEquiv>
            </TextLine>
            <TextLine id="r3l52" custom="readingOrder {index:23;}">
                <Coords points="199,971 933,979 983,967 983,938 199,944"/>
                <Baseline points="204,959 242,959 281,960 320,960 358,960 397,960 436,959 474,959 513,959 552,959 591,957 629,957 668,957 707,957 745,957 784,957 823,957 861,957 900,957 939,957 978,959"/>
                <TextEquiv>
                    <Unicode>num imperite lucis nomine gratiam, quam justificamur, intelligere</Unicode>
                </TextEquiv>
            </TextLine>
            <TextLine id="r3l54" custom="readingOrder {index:24;}">
                <Coords points="201,1003 862,1002 872,971 201,972"/>
                <Baseline points="206,992 239,993 272,993 305,993 338,993 371,993 404,993 437,993 470,993 503,993 536,992 569,992 602,992 635,992 668,990 701,990 734,990 767,990 800,990 833,990 867,990"/>
                <TextEquiv>
                    <Unicode>nec tantum nos, sed etiam socios suos adversarios habere.</Unicode>
                </TextEquiv>
            </TextLine>
            <TextLine id="r3l57" custom="readingOrder {index:25;}">
                <Coords points="250,1082 872,1089 950,1078 950,1027 250,1036"/>
                <Baseline points="255,1068 289,1068 324,1068 358,1067 393,1067 427,1067 462,1066 496,1065 531,1065 565,1064 600,1064 634,1064 669,1062 703,1062 738,1062 772,1062 807,1062 841,1062 876,1062 910,1064 945,1064"/>
                <TextEquiv>
                    <Unicode>Hactenus de tertia probatione assumtionis quinti¬</Unicode>
                </TextEquiv>
            </TextLine>
            <TextLine id="r3l59" custom="readingOrder {index:26;}">
                <Coords points="523,1123 568,1137 585,1122 683,1122 683,1079 637,1084 562,1082 546,1090 537,1086 523,1090"/>
                <Baseline points="528,1113 553,1113 578,1113 603,1113 628,1113 653,1113 678,1113"/>
                <TextEquiv>
                    <Unicode>argumenti.</Unicode>
                </TextEquiv>
            </TextLine>
            <TextLine id="r3l62" custom="readingOrder {index:27;}">
                <Coords points="237,1198 692,1194 712,1185 712,1156 237,1158"/>
                <Baseline points="242,1184 267,1184 293,1182 319,1182 345,1182 371,1181 397,1181 422,1181 448,1181 474,1181 500,1181 526,1181 552,1182 577,1182 603,1182 629,1182 655,1182 681,1181 707,1181"/>
                <TextEquiv>
                    <Unicode>Quarto, assumtionem eandem sic probat:</Unicode>
                </TextEquiv>
            </TextLine>
            <TextLine id="r3l64" custom="readingOrder {index:28;}">
                <Coords points="228,1219 929,1222 946,1187 228,1199"/>
                <Baseline points="233,1215 268,1215 303,1215 339,1215 374,1215 410,1215 445,1215 480,1215 516,1214 551,1214 587,1214 622,1214 657,1214 693,1213 728,1212 764,1212 799,1212 834,1212 870,1212 905,1211 941,1211"/>
                <TextEquiv>
                    <Unicode>Charitas Dei diffusa in cordibus nostris, est res in nobis inhaerens</Unicode>
                </TextEquiv>
            </TextLine>
            <TextLine id="r3l66" custom="readingOrder {index:29;}">
                <Coords points="228,1253 985,1253 984,1227 901,1217 228,1222"/>
                <Baseline points="233,1247 270,1247 307,1248 345,1248 382,1248 419,1248 457,1248 494,1248 531,1248 569,1248 606,1247 643,1247 681,1247 718,1247 755,1245 793,1245 830,1245 867,1245 905,1245 942,1244 980,1244"/>
                <TextEquiv>
                    <Unicode>Gratia per quam justificamur, est illa charitas diffusa in cordibus no¬</Unicode>
                </TextEquiv>
            </TextLine>
            <TextLine id="r3l69" custom="readingOrder {index:30;}">
                <Coords points="202,1298 222,1298 230,1290 241,1293 248,1288 256,1293 275,1291 282,1298 373,1290 373,1267 362,1268 350,1258 317,1266 305,1259 282,1259 264,1267 230,1258 219,1247 203,1250"/>
                <Baseline points="207,1284 233,1281 260,1281 287,1282 314,1283 341,1284 368,1283"/>
                <TextEquiv>
                    <Unicode>tris: Ergo, &amp;c.</Unicode>
                </TextEquiv>
            </TextLine>
            <TextLine id="r3l70" custom="readingOrder {index:31;}">
                <Coords points="232,1322 926,1327 983,1320 983,1293 231,1293"/>
                <Baseline points="236,1316 273,1314 310,1314 347,1314 384,1314 421,1314 458,1314 495,1313 532,1313 569,1313 607,1313 644,1312 681,1311 718,1311 755,1311 792,1311 829,1311 866,1310 903,1310 940,1310 978,1310"/>
                <TextEquiv>
                    <Unicode>RESPONDEO. Primo homonymia est in nomine complexo¬</Unicode>
                </TextEquiv>
            </TextLine>
            <TextLine id="r3l73" custom="readingOrder {index:32;}">
                <Coords points="198,1355 982,1348 953,1314 198,1321"/>
                <Baseline points="203,1346 241,1346 280,1346 319,1346 357,1347 396,1347 435,1347 473,1347 512,1347 551,1346 590,1346 628,1346 667,1346 706,1345 744,1344 783,1344 822,1343 860,1343 899,1343 938,1341 977,1340"/>
                <TextEquiv>
                    <Unicode>charitatis Dei. Nam Paulus Rom. 5. v. 5. per eam intelligit sensum</Unicode>
                </TextEquiv>
            </TextLine>
            <TextLine id="r3l75" custom="readingOrder {index:33;}">
                <Coords points="198,1387 979,1387 979,1352 198,1357"/>
                <Baseline points="203,1379 241,1379 280,1380 318,1380 357,1380 395,1380 434,1380 472,1379 511,1379 549,1379 588,1379 627,1377 665,1377 704,1377 742,1376 781,1376 819,1376 858,1376 896,1376 935,1376 974,1376"/>
                <TextEquiv>
                    <Unicode>charitatis qua Deus nos diligit, quem sensum docet esse diffusum i1</Unicode>
                </TextEquiv>
            </TextLine>
            <TextLine id="r3l77" custom="readingOrder {index:34;}">
                <Coords points="193,1425 825,1434 986,1419 986,1389 193,1392"/>
                <Baseline points="198,1412 237,1412 276,1412 315,1412 354,1412 393,1412 432,1412 472,1412 511,1412 550,1412 589,1412 628,1412 667,1412 706,1410 746,1410 785,1410 824,1410 863,1410 902,1410 941,1410 981,1410"/>
                <TextEquiv>
                    <Unicode>corda nostra: at Bellarminus intelligit charitatem, quam nos Deum</Unicode>
                </TextEquiv>
            </TextLine>
            <TextLine id="r3l79" custom="readingOrder {index:35;}">
                <Coords points="191,1452 204,1455 213,1452 226,1459 232,1454 238,1460 253,1459 267,1451 284,1452 288,1457 294,1452 313,1454 313,1429 300,1430 293,1424 269,1425 261,1420 242,1423 235,1418 231,1422 227,1419 216,1422 210,1418 192,1428"/>
                <Baseline points="197,1443 224,1446 252,1446 280,1445 308,1446"/>
                <TextEquiv>
                    <Unicode>diligimus.</Unicode>
                </TextEquiv>
            </TextLine>
            <TextLine id="r3l80" custom="readingOrder {index:36;}">
                <Coords points="234,1487 946,1489 982,1477 982,1445 234,1460"/>
                <Baseline points="239,1475 275,1476 312,1476 349,1476 386,1476 423,1476 460,1476 497,1476 534,1476 571,1475 608,1475 644,1475 681,1475 718,1475 755,1473 792,1473 829,1472 866,1472 903,1470 940,1469 977,1469"/>
                <TextEquiv>
                    <Unicode>Charitatem Dei qua nos Deum diligimus, hoc Pauli loco intelligen¬</Unicode>
                </TextEquiv>
            </TextLine>
            <TextLine id="r3l83" custom="readingOrder {index:37;}">
                <Coords points="202,1523 986,1512 967,1477 202,1477"/>
                <Baseline points="207,1508 245,1508 284,1508 323,1508 361,1509 400,1509 439,1509 477,1509 516,1508 555,1508 594,1508 632,1508 671,1508 710,1506 748,1506 787,1506 826,1505 864,1505 903,1505 942,1503 981,1503"/>
                <TextEquiv>
                    <Unicode>dam probat autoritate Augustini, quem nobis anteponi, velimus, noli¬</Unicode>
                </TextEquiv>
            </TextLine>
            <TextLine id="r3l84" custom="readingOrder {index:38;}">
                <Coords points="199,1554 614,1562 686,1539 992,1545 992,1520 199,1524"/>
                <Baseline points="204,1542 243,1542 282,1542 321,1542 360,1542 399,1542 438,1542 478,1542 517,1541 556,1541 595,1541 634,1541 673,1539 712,1539 752,1539 791,1538 830,1538 869,1538 908,1536 947,1536 987,1536"/>
                <TextEquiv>
                    <Unicode>mus, pati debeamus. Eum autem disertis verbis concrarium docere</Unicode>
                </TextEquiv>
            </TextLine>
            <TextLine id="r3l87" custom="readingOrder {index:39;}">
                <Coords points="193,1586 978,1577 985,1546 193,1555"/>
                <Baseline points="198,1572 237,1572 276,1574 315,1574 354,1574 393,1574 432,1574 471,1574 510,1574 549,1574 589,1573 628,1572 667,1572 706,1572 745,1572 784,1571 823,1571 862,1569 901,1569 940,1568 980,1568"/>
                <TextEquiv>
                    <Unicode>tomo 3. libro de Spiritu &amp; gratia cap. 32. ubi dicit: Charitas Dei dicta</Unicode>
                </TextEquiv>
            </TextLine>
            <TextLine id="r3l89" custom="readingOrder {index:40;}">
                <Coords points="198,1618 980,1617 979,1580 943,1576 197,1588"/>
                <Baseline points="203,1607 241,1607 280,1607 318,1607 357,1607 395,1607 434,1607 472,1607 511,1607 549,1607 588,1607 627,1607 665,1607 704,1607 742,1607 781,1605 819,1605 858,1604 896,1604 935,1602 974,1601"/>
                <TextEquiv>
                    <Unicode>est diffundi in cordibus nostris, non qua nos ipse diligit, sed qua nos faci.</Unicode>
                </TextEquiv>
            </TextLine>
            <TextLine id="r3l91" custom="readingOrder {index:41;}">
                <Coords points="195,1651 229,1651 247,1645 311,1656 317,1650 342,1650 343,1619 321,1615 304,1621 275,1619 267,1623 246,1615 238,1622 229,1612 196,1620"/>
                <Baseline points="200,1638 227,1637 255,1638 282,1639 310,1640 338,1641"/>
                <TextEquiv>
                    <Unicode>dilectores suo.</Unicode>
                </TextEquiv>
            </TextLine>
            <TextLine id="r3l93" custom="readingOrder {index:42;}">
                <Coords points="235,1684 944,1678 985,1674 985,1642 234,1647"/>
                <Baseline points="240,1673 277,1673 314,1673 351,1673 388,1674 425,1674 462,1674 499,1674 536,1673 573,1673 610,1673 647,1673 684,1671 721,1671 758,1670 795,1670 832,1668 869,1667 906,1667 943,1665 980,1664"/>
                <TextEquiv>
                    <Unicode>RESPONDEO. Nos vero libentissime patimur Augustinum no¬</Unicode>
                </TextEquiv>
            </TextLine>
            <TextLine id="r3l95" custom="readingOrder {index:43;}">
                <Coords points="204,1711 986,1705 986,1678 917,1673 204,1677"/>
                <Baseline points="209,1704 247,1704 286,1704 324,1706 363,1706 402,1706 440,1706 479,1706 517,1706 556,1706 595,1706 633,1706 672,1704 710,1704 749,1704 788,1703 826,1703 865,1702 903,1701 942,1700 981,1698"/>
                <TextEquiv>
                    <Unicode>bis anteponi, ut quem nobis longe praestantiorem &amp; doctiorem</Unicode>
                </TextEquiv>
            </TextLine>
            <TextLine id="r3l97" custom="readingOrder {index:44;}">
                <Coords points="192,1743 839,1750 973,1737 973,1710 192,1718"/>
                <Baseline points="197,1737 235,1737 274,1737 312,1737 351,1737 389,1737 428,1737 466,1737 505,1737 543,1737 582,1737 621,1737 659,1737 698,1737 736,1737 775,1736 813,1736 852,1734 890,1733 929,1732 968,1730"/>
                <TextEquiv>
                    <Unicode>fuisse facilime concedimus: Sed Bellarminus vicissim patiatur Au¬</Unicode>
                </TextEquiv>
            </TextLine>
            <TextLine id="r3l99" custom="readingOrder {index:45;}">
                <Coords points="189,1782 851,1782 979,1771 979,1740 189,1754"/>
                <Baseline points="194,1772 233,1772 272,1770 311,1770 350,1770 389,1770 428,1770 467,1770 506,1770 545,1772 584,1772 623,1772 662,1772 701,1772 740,1770 779,1770 818,1769 857,1769 896,1767 935,1765 974,1763"/>
                <TextEquiv>
                    <Unicode>gustino veritatem ex Scriptura divina anteponi. volente ipsomet Au¬</Unicode>
                </TextEquiv>
            </TextLine>
            <TextLine id="r3l101" custom="readingOrder {index:46;}">
                <Coords points="193,1817 813,1815 966,1805 973,1777 192,1788"/>
                <Baseline points="197,1803 235,1803 274,1803 312,1803 351,1803 389,1803 428,1803 466,1805 505,1805 543,1805 582,1805 621,1804 659,1803 698,1803 736,1803 775,1802 813,1802 852,1800 890,1798 929,1797 968,1794"/>
                <TextEquiv>
                    <Unicode>gustino, qui ait in Prologo libri; de Trinitate, quod jus Canonicum</Unicode>
                </TextEquiv>
            </TextLine>
            <TextLine id="r3l103" custom="readingOrder {index:47;}">
                <Coords points="189,1840 857,1847 1000,1841 1000,1810 189,1821"/>
                <Baseline points="194,1833 234,1834 274,1835 314,1835 354,1835 394,1835 434,1835 474,1835 514,1835 554,1835 594,1835 634,1835 674,1835 714,1834 754,1833 794,1833 834,1832 874,1832 914,1830 954,1829 995,1827"/>
                <TextEquiv>
                    <Unicode>approbat c. Noli meis; Distinct. nona: Noli meis literis, quasi Cano¬</Unicode>
                </TextEquiv>
            </TextLine>
            <TextLine id="r3l104" custom="readingOrder {index:48;}">
                <Coords points="190,1876 941,1874 986,1866 986,1842 190,1847"/>
                <Baseline points="195,1863 234,1865 273,1865 312,1866 352,1867 391,1868 430,1868 470,1868 509,1868 548,1868 588,1868 627,1868 666,1866 705,1866 745,1866 784,1865 823,1865 863,1863 902,1862 941,1862 981,1860"/>
                <TextEquiv>
                    <Unicode>nicis Scripturis inservire. Sed in illis, &amp; quod non credebas, cum inve¬</Unicode>
                </TextEquiv>
            </TextLine>
            <TextLine id="r3l107" custom="readingOrder {index:49;}">
                <Coords points="192,1905 974,1909 989,1868 192,1877"/>
                <Baseline points="197,1896 236,1897 275,1898 315,1899 354,1899 393,1899 433,1899 472,1899 511,1899 551,1899 590,1899 629,1899 669,1898 708,1898 747,1896 787,1896 826,1896 865,1895 905,1895 944,1893 984,1893"/>
                <TextEquiv>
                    <Unicode>neris, incunctanter crede: in istis autem quod certum non habebas, nisit</Unicode>
                </TextEquiv>
            </TextLine>
            <TextLine id="r3l108" custom="readingOrder {index:50;}">
                <Coords points="195,1938 973,1938 973,1909 195,1912"/>
                <Baseline points="200,1928 238,1928 276,1929 315,1929 353,1930 392,1931 430,1931 468,1931 507,1931 545,1931 584,1931 622,1931 660,1931 699,1931 737,1931 776,1929 814,1929 852,1928 891,1928 929,1926 968,1925"/>
                <TextEquiv>
                    <Unicode>certum intellexeris, noli firmum tenere. Caeterum per charitatem Dei,</Unicode>
                </TextEquiv>
            </TextLine>
            <TextLine id="r3l111" custom="readingOrder {index:51;}">
                <Coords points="195,1969 979,1970 979,1941 860,1933 195,1937"/>
                <Baseline points="200,1964 238,1964 277,1964 316,1964 354,1964 393,1964 432,1964 470,1964 509,1964 548,1964 587,1964 625,1964 664,1964 703,1964 741,1964 780,1963 819,1962 857,1961 896,1961 935,1959 974,1958"/>
                <TextEquiv>
                    <Unicode>hoc loco intelligendum esse sensum dilectionis qua nos Deus com¬</Unicode>
                </TextEquiv>
            </TextLine>
            <TextLine id="r3l113" custom="readingOrder {index:52;}">
                <Coords points="204,2001 986,2002 985,1973 889,1964 203,1974"/>
                <Baseline points="209,1995 247,1995 286,1995 324,1997 363,1997 401,1997 440,1997 478,1997 517,1998 555,1998 594,1997 633,1997 671,1997 710,1997 748,1995 787,1995 825,1994 864,1992 902,1992 941,1990 980,1988"/>
                <TextEquiv>
                    <Unicode>plectitur, ostendit argumenti series. Paulus enim quum dixisset, Spem¬</Unicode>
                </TextEquiv>
            </TextLine>
            <TextLine id="r3l115" custom="readingOrder {index:53;}">
                <Coords points="208,2033 958,2035 982,2003 207,2007"/>
                <Baseline points="212,2025 250,2027 288,2028 326,2030 365,2030 403,2031 441,2031 479,2031 518,2031 556,2031 594,2030 632,2030 671,2028 709,2028 747,2027 785,2027 824,2025 862,2025 900,2025 938,2024 977,2024"/>
                <TextEquiv>
                    <Unicode>non pudefacere, hoc est, exspectationem liberationis divinae nos non</Unicode>
                </TextEquiv>
            </TextLine>
            <TextLine id="r3l116" custom="readingOrder {index:54;}">
                <Coords points="196,2071 977,2069 986,2035 196,2037"/>
                <Baseline points="201,2061 240,2061 279,2060 318,2060 357,2060 396,2060 435,2061 474,2061 513,2061 552,2061 591,2061 630,2061 669,2061 708,2061 747,2060 786,2060 825,2060 864,2058 903,2057 942,2057 981,2055"/>
                <TextEquiv>
                    <Unicode>frustraturam: confirmat id hoc argumento, quia charitas Dei effusa¬</Unicode>
                </TextEquiv>
            </TextLine>
            <TextLine id="r3l119" custom="readingOrder {index:55;}">
                <Coords points="199,2100 983,2103 968,2063 198,2072"/>
                <Baseline points="204,2094 242,2094 281,2093 319,2093 358,2093 397,2094 435,2094 474,2094 513,2094 551,2094 590,2094 629,2093 667,2093 706,2093 745,2093 783,2092 822,2091 861,2091 899,2090 938,2088 977,2087"/>
                <TextEquiv>
                    <Unicode>est in cordibus nostris per Spiritum S. qui datus est nobis. Nulla</Unicode>
                </TextEquiv>
            </TextLine>
            <TextLine id="r3l121" custom="readingOrder {index:56;}">
                <Coords points="198,2138 910,2135 976,2130 976,2101 198,2105"/>
                <Baseline points="203,2126 241,2126 279,2127 318,2127 356,2127 395,2127 433,2127 471,2127 510,2127 548,2127 587,2126 625,2126 663,2126 702,2126 740,2124 779,2124 817,2123 855,2122 894,2121 932,2120 971,2118"/>
                <TextEquiv>
                    <Unicode>aute esset confirmatio, si haec verba de charitate, qua nos Deum dili¬</Unicode>
                </TextEquiv>
            </TextLine>
            <TextLine id="r3l123" custom="readingOrder {index:57;}">
                <Coords points="207,2172 950,2165 973,2130 207,2133"/>
                <Baseline points="212,2159 249,2159 287,2157 325,2157 363,2157 401,2157 438,2157 476,2157 514,2157 552,2157 590,2157 627,2157 665,2157 703,2156 741,2156 779,2156 816,2156 854,2154 892,2154 930,2153 968,2153"/>
                <TextEquiv>
                    <Unicode>gimus, intelligerentur. Nam firmitatis &amp; constantiae spei nostrae fun¬</Unicode>
                </TextEquiv>
            </TextLine>
            <TextLine id="r3l126" custom="readingOrder {index:58;}">
                <Coords points="204,2199 945,2202 976,2193 976,2164 204,2171"/>
                <Baseline points="209,2189 247,2190 285,2190 323,2190 361,2190 399,2190 437,2190 475,2190 513,2190 551,2190 590,2190 628,2190 666,2190 704,2190 742,2190 780,2189 818,2189 856,2189 894,2187 932,2187 971,2186"/>
                <TextEquiv>
                    <Unicode>damentum nequaquam potest esse nostra erga Deum charitas, quae</Unicode>
                </TextEquiv>
            </TextLine>
            <TextLine id="r3l128" custom="readingOrder {index:59;}">
                <Coords points="199,2241 949,2229 967,2200 198,2202"/>
                <Baseline points="203,2223 242,2223 282,2223 322,2223 362,2223 402,2223 442,2223 482,2223 522,2223 562,2223 602,2223 642,2223 682,2223 722,2222 762,2222 802,2221 842,2220 882,2219 922,2217 962,2216"/>
                <TextEquiv>
                    <Unicode>ipsa fundamento eget. Intelligenda sunt igitur de charitatis Dei ex¬</Unicode>
                </TextEquiv>
            </TextLine>
            <TextLine id="r3l130" custom="readingOrder {index:60;}">
                <Coords points="204,2267 944,2267 973,2258 973,2228 204,2240"/>
                <Baseline points="209,2256 248,2256 288,2256 328,2256 368,2256 408,2256 448,2256 488,2256 528,2256 568,2256 608,2255 648,2255 688,2255 728,2255 768,2253 808,2253 848,2252 888,2251 928,2250 968,2249"/>
                <TextEquiv>
                    <Unicode>ga nos sensu vivido &amp; efficaci, sic, ut sit mens Apostoli; Spes non pu¬</Unicode>
                </TextEquiv>
            </TextLine>
            <TextLine id="r3l132" custom="readingOrder {index:61;}">
                <Coords points="192,2299 853,2300 965,2291 965,2266 192,2274"/>
                <Baseline points="197,2288 235,2288 273,2288 311,2288 349,2288 387,2289 425,2289 464,2289 502,2289 540,2289 578,2289 616,2288 654,2288 692,2288 731,2288 769,2288 807,2286 845,2286 883,2285 921,2285 960,2283"/>
                <TextEquiv>
                    <Unicode>defacit: quia utcunque afflictionibus premamur, ac jam jam conte</Unicode>
                </TextEquiv>
            </TextLine>
            <TextLine id="r3l134" custom="readingOrder {index:62;}">
                <Coords points="198,2332 911,2334 967,2324 967,2295 198,2300"/>
                <Baseline points="203,2321 242,2321 282,2321 322,2321 362,2321 402,2321 442,2321 482,2321 522,2321 562,2321 602,2321 642,2321 682,2321 722,2321 762,2319 802,2319 842,2318 882,2317 922,2316 962,2315"/>
                <TextEquiv>
                    <Unicode>rendi videamur, tamen Dei erga nos sentimus, percipimus, atque ex</Unicode>
                </TextEquiv>
            </TextLine>
            <TextLine id="r3l136" custom="readingOrder {index:63;}">
                <Coords points="210,2365 847,2366 973,2354 973,2330 210,2335"/>
                <Baseline points="215,2354 252,2354 290,2354 327,2354 365,2355 403,2355 440,2354 478,2354 516,2354 553,2354 591,2354 629,2352 666,2352 704,2352 742,2351 779,2351 817,2351 855,2349 892,2349 930,2348 968,2348"/>
                <TextEquiv>
                    <Unicode>perimur charitatem, quae per eximiam Spir tus Sancti operat, onem</Unicode>
                </TextEquiv>
            </TextLine>
            <TextLine id="r3l138" custom="readingOrder {index:64;}">
                <Coords points="189,2401 870,2398 974,2390 974,2358 189,2372"/>
                <Baseline points="194,2385 232,2385 271,2385 310,2385 349,2385 387,2385 426,2385 465,2385 504,2385 542,2385 581,2385 620,2385 659,2385 697,2385 736,2384 775,2384 814,2384 852,2382 891,2382 930,2381 969,2379"/>
                <TextEquiv>
                    <Unicode>sensui animae quam uberrime est impressa: siquidem in ipsis etiam</Unicode>
                </TextEquiv>
            </TextLine>
            <TextLine id="r3l140" custom="readingOrder {index:65;}">
                <Coords points="192,2431 962,2422 974,2390 192,2400"/>
                <Baseline points="197,2417 235,2417 274,2418 312,2418 351,2418 390,2418 428,2418 467,2418 505,2418 544,2418 583,2418 621,2418 660,2418 698,2417 737,2417 776,2417 814,2415 853,2415 891,2414 930,2414 969,2412"/>
                <TextEquiv>
                    <Unicode>afflictionibus abunde perfunduntur corda nostra sensu amoris Dei</Unicode>
                </TextEquiv>
            </TextLine>
            <TextLine id="r3l142" custom="readingOrder {index:66;}">
                <Coords points="198,2458 725,2466 964,2452 964,2420 198,2433"/>
                <Baseline points="203,2450 240,2450 278,2450 316,2450 354,2451 392,2451 429,2451 467,2451 505,2451 543,2451 581,2451 618,2451 656,2450 694,2450 732,2450 770,2448 807,2448 845,2447 883,2446 921,2445 959,2444"/>
                <TextEquiv>
                    <Unicode>erga nos, adeo ut persuasi simus, nos cum affligimur, non haberi odi¬</Unicode>
                </TextEquiv>
            </TextLine>
            <TextLine id="line_1613142878413_551" custom="readingOrder {index:67;}">
                <Coords points="193,2492 998,2498 1005,2449 193,2460"/>
                <Baseline points="198,2484 238,2484 278,2484 318,2484 358,2484 398,2484 438,2484 479,2484 519,2483 559,2483 599,2483 639,2483 679,2481 719,2481 760,2480 800,2480 840,2480 880,2480 920,2478 960,2478 1000,2478"/>
                <TextEquiv>
                    <Unicode>a Deo, sed amari. Veritatem hujus doctrinae experiuntur in -imis</Unicode>
                </TextEquiv>
            </TextLine>
            <TextLine id="r3l146" custom="readingOrder {index:68;}">
                <Coords points="204,2524 938,2522 961,2492 204,2495"/>
                <Baseline points="209,2516 246,2516 283,2516 321,2517 358,2517 395,2517 433,2517 470,2517 507,2517 545,2517 582,2516 619,2516 657,2516 694,2516 731,2516 769,2514 806,2514 843,2513 881,2513 918,2511 956,2510"/>
                <TextEquiv>
                    <Unicode>Martyres. Ne quis vero adhuc dubitare possit, verba haec de charita</Unicode>
                </TextEquiv>
            </TextLine>
            <TextLine id="r3l148" custom="readingOrder {index:69;}">
                <Coords points="190,2557 965,2553 964,2519 190,2532"/>
                <Baseline points="195,2549 233,2549 271,2549 309,2549 348,2549 386,2550 424,2550 462,2550 501,2549 539,2549 577,2549 615,2549 654,2547 692,2547 730,2547 768,2546 807,2546 845,2544 883,2544 921,2543 960,2543"/>
                <TextEquiv>
                    <Unicode>tis Dei erga nos sensu vivido esse intelligenda: demonstrat id rati¬</Unicode>
                </TextEquiv>
            </TextLine>
            <TextLine id="r3l150" custom="readingOrder {index:70;}">
                <Coords points="205,2591 924,2591 967,2583 967,2556 205,2562"/>
                <Baseline points="210,2582 247,2582 285,2582 322,2582 360,2582 398,2582 435,2582 473,2582 510,2581 548,2580 586,2580 623,2579 661,2579 698,2579 736,2577 774,2577 811,2576 849,2576 886,2576 924,2575 962,2574"/>
                <TextEquiv>
                    <Unicode>addita: Christus enim cum nullis adhuc viribus essemus, suo tempore.</Unicode>
                </TextEquiv>
            </TextLine>
            <TextLine id="r3l152" custom="readingOrder {index:71;}">
                <Coords points="195,2631 964,2619 976,2588 195,2596"/>
                <Baseline points="200,2613 238,2613 277,2613 315,2613 354,2613 392,2613 431,2613 469,2613 508,2613 546,2613 585,2613 624,2613 662,2613 701,2613 739,2612 778,2612 816,2610 855,2610 893,2609 932,2608 971,2606"/>
                <TextEquiv>
                    <Unicode>pro impiis mortuus est. Ita charitatem Dei erga nos ostendit ex effe¬</Unicode>
                </TextEquiv>
            </TextLine>
            <TextLine id="r3l154" custom="readingOrder {index:72;}">
                <Coords points="196,2660 959,2652 986,2650 986,2622 195,2631"/>
                <Baseline points="200,2646 239,2646 278,2646 317,2646 356,2646 395,2646 434,2647 473,2648 512,2648 551,2648 590,2646 629,2646 668,2646 707,2646 746,2646 785,2645 824,2645 863,2643 902,2642 941,2641 981,2640"/>
                <TextEquiv>
                    <Unicode>cto ejus. Nam quod Christus pro nobis mortuus est, est effectum</Unicode>
                </TextEquiv>
            </TextLine>
            <TextLine id="r3l156" custom="readingOrder {index:73;}">
                <Coords points="198,2687 895,2691 979,2684 979,2651 198,2658"/>
                <Baseline points="203,2678 241,2678 280,2679 318,2679 357,2681 395,2681 434,2681 472,2681 511,2681 549,2681 588,2681 627,2679 665,2679 704,2678 742,2678 781,2676 819,2676 858,2675 896,2673 935,2672 974,2672"/>
                <TextEquiv>
                    <Unicode>charitatis Dei erga nos, non autem nostrae erga Deum. Quod evi¬</Unicode>
                </TextEquiv>
            </TextLine>
            <TextLine id="r3l158" custom="readingOrder {index:74;}">
                <Coords points="199,2721 983,2720 983,2690 915,2683 199,2690"/>
                <Baseline points="204,2709 242,2711 281,2711 320,2712 358,2712 397,2712 436,2712 474,2712 513,2712 552,2712 591,2711 629,2711 668,2709 707,2709 745,2708 784,2708 823,2706 861,2706 900,2705 939,2705 978,2705"/>
                <TextEquiv>
                    <Unicode>dentius perspicitur ex vers 8. Commendat suam erga nos charitatem</Unicode>
                </TextEquiv>
            </TextLine>
            <TextLine id="r3l160" custom="readingOrder {index:75;}">
                <Coords points="198,2749 982,2748 982,2723 901,2711 198,2721"/>
                <Baseline points="203,2741 241,2742 280,2742 319,2744 357,2744 396,2744 435,2744 473,2744 512,2744 551,2744 590,2744 628,2744 667,2742 706,2742 744,2741 783,2741 822,2741 860,2739 899,2738 938,2738 977,2736"/>
                <TextEquiv>
                    <Unicode>Deus, eo quod, quum adhuc essemus peccatores, Christus pro nobis mor¬</Unicode>
                </TextEquiv>
            </TextLine>
            <TextLine id="r3l162" custom="readingOrder {index:76;}">
                <Coords points="201,2781 942,2786 982,2779 982,2753 200,2754"/>
                <Baseline points="206,2772 244,2774 283,2776 321,2778 360,2778 398,2778 437,2778 475,2778 514,2778 552,2778 591,2777 630,2777 668,2775 707,2774 745,2774 784,2772 822,2772 861,2772 899,2772 938,2772 977,2772"/>
                <TextEquiv>
                    <Unicode>tuus sit. Deinde suffragatur nobis Glossa ordinaria marginalis, quae</Unicode>
                </TextEquiv>
            </TextLine>
            <TextLine id="r3l164" custom="readingOrder {index:77;}">
                <Coords points="195,2817 989,2807 972,2779 475,2799 195,2779"/>
                <Baseline points="200,2804 239,2805 278,2807 317,2808 356,2810 396,2810 435,2810 474,2811 513,2810 552,2810 592,2810 631,2810 670,2808 709,2808 748,2807 788,2807 827,2805 866,2804 905,2804 944,2802 984,2802"/>
                <TextEquiv>
                    <Unicode>haec verba, charitas Dei diffusa est, &amp;c. sic enarrat: Deus late nos dili¬</Unicode>
                </TextEquiv>
            </TextLine>
            <TextLine id="r3l166" custom="readingOrder {index:78;}">
                <Coords points="201,2851 970,2851 982,2808 201,2821"/>
                <Baseline points="206,2837 244,2838 283,2839 321,2840 360,2840 398,2841 437,2841 475,2841 514,2841 552,2841 591,2841 630,2841 668,2841 707,2840 745,2840 784,2840 822,2838 861,2838 899,2838 938,2837 977,2837"/>
                <TextEquiv>
                    <Unicode>git; &amp; hoc habemus in cordibus nostris per Spiritum qui facit nos intel¬</Unicode>
                </TextEquiv>
            </TextLine>
            <TextLine id="r3l168" custom="readingOrder {index:79;}">
                <Coords points="201,2884 954,2885 985,2883 985,2846 201,2850"/>
                <Baseline points="206,2868 244,2870 283,2871 322,2873 360,2873 399,2874 438,2874 476,2875 515,2876 554,2876 593,2876 631,2874 670,2874 709,2874 747,2873 786,2873 825,2873 863,2871 902,2871 941,2870 980,2870"/>
                <TextEquiv>
                    <Unicode>ligere charitatem Dei erga nos. Consentit etiam Thomas Aquinas, qui </Unicode>
                </TextEquiv>
            </TextLine>
            <TextLine id="r3l170" custom="readingOrder {index:80;}">
                <Coords points="202,2913 953,2914 976,2884 201,2884"/>
                <Baseline points="206,2901 244,2903 282,2904 320,2906 359,2906 397,2907 435,2907 473,2907 512,2907 550,2907 588,2907 626,2907 665,2907 703,2907 741,2906 779,2905 818,2904 856,2903 894,2901 932,2901 971,2900"/>
                <TextEquiv>
                    <Unicode>verba sic explanat: Secundo ibi, quia charitas Dei, &amp;c. ponit Paulus</Unicode>
                </TextEquiv>
            </TextLine>
            <TextLine id="r3l172" custom="readingOrder {index:81;}">
                <Coords points="199,2944 945,2951 986,2938 986,2908 199,2916"/>
                <Baseline points="204,2931 242,2933 281,2934 320,2936 359,2936 398,2937 437,2938 475,2939 514,2939 553,2939 592,2939 631,2939 670,2939 709,2939 747,2937 786,2937 825,2936 864,2936 903,2934 942,2933 981,2933"/>
                <TextEquiv>
                    <Unicode>certitudinis spei duplex argumentum, quorum primum est ex dono Spi¬</Unicode>
                </TextEquiv>
            </TextLine>
            <TextLine id="r3l174" custom="readingOrder {index:82;}">
                <Coords points="202,2975 983,2975 983,2947 888,2940 654,2961 202,2945"/>
                <Baseline points="207,2966 245,2966 284,2967 322,2969 361,2969 399,2970 438,2970 476,2972 515,2972 553,2972 592,2972 631,2972 669,2972 708,2972 746,2970 785,2970 823,2970 862,2969 900,2969 939,2967 978,2966"/>
                <TextEquiv>
                    <Unicode>ritus Sancti, secundum ex morte Christi, &amp;c. Dicit ergo primo, ex hoc </Unicode>
                </TextEquiv>
            </TextLine>
            <TextLine id="r3l176" custom="readingOrder {index:83;}">
                <Coords points="198,3016 874,3018 976,3009 976,2975 198,2979"/>
                <Baseline points="203,3002 241,3002 279,3002 318,3002 356,3002 395,3003 433,3003 471,3003 510,3003 548,3003 587,3003 625,3003 663,3003 702,3003 740,3003 779,3003 817,3003 855,3002 894,3002 932,3000 971,2999"/>
                <TextEquiv>
                    <Unicode>possumus scire, quod spes non confundit, quia charitas Dei diffusa est i1</Unicode>
                </TextEquiv>
            </TextLine>
            <TextLine id="r3l177" custom="readingOrder {index:84;}">
                <Coords points="204,3040 979,3039 979,3016 905,3009 204,3016"/>
                <Baseline points="209,3030 247,3032 285,3032 323,3033 362,3034 400,3035 438,3035 476,3036 515,3036 553,3036 591,3036 629,3036 668,3036 706,3036 744,3036 782,3035 821,3035 859,3033 897,3033 935,3032 974,3030"/>
                <TextEquiv>
                    <Unicode>cordibus nostris per Spiritum Sanctum qui datus est nobis. Charitas</Unicode>
                </TextEquiv>
            </TextLine>
            <TextLine id="r3l180" custom="readingOrder {index:85;}">
                <Coords points="207,3073 976,3075 976,3042 949,3038 207,3041"/>
                <Baseline points="212,3065 251,3065 291,3066 331,3066 371,3068 411,3068 451,3068 491,3068 531,3069 571,3069 611,3069 651,3069 691,3068 731,3068 771,3068 811,3068 851,3066 891,3066 931,3065 971,3065"/>
                <TextEquiv>
                    <Unicode>Dei autem dupliciter accipi potest, uno modo pro charitate qua diligi.</Unicode>
                </TextEquiv>
            </TextLine>
            <TextLine id="r3l182" custom="readingOrder {index:86;}">
                <Coords points="192,3106 873,3114 980,3107 980,3078 192,3080"/>
                <Baseline points="197,3096 235,3097 274,3098 313,3099 352,3101 391,3101 430,3101 469,3102 508,3102 547,3102 586,3102 624,3102 663,3102 702,3101 741,3101 780,3101 819,3099 858,3099 897,3099 936,3098 975,3098"/>
                <TextEquiv>
                    <Unicode>nos Deus, Ierem. 31. Charitate perpetua dilexi te. Alio modo potest dici</Unicode>
                </TextEquiv>
            </TextLine>
            <TextLine id="line_1613142878416_553" custom="readingOrder {index:87;}">
                <Coords points="199,3143 1005,3148 1005,3117 935,3105 199,3111"/>
                <Baseline points="204,3129 244,3132 284,3132 324,3134 364,3134 404,3135 444,3135 484,3135 524,3135 564,3135 604,3134 644,3134 684,3134 724,3134 764,3132 804,3132 844,3132 884,3132 924,3132 964,3133 1000,3133"/>
                <TextEquiv>
                    <Unicode>charitas Dei, qua nos Deum diligimus, infra. 8. Certus sum, quod neque</Unicode>
                </TextEquiv>
            </TextLine>
            <TextLine id="r3l185" custom="readingOrder {index:88;}">
                <Coords points="205,3179 983,3180 983,3146 941,3137 205,3146"/>
                <Baseline points="210,3164 248,3165 286,3165 325,3165 363,3167 402,3167 440,3167 478,3168 517,3168 555,3168 594,3168 632,3168 670,3168 709,3168 747,3168 786,3167 824,3167 862,3167 901,3165 939,3165 978,3164"/>
                <TextEquiv>
                    <Unicode>mors, neque vita separabit nos a charitate Dei. Un hoc fallit Aquinas:</Unicode>
                </TextEquiv>
            </TextLine>
            <TextEquiv>
                <Unicode>sed ipsimet fideles a Paulo lux dicuntur. Habemus consentientem.
adversus Bellarminum Thomam Aquinatem, qui in explanatione
horum verborum Pauli ita scribit: Nunc autem estis lux. q. d. nunc
autem habetis lucem fidei, Ph. lipp. 2. inter quos lucetis sicut luminario
in Mundo. Matth. 5. vos estis lux mundi. Sed contra dicitur de Iohan¬
ne Baptista, Non erat ille lux: quomodo ergo fideles alii lux dicuntur.
Respondeo: non dicuntur lux per essentiam, sed per participationem.
Hactenus Aquinas. Locum 2. Corinth. 6. v. 14. Quae est commu¬
nio luci cum tenebris? perperam etiam adducit E llarminus. Nam
Paulus admonens fideles ne socios se adiungant infidelibus in ex¬
terna idololatria, admonitionem suam confirmat a pari: quia alias
perinde facerent, ac si justitiam cum injustitia, lucem cum tenebri¬
confundere vellent. Haec eadem verba aliter etiam declarat Tho¬
mas Aquinas, quam Bellarminus. Ait enim: fideles sunt illumina
lumine fidei, infideles sunt in tenebris errorum: Sic. Nicolaus de Lyra¬
ait, lucem hic significare veritatem fidei, quae lucet in mentibus fide¬
lium. Glossa etiam ordinaria interlinearis ait ipsos fideles esse lucem.
Denique 1. Johan. 2. vers. 9. in luce esse significat illustratum esse cogi
nitione Evangelii. Sic interpretatur Glossa Ordinaria interlinearis:
er lucem intelligens lucem Christianae fidei vel bonae operationis:
Similiter glossa ordinaria marginalis ad vers 10. lucem interpreta¬
tur de lumine scientiae &amp; operationis. Et Nicolaus Lyranus, in luc 
esse explicat, in veritate Evangelica vivere. Unde apparet, Bellarmi¬
num imperite lucis nomine gratiam, quam justificamur, intelligere
nec tantum nos, sed etiam socios suos adversarios habere.
Hactenus de tertia probatione assumtionis quinti¬
argumenti.
Quarto, assumtionem eandem sic probat:
Charitas Dei diffusa in cordibus nostris, est res in nobis inhaerens
Gratia per quam justificamur, est illa charitas diffusa in cordibus no¬
tris: Ergo, &amp;c.
RESPONDEO. Primo homonymia est in nomine complexo¬
charitatis Dei. Nam Paulus Rom. 5. v. 5. per eam intelligit sensum
charitatis qua Deus nos diligit, quem sensum docet esse diffusum i1
corda nostra: at Bellarminus intelligit charitatem, quam nos Deum
diligimus.
Charitatem Dei qua nos Deum diligimus, hoc Pauli loco intelligen¬
dam probat autoritate Augustini, quem nobis anteponi, velimus, noli¬
mus, pati debeamus. Eum autem disertis verbis concrarium docere
tomo 3. libro de Spiritu &amp; gratia cap. 32. ubi dicit: Charitas Dei dicta
est diffundi in cordibus nostris, non qua nos ipse diligit, sed qua nos faci.
dilectores suo.
RESPONDEO. Nos vero libentissime patimur Augustinum no¬
bis anteponi, ut quem nobis longe praestantiorem &amp; doctiorem
fuisse facilime concedimus: Sed Bellarminus vicissim patiatur Au¬
gustino veritatem ex Scriptura divina anteponi. volente ipsomet Au¬
gustino, qui ait in Prologo libri; de Trinitate, quod jus Canonicum
approbat c. Noli meis; Distinct. nona: Noli meis literis, quasi Cano¬
nicis Scripturis inservire. Sed in illis, &amp; quod non credebas, cum inve¬
neris, incunctanter crede: in istis autem quod certum non habebas, nisit
certum intellexeris, noli firmum tenere. Caeterum per charitatem Dei,
hoc loco intelligendum esse sensum dilectionis qua nos Deus com¬
plectitur, ostendit argumenti series. Paulus enim quum dixisset, Spem¬
non pudefacere, hoc est, exspectationem liberationis divinae nos non
frustraturam: confirmat id hoc argumento, quia charitas Dei effusa¬
est in cordibus nostris per Spiritum S. qui datus est nobis. Nulla
aute esset confirmatio, si haec verba de charitate, qua nos Deum dili¬
gimus, intelligerentur. Nam firmitatis &amp; constantiae spei nostrae fun¬
damentum nequaquam potest esse nostra erga Deum charitas, quae
ipsa fundamento eget. Intelligenda sunt igitur de charitatis Dei ex¬
ga nos sensu vivido &amp; efficaci, sic, ut sit mens Apostoli; Spes non pu¬
defacit: quia utcunque afflictionibus premamur, ac jam jam conte
rendi videamur, tamen Dei erga nos sentimus, percipimus, atque ex
perimur charitatem, quae per eximiam Spir tus Sancti operat, onem
sensui animae quam uberrime est impressa: siquidem in ipsis etiam
afflictionibus abunde perfunduntur corda nostra sensu amoris Dei
erga nos, adeo ut persuasi simus, nos cum affligimur, non haberi odi¬
a Deo, sed amari. Veritatem hujus doctrinae experiuntur in -imis
Martyres. Ne quis vero adhuc dubitare possit, verba haec de charita
tis Dei erga nos sensu vivido esse intelligenda: demonstrat id rati¬
addita: Christus enim cum nullis adhuc viribus essemus, suo tempore.
pro impiis mortuus est. Ita charitatem Dei erga nos ostendit ex effe¬
cto ejus. Nam quod Christus pro nobis mortuus est, est effectum
charitatis Dei erga nos, non autem nostrae erga Deum. Quod evi¬
dentius perspicitur ex vers 8. Commendat suam erga nos charitatem
Deus, eo quod, quum adhuc essemus peccatores, Christus pro nobis mor¬
tuus sit. Deinde suffragatur nobis Glossa ordinaria marginalis, quae
haec verba, charitas Dei diffusa est, &amp;c. sic enarrat: Deus late nos dili¬
git; &amp; hoc habemus in cordibus nostris per Spiritum qui facit nos intel¬
ligere charitatem Dei erga nos. Consentit etiam Thomas Aquinas, qui 
verba sic explanat: Secundo ibi, quia charitas Dei, &amp;c. ponit Paulus
certitudinis spei duplex argumentum, quorum primum est ex dono Spi¬
ritus Sancti, secundum ex morte Christi, &amp;c. Dicit ergo primo, ex hoc 
possumus scire, quod spes non confundit, quia charitas Dei diffusa est i1
cordibus nostris per Spiritum Sanctum qui datus est nobis. Charitas
Dei autem dupliciter accipi potest, uno modo pro charitate qua diligi.
nos Deus, Ierem. 31. Charitate perpetua dilexi te. Alio modo potest dici
charitas Dei, qua nos Deum diligimus, infra. 8. Certus sum, quod neque
mors, neque vita separabit nos a charitate Dei. Un hoc fallit Aquinas:</Unicode>
            </TextEquiv>
        </TextRegion>
        <TextRegion orientation="0.0" id="TextRegion_1613142906461_570" custom="readingOrder {index:1;}">
            <Coords points="1029,135 1834,135 1834,3183 1029,3183"/>
            <TextLine id="r3l5" custom="readingOrder {index:0;}">
                <Coords points="1032,214 1837,224 1837,191 1672,180 1032,180"/>
                <Baseline points="1037,207 1076,209 1116,209 1156,210 1196,210 1235,210 1275,210 1315,212 1355,212 1394,212 1434,212 1474,212 1514,212 1553,212 1593,213 1633,213 1673,214 1712,215 1752,215 1792,216 1832,218"/>
                <TextEquiv>
                    <Unicode>nam etiam in hoc dicto Rom. 8. intelligenda est charitas, quam Deus</Unicode>
                </TextEquiv>
            </TextLine>
            <TextLine id="r3l7" custom="readingOrder {index:1;}">
                <Coords points="1036,248 1819,257 1819,233 1680,219 1036,219"/>
                <Baseline points="1041,242 1079,242 1118,242 1156,242 1195,242 1234,242 1272,242 1311,242 1350,242 1388,242 1427,242 1466,242 1504,243 1543,243 1582,243 1620,244 1659,245 1698,246 1736,248 1775,248 1814,249"/>
                <TextEquiv>
                    <Unicode>nos complectitur in Christo) Viraque autem charitas Dei in cordibus no¬</Unicode>
                </TextEquiv>
            </TextLine>
            <TextLine id="r3l9" custom="readingOrder {index:2;}">
                <Coords points="1039,286 1744,295 1837,285 1838,257 1040,252"/>
                <Baseline points="1044,273 1083,273 1122,273 1162,272 1201,272 1241,272 1280,273 1319,273 1359,273 1398,274 1438,275 1477,275 1516,276 1556,276 1595,278 1635,278 1674,279 1713,280 1753,281 1792,281 1832,282"/>
                <TextEquiv>
                    <Unicode>stris diffunditur per Spiritum Sanctum, qui datus est nobis. Spiritum</Unicode>
                </TextEquiv>
            </TextLine>
            <TextLine id="r3l11" custom="readingOrder {index:3;}">
                <Coords points="1045,313 1825,319 1825,293 1796,286 1045,291"/>
                <Baseline points="1050,305 1088,306 1127,306 1165,306 1204,306 1242,308 1281,308 1319,308 1358,308 1396,308 1435,308 1473,308 1512,309 1550,309 1589,309 1627,311 1666,311 1704,312 1743,312 1781,314 1820,315"/>
                <TextEquiv>
                    <Unicode>enim Sanctum, qui est amor Patris &amp; Filii, dari nobis, est nos adduci ad</Unicode>
                </TextEquiv>
            </TextLine>
            <TextLine id="r3l13" custom="readingOrder {index:4;}">
                <Coords points="1036,354 1831,354 1819,319 1036,321"/>
                <Baseline points="1041,339 1080,339 1119,339 1158,339 1198,339 1237,339 1276,339 1315,339 1355,341 1394,341 1433,341 1472,341 1512,342 1551,342 1590,342 1629,344 1669,344 1708,344 1747,344 1786,345 1826,345"/>
                <TextEquiv>
                    <Unicode>participationem amiris, qui est Spiritus Sanctus, A qua quidem partici¬</Unicode>
                </TextEquiv>
            </TextLine>
            <TextLine id="r3l15" custom="readingOrder {index:5;}">
                <Coords points="1051,375 1831,383 1831,356 1770,351 1052,348"/>
                <Baseline points="1056,371 1094,371 1133,372 1171,372 1210,372 1248,372 1287,372 1325,374 1364,374 1402,374 1441,374 1479,375 1518,375 1556,375 1595,375 1633,376 1672,377 1710,377 1749,378 1787,378 1826,378"/>
                <TextEquiv>
                    <Unicode>atione efficimur Dei amatores. Et hoc quod ipsum amamus, signum</Unicode>
                </TextEquiv>
            </TextLine>
            <TextLine id="r3l17" custom="readingOrder {index:6;}">
                <Coords points="1037,418 1830,433 1831,384 1038,385"/>
                <Baseline points="1043,405 1082,405 1121,405 1160,405 1199,405 1238,405 1277,405 1317,405 1356,405 1395,406 1434,407 1473,407 1512,407 1551,408 1591,408 1630,408 1669,409 1708,410 1747,410 1786,410 1826,411"/>
                <TextEquiv>
                    <Unicode>est quod ipse nos amet, Proverb. 8. Ego diligentes me diligo. Non quasit</Unicode>
                </TextEquiv>
            </TextLine>
            <TextLine id="r3l19" custom="readingOrder {index:7;}">
                <Coords points="1045,446 1822,449 1793,415 1045,419"/>
                <Baseline points="1050,437 1088,437 1126,437 1165,437 1203,438 1241,438 1280,438 1318,438 1356,438 1395,438 1433,440 1471,440 1510,440 1548,441 1586,441 1625,441 1663,441 1701,441 1740,443 1778,443 1817,443"/>
                <TextEquiv>
                    <Unicode>nos primo dilexerimus Deum, sed quoniam ipse prior dilexit nos, ut diici:</Unicode>
                </TextEquiv>
            </TextLine>
            <TextLine id="r3l21" custom="readingOrder {index:8;}">
                <Coords points="1038,473 1811,486 1826,454 1038,446"/>
                <Baseline points="1043,470 1081,470 1120,470 1159,470 1198,470 1237,470 1276,471 1314,471 1353,471 1392,471 1431,471 1470,471 1509,472 1548,473 1586,473 1625,474 1664,474 1703,475 1742,476 1781,477 1820,477"/>
                <TextEquiv>
                    <Unicode>tur I. Ioh. 4. Dicitur autem charitas qua nos Deus diligit in cordibus</Unicode>
                </TextEquiv>
            </TextLine>
            <TextLine id="r3l22" custom="readingOrder {index:9;}">
                <Coords points="1044,508 1717,523 1831,519 1832,486 1044,477"/>
                <Baseline points="1049,500 1087,500 1126,501 1165,501 1204,501 1243,501 1282,503 1320,503 1359,503 1398,503 1437,503 1476,504 1515,504 1554,504 1592,504 1631,504 1670,506 1709,506 1748,506 1787,507 1826,507"/>
                <TextEquiv>
                    <Unicode>nostris diffusa esse, qe od est in cordibus nostris patenter ostensa per donum</Unicode>
                </TextEquiv>
            </TextLine>
            <TextLine id="r3l26" custom="readingOrder {index:10;}">
                <Coords points="1035,540 1822,553 1811,518 1036,509"/>
                <Baseline points="1040,533 1078,533 1117,534 1156,534 1195,534 1234,535 1273,536 1311,536 1350,536 1389,536 1428,536 1467,537 1506,537 1545,537 1583,537 1622,537 1661,539 1700,539 1739,539 1778,540 1817,540"/>
                <TextEquiv>
                    <Unicode>Sancti Spiritus nobis improssum 1. Joh. 3. In hoc scimus, quoniam ma¬</Unicode>
                </TextEquiv>
            </TextLine>
            <TextLine id="r3l28" custom="readingOrder {index:11;}">
                <Coords points="1047,571 1819,586 1819,553 1773,543 1047,542"/>
                <Baseline points="1052,566 1090,566 1128,567 1166,567 1204,567 1242,567 1280,567 1318,568 1356,569 1394,569 1433,569 1471,569 1509,569 1547,569 1585,570 1623,570 1661,570 1699,572 1737,572 1775,573 1814,573"/>
                <TextEquiv>
                    <Unicode>net in nobis Deus, &amp;c. Charitas autem qua nos Deum diligimus, dicitur</Unicode>
                </TextEquiv>
            </TextLine>
            <TextLine id="r3l30" custom="readingOrder {index:12;}">
                <Coords points="1048,605 1816,617 1816,588 1789,580 1048,576"/>
                <Baseline points="1053,597 1090,599 1128,599 1166,599 1204,599 1242,600 1280,600 1318,600 1356,600 1394,600 1432,600 1469,602 1507,602 1545,602 1583,602 1621,603 1659,603 1697,603 1735,605 1773,606 1811,606"/>
                <TextEquiv>
                    <Unicode>in cordibus nostris diffusa, id est, quia ad omnes mores &amp; actus animi</Unicode>
                </TextEquiv>
            </TextLine>
            <TextLine id="r3l32" custom="readingOrder {index:13;}">
                <Coords points="1036,646 1813,650 1793,612 1036,609"/>
                <Baseline points="1041,633 1079,633 1117,633 1156,633 1194,632 1232,632 1271,632 1309,632 1347,632 1386,632 1424,633 1462,633 1501,633 1539,633 1577,635 1616,635 1654,635 1692,636 1731,638 1769,638 1808,639"/>
                <TextEquiv>
                    <Unicode>perficiendos se extendit: nam ut dicit 1. Corinth. 13. Charitas patiem</Unicode>
                </TextEquiv>
            </TextLine>
            <TextLine id="r3l34" custom="readingOrder {index:14;}">
                <Coords points="1036,669 1814,675 1814,653 1575,636 1036,649"/>
                <Baseline points="1041,665 1079,665 1117,666 1156,666 1194,666 1233,666 1271,666 1309,666 1348,666 1386,666 1425,666 1463,665 1501,665 1540,665 1578,666 1617,666 1655,666 1693,667 1732,668 1770,669 1809,671"/>
                <TextEquiv>
                    <Unicode>est, benigna est, &amp;c. Ex utroque autem intellectu horum verborum con¬</Unicode>
                </TextEquiv>
            </TextLine>
            <TextLine id="r3l36" custom="readingOrder {index:15;}">
                <Coords points="1035,706 1819,718 1820,686 1035,683"/>
                <Baseline points="1040,693 1078,695 1117,696 1156,696 1195,696 1233,696 1272,698 1311,698 1350,698 1388,698 1427,698 1466,698 1505,698 1543,699 1582,699 1621,699 1660,699 1698,701 1737,701 1776,702 1815,704"/>
                <TextEquiv>
                    <Unicode>cluditur quod spes non confundit. Si enim accipiatur charitas Dei, quae</Unicode>
                </TextEquiv>
            </TextLine>
            <TextLine id="r3l38" custom="readingOrder {index:16;}">
                <Coords points="1041,732 1819,742 1819,718 1650,704 1041,709"/>
                <Baseline points="1046,728 1084,728 1122,728 1161,729 1199,729 1238,729 1276,729 1314,729 1353,729 1391,729 1430,729 1468,729 1506,729 1545,729 1583,731 1622,731 1660,731 1698,732 1737,734 1775,734 1814,737"/>
                <TextEquiv>
                    <Unicode>nos diligit Deus, manifestum est quod his, quos diligit, seipsum non nega¬</Unicode>
                </TextEquiv>
            </TextLine>
            <TextLine id="r3l39" custom="readingOrder {index:17;}">
                <Coords points="1038,764 1829,779 1830,748 1038,736"/>
                <Baseline points="1043,758 1082,760 1121,761 1160,762 1199,762 1238,764 1277,764 1316,764 1355,764 1394,764 1433,764 1472,764 1511,763 1550,762 1589,762 1628,762 1667,764 1706,764 1745,764 1784,765 1824,767"/>
                <TextEquiv>
                    <Unicode>bit, Deute, 33. Dilexit populos, omnes sancti in manu eius sunt. Simi¬</Unicode>
                </TextEquiv>
            </TextLine>
            <TextLine id="r3l41" custom="readingOrder {index:18;}">
                <Coords points="1045,797 1825,802 1817,775 1045,765"/>
                <Baseline points="1050,791 1088,792 1127,792 1165,794 1204,794 1242,794 1281,794 1319,794 1358,795 1396,795 1435,795 1473,795 1512,795 1550,795 1589,795 1627,795 1666,795 1704,797 1743,797 1781,798 1820,798"/>
                <TextEquiv>
                    <Unicode>liter etiamsi charitas Dei accipiatur, qua nos Deum diligimus: mani¬</Unicode>
                </TextEquiv>
            </TextLine>
            <TextLine id="r3l43" custom="readingOrder {index:19;}">
                <Coords points="1051,833 1819,837 1812,807 1051,802"/>
                <Baseline points="1056,825 1093,825 1131,825 1169,825 1207,825 1245,825 1283,825 1321,825 1359,827 1397,827 1435,827 1472,827 1510,827 1548,827 1586,828 1624,828 1662,828 1700,830 1738,830 1776,831 1814,831"/>
                <TextEquiv>
                    <Unicode>festum est, quod se diligentibus bona aeterna praeparavit Ioh. 14. Si qui- </Unicode>
                </TextEquiv>
            </TextLine>
            <TextLine id="r3l46" custom="readingOrder {index:20;}">
                <Coords points="1038,870 1825,871 1825,846 1768,836 1038,839"/>
                <Baseline points="1043,855 1081,857 1120,857 1159,858 1198,858 1237,858 1276,860 1314,860 1353,860 1392,860 1431,860 1470,860 1509,860 1548,860 1586,861 1625,861 1664,861 1703,863 1742,863 1781,864 1820,866"/>
                <TextEquiv>
                    <Unicode>diligit me, diligetur a Patre meo. Hactenus Aquinatis explicatio, ex</Unicode>
                </TextEquiv>
            </TextLine>
            <TextLine id="r3l48" custom="readingOrder {index:21;}">
                <Coords points="1044,910 1813,902 1813,874 1044,870"/>
                <Baseline points="1049,888 1088,890 1128,891 1168,891 1208,893 1248,893 1288,893 1328,893 1368,893 1408,893 1448,893 1488,893 1528,893 1568,893 1608,894 1648,894 1688,894 1728,896 1768,897 1808,899"/>
                <TextEquiv>
                    <Unicode>qua liquet, utcunque dupliciter charitatem Dei hoc loco accipi pos¬</Unicode>
                </TextEquiv>
            </TextLine>
            <TextLine id="r3l50" custom="readingOrder {index:22;}">
                <Coords points="1048,929 1820,936 1820,904 1729,900 1048,908"/>
                <Baseline points="1053,923 1091,923 1129,924 1167,924 1205,924 1243,924 1281,926 1319,926 1357,926 1395,926 1434,926 1472,926 1510,927 1548,927 1586,927 1624,927 1662,927 1700,929 1738,929 1776,929 1815,929"/>
                <TextEquiv>
                    <Unicode>e putet, tamen nostram interpretationem non tepudiet, imo expres¬</Unicode>
                </TextEquiv>
            </TextLine>
            <TextLine id="r3l51" custom="readingOrder {index:23;}">
                <Coords points="1045,968 1829,970 1810,934 1045,927"/>
                <Baseline points="1050,956 1088,956 1127,956 1166,956 1204,956 1243,956 1282,956 1320,956 1359,956 1398,957 1437,957 1475,957 1514,957 1553,957 1591,959 1630,959 1669,960 1707,960 1746,962 1785,963 1824,965"/>
                <TextEquiv>
                    <Unicode>Se ponat. Quin etiam dato, sed non concesso per charitatem Dei hic</Unicode>
                </TextEquiv>
            </TextLine>
            <TextLine id="r3l53" custom="readingOrder {index:24;}">
                <Coords points="1044,992 1819,1003 1826,975 1044,967"/>
                <Baseline points="1049,987 1087,987 1126,989 1164,989 1203,989 1241,989 1280,989 1318,989 1357,989 1395,990 1434,990 1473,990 1511,990 1550,990 1588,990 1627,990 1665,992 1704,992 1742,993 1781,994 1820,996"/>
                <TextEquiv>
                    <Unicode>accipi posse dilectionem quam nos diligimus Deum: tamen inde non</Unicode>
                </TextEquiv>
            </TextLine>
            <TextLine id="r3l55" custom="readingOrder {index:25;}">
                <Coords points="1035,1026 1823,1039 1823,1005 1751,999 1036,997"/>
                <Baseline points="1040,1019 1078,1019 1117,1020 1156,1021 1195,1022 1234,1022 1273,1022 1312,1023 1351,1023 1390,1023 1429,1023 1467,1023 1506,1023 1545,1023 1584,1023 1623,1023 1662,1025 1701,1025 1740,1026 1779,1027 1818,1028"/>
                <TextEquiv>
                    <Unicode>sequeretur, gratiam per quam justificamur, vel esse nostram dilectionem,</Unicode>
                </TextEquiv>
            </TextLine>
            <TextLine id="r3l56" custom="readingOrder {index:26;}">
                <Coords points="1042,1058 1089,1068 1109,1056 1273,1058 1294,1068 1331,1056 1412,1062 1412,1034 1043,1031"/>
                <Baseline points="1047,1049 1072,1049 1098,1050 1124,1052 1149,1052 1175,1052 1201,1052 1227,1052 1252,1052 1278,1052 1304,1053 1329,1053 1355,1053 1381,1053 1407,1053"/>
                <TextEquiv>
                    <Unicode>vel qualitatem nobis inhaerentem.</Unicode>
                </TextEquiv>
            </TextLine>
            <TextLine id="r3l58" custom="readingOrder {index:27;}">
                <Coords points="1066,1090 1820,1097 1801,1060 1066,1062"/>
                <Baseline points="1071,1085 1108,1085 1145,1085 1182,1086 1219,1086 1257,1086 1294,1086 1331,1086 1368,1086 1405,1086 1443,1086 1480,1086 1517,1086 1554,1086 1591,1086 1629,1088 1666,1088 1703,1088 1740,1089 1777,1090 1815,1091"/>
                <TextEquiv>
                    <Unicode>Iestat Bellarminus. Ipse etiam Apostolus ad Rom. 8. v. 15. de hoc</Unicode>
                </TextEquiv>
            </TextLine>
            <TextLine id="r3l60" custom="readingOrder {index:28;}">
                <Coords points="1038,1127 1825,1133 1814,1097 1038,1086"/>
                <Baseline points="1043,1118 1081,1118 1120,1118 1159,1118 1198,1118 1237,1118 1276,1119 1314,1119 1353,1119 1392,1119 1431,1119 1470,1119 1509,1119 1548,1119 1586,1119 1625,1119 1664,1120 1703,1121 1742,1121 1781,1122 1820,1122"/>
                <TextEquiv>
                    <Unicode>ipso Spiritu nobis dato, loquens: Accepistis, inquit, Spiritum adoptionis:</Unicode>
                </TextEquiv>
            </TextLine>
            <TextLine id="r3l61" custom="readingOrder {index:29;}">
                <Coords points="1053,1155 1826,1166 1826,1138 1790,1127 1053,1125"/>
                <Baseline points="1058,1149 1096,1149 1134,1149 1172,1149 1210,1149 1248,1149 1286,1149 1325,1149 1363,1149 1401,1149 1439,1149 1477,1151 1515,1151 1553,1151 1592,1152 1630,1152 1668,1154 1706,1154 1744,1155 1782,1155 1821,1157"/>
                <TextEquiv>
                    <Unicode>iliorum, in quo clamamus, Abba Pater. At certe clamamus, Abba¬</Unicode>
                </TextEquiv>
            </TextLine>
            <TextLine id="r3l63" custom="readingOrder {index:30;}">
                <Coords points="1035,1188 1820,1197 1820,1171 1763,1162 1035,1163"/>
                <Baseline points="1040,1181 1078,1181 1117,1181 1156,1181 1195,1182 1233,1182 1272,1182 1311,1182 1350,1182 1388,1182 1427,1182 1466,1182 1505,1182 1543,1183 1582,1184 1621,1184 1660,1184 1698,1185 1737,1185 1776,1186 1815,1187"/>
                <TextEquiv>
                    <Unicode>Pater, per charitatem, qua diligimus nos Deum, non qua diligit nos Deus.</Unicode>
                </TextEquiv>
            </TextLine>
            <TextLine id="r3l65" custom="readingOrder {index:31;}">
                <Coords points="1068,1224 1761,1233 1819,1226 1820,1198 1068,1192"/>
                <Baseline points="1073,1217 1110,1216 1147,1215 1184,1215 1221,1215 1258,1215 1295,1215 1332,1215 1369,1215 1406,1215 1443,1217 1480,1217 1517,1217 1554,1218 1591,1218 1628,1218 1665,1219 1702,1220 1739,1220 1776,1220 1814,1220"/>
                <TextEquiv>
                    <Unicode>RESP. Peccar Bellarminus confundendo disparata. Nam Spi¬</Unicode>
                </TextEquiv>
            </TextLine>
            <TextLine id="r3l67" custom="readingOrder {index:32;}">
                <Coords points="1037,1256 1800,1266 1822,1264 1823,1227 1038,1216"/>
                <Baseline points="1043,1242 1081,1244 1120,1244 1159,1245 1197,1247 1236,1247 1275,1247 1313,1248 1352,1248 1391,1248 1430,1248 1468,1250 1507,1250 1546,1250 1584,1250 1623,1251 1662,1251 1700,1251 1739,1253 1778,1253 1817,1254"/>
                <TextEquiv>
                    <Unicode>ritus adoptionis non est ipsa charitas, quam nos Deum diligimus. Dis¬</Unicode>
                </TextEquiv>
            </TextLine>
            <TextLine id="r3l68" custom="readingOrder {index:33;}">
                <Coords points="1048,1290 1820,1298 1820,1269 1791,1260 1048,1254"/>
                <Baseline points="1053,1277 1091,1277 1129,1277 1167,1278 1205,1278 1243,1278 1281,1278 1319,1278 1357,1280 1395,1280 1434,1280 1472,1281 1510,1281 1548,1282 1586,1283 1624,1283 1662,1284 1700,1284 1738,1284 1776,1286 1815,1286"/>
                <TextEquiv>
                    <Unicode>sentit autem Bellarminus iterum ab utraque Glossa ordinaria: Nam in¬</Unicode>
                </TextEquiv>
            </TextLine>
            <TextLine id="r3l71" custom="readingOrder {index:34;}">
                <Coords points="1039,1322 1810,1326 1810,1299 1753,1293 1039,1290"/>
                <Baseline points="1044,1313 1082,1313 1120,1311 1158,1311 1196,1311 1234,1311 1272,1311 1310,1311 1348,1311 1386,1313 1424,1313 1462,1313 1500,1313 1538,1314 1576,1314 1614,1315 1652,1316 1690,1316 1728,1316 1766,1317 1805,1317"/>
                <TextEquiv>
                    <Unicode>terlinearis Spir tum adoptionis Rom. 8. interpretatur datorem bono¬</Unicode>
                </TextEquiv>
            </TextLine>
            <TextLine id="r3l72" custom="readingOrder {index:35;}">
                <Coords points="1036,1351 1789,1363 1816,1359 1817,1324 1036,1325"/>
                <Baseline points="1041,1343 1079,1343 1118,1344 1156,1344 1195,1344 1233,1344 1272,1344 1310,1344 1349,1346 1387,1346 1426,1346 1465,1346 1503,1346 1542,1346 1580,1346 1619,1347 1657,1347 1696,1347 1734,1349 1773,1349 1812,1350"/>
                <TextEquiv>
                    <Unicode>rum operum; Marginalis glossa vero haec verba, in quo clamamus, sic </Unicode>
                </TextEquiv>
            </TextLine>
            <TextLine id="r3l74" custom="readingOrder {index:36;}">
                <Coords points="1035,1384 1798,1392 1817,1359 1036,1353"/>
                <Baseline points="1040,1377 1078,1376 1117,1376 1155,1376 1194,1376 1232,1374 1271,1374 1309,1376 1348,1376 1386,1376 1425,1376 1464,1376 1502,1377 1541,1377 1579,1379 1618,1379 1656,1380 1695,1380 1733,1382 1772,1382 1811,1383"/>
                <TextEquiv>
                    <Unicode>declarat: Hoc iterum ex dono Spiritus, quod ita nos facit clamare. Dis¬</Unicode>
                </TextEquiv>
            </TextLine>
            <TextLine id="r3l76" custom="readingOrder {index:37;}">
                <Coords points="1029,1414 1807,1424 1807,1398 1776,1388 1030,1390"/>
                <Baseline points="1034,1409 1072,1409 1110,1409 1149,1409 1187,1409 1226,1409 1264,1409 1302,1409 1341,1409 1379,1409 1418,1409 1456,1410 1494,1410 1533,1410 1571,1410 1610,1412 1648,1412 1686,1413 1725,1413 1763,1415 1802,1416"/>
                <TextEquiv>
                    <Unicode>sentit etiam a Thoma Aquinate, qui super cap. 8. ad Roman. disert.</Unicode>
                </TextEquiv>
            </TextLine>
            <TextLine id="r3l78" custom="readingOrder {index:38;}">
                <Coords points="1039,1453 1814,1454 1814,1422 1039,1421"/>
                <Baseline points="1044,1442 1082,1442 1120,1440 1158,1440 1197,1440 1235,1440 1273,1440 1311,1440 1350,1440 1388,1440 1426,1440 1464,1442 1503,1442 1541,1442 1579,1443 1617,1443 1656,1445 1694,1445 1732,1446 1770,1447 1809,1448"/>
                <TextEquiv>
                    <Unicode>ait, amorem esse effectum Spiritus Sancti: idque probat hoc ipso testi¬</Unicode>
                </TextEquiv>
            </TextLine>
            <TextLine id="r3l81" custom="readingOrder {index:39;}">
                <Coords points="1041,1480 1811,1495 1811,1462 1708,1451 1042,1452"/>
                <Baseline points="1046,1473 1084,1473 1122,1473 1160,1472 1198,1472 1236,1473 1274,1473 1312,1473 1350,1473 1388,1473 1426,1473 1464,1475 1502,1475 1540,1475 1578,1476 1616,1476 1654,1478 1692,1479 1730,1481 1768,1481 1806,1482"/>
                <TextEquiv>
                    <Unicode>monio Pauli Rom. 5. v. 5. Charitas Dei: &amp; illa verba Rom. 8. In quo</Unicode>
                </TextEquiv>
            </TextLine>
            <TextLine id="r3l82" custom="readingOrder {index:40;}">
                <Coords points="1033,1522 1526,1518 1526,1488 1078,1491 1033,1479"/>
                <Baseline points="1038,1506 1063,1506 1088,1506 1114,1505 1139,1505 1165,1505 1190,1505 1215,1505 1241,1505 1266,1505 1292,1505 1317,1505 1343,1505 1368,1505 1393,1505 1419,1505 1444,1505 1470,1505 1495,1506 1521,1506"/>
                <TextEquiv>
                    <Unicode>sic explet, scilicet Spiritu Sancto clamamus.</Unicode>
                </TextEquiv>
            </TextLine>
            <TextLine id="r3l85" custom="readingOrder {index:41;}">
                <Coords points="1065,1550 1823,1554 1802,1509 1066,1512"/>
                <Baseline points="1070,1539 1107,1539 1144,1539 1182,1539 1219,1539 1257,1541 1294,1541 1331,1541 1369,1541 1406,1541 1444,1541 1481,1541 1518,1541 1556,1542 1593,1542 1631,1542 1668,1542 1705,1544 1743,1544 1780,1545 1818,1545"/>
                <TextEquiv>
                    <Unicode>Ex his liquet, quartam etiam assumtionis probationem esse nul¬</Unicode>
                </TextEquiv>
            </TextLine>
            <TextLine id="r3l86" custom="readingOrder {index:42;}">
                <Coords points="1045,1580 1050,1580 1055,1577 1057,1579 1067,1578 1069,1580 1074,1578 1085,1579 1085,1553 1080,1553 1077,1556 1066,1554 1061,1559 1058,1556 1045,1554"/>
                <Baseline points="1050,1571 1080,1571"/>
                <TextEquiv>
                    <Unicode>iam</Unicode>
                </TextEquiv>
            </TextLine>
            <TextLine id="r3l88" custom="readingOrder {index:43;}">
                <Coords points="1078,1616 1508,1618 1508,1580 1496,1574 1447,1589 1422,1573 1078,1578"/>
                <Baseline points="1083,1604 1109,1604 1135,1604 1161,1604 1188,1604 1214,1604 1240,1604 1266,1604 1293,1604 1319,1604 1345,1605 1371,1605 1398,1605 1424,1605 1450,1605 1476,1605 1503,1604"/>
                <TextEquiv>
                    <Unicode>Quinta probatio assumtionis haec est:</Unicode>
                </TextEquiv>
            </TextLine>
            <TextLine id="r3l90" custom="readingOrder {index:44;}">
                <Coords points="1064,1647 1252,1640 1274,1655 1300,1639 1463,1641 1463,1618 1391,1611 1354,1621 1339,1610 1314,1620 1292,1610 1241,1620 1228,1608 1170,1622 1153,1609 1117,1621 1065,1615"/>
                <Baseline points="1070,1635 1095,1635 1121,1635 1147,1635 1173,1635 1199,1635 1225,1635 1251,1635 1276,1636 1302,1637 1328,1637 1354,1637 1380,1637 1406,1637 1432,1637 1458,1637"/>
                <TextEquiv>
                    <Unicode>Vita est res nobis insita &amp; inhaerens</Unicode>
                </TextEquiv>
            </TextLine>
            <TextLine id="r3l92" custom="readingOrder {index:45;}">
                <Coords points="1068,1671 1156,1687 1180,1673 1198,1688 1239,1673 1622,1683 1622,1646 1608,1643 1068,1647"/>
                <Baseline points="1073,1667 1100,1667 1127,1667 1154,1668 1181,1668 1209,1668 1236,1668 1263,1668 1290,1668 1317,1670 1345,1670 1372,1670 1399,1670 1426,1671 1453,1671 1481,1671 1508,1672 1535,1673 1562,1673 1589,1674 1617,1674"/>
                <TextEquiv>
                    <Unicode>Gratia per quam justificamur est vita: Ergo, &amp;c.</Unicode>
                </TextEquiv>
            </TextLine>
            <TextLine id="r3l94" custom="readingOrder {index:46;}">
                <Coords points="1077,1711 1819,1715 1818,1683 1748,1677 1077,1678"/>
                <Baseline points="1082,1701 1118,1701 1155,1700 1191,1700 1228,1700 1265,1700 1301,1700 1338,1701 1374,1701 1411,1701 1448,1701 1484,1703 1521,1703 1557,1703 1594,1704 1631,1704 1667,1706 1704,1706 1740,1706 1777,1707 1814,1707"/>
                <TextEquiv>
                    <Unicode>Assumtionis probatio: Nam Rom. 8. v 10. per gratiam iustificantem</Unicode>
                </TextEquiv>
            </TextLine>
            <TextLine id="r3l96" custom="readingOrder {index:47;}">
                <Coords points="1032,1739 1819,1749 1819,1721 1761,1713 1032,1710"/>
                <Baseline points="1037,1733 1075,1733 1114,1733 1153,1733 1192,1734 1231,1734 1270,1734 1308,1734 1347,1734 1386,1734 1425,1734 1464,1734 1503,1734 1542,1736 1580,1736 1619,1736 1658,1737 1697,1737 1736,1739 1775,1739 1814,1740"/>
                <TextEquiv>
                    <Unicode>vivere dicimur: Corpus quidem mortuum est propter peccatum, spiritus</Unicode>
                </TextEquiv>
            </TextLine>
            <TextLine id="r3l98" custom="readingOrder {index:48;}">
                <Coords points="1038,1772 1822,1787 1822,1754 1770,1747 1038,1744"/>
                <Baseline points="1043,1764 1081,1765 1120,1766 1159,1766 1197,1766 1236,1767 1275,1767 1313,1767 1352,1767 1391,1767 1430,1767 1468,1767 1507,1767 1546,1767 1584,1769 1623,1769 1662,1769 1700,1770 1739,1772 1778,1772 1817,1773"/>
                <TextEquiv>
                    <Unicode>autem vivit propter iustificationem. At non recte dici possumus vivere</Unicode>
                </TextEquiv>
            </TextLine>
            <TextLine id="r3l100" custom="readingOrder {index:49;}">
                <Coords points="1045,1807 1811,1814 1811,1787 1730,1779 1045,1774"/>
                <Baseline points="1050,1797 1087,1797 1125,1797 1163,1797 1201,1797 1239,1797 1276,1797 1314,1797 1352,1799 1390,1799 1428,1799 1465,1799 1503,1800 1541,1800 1579,1800 1617,1802 1654,1802 1692,1803 1730,1803 1768,1805 1806,1805"/>
                <TextEquiv>
                    <Unicode>per extrinsecum Dei favore; quum nihil sit magis interna, quam vita¬</Unicode>
                </TextEquiv>
            </TextLine>
            <TextLine id="r3l102" custom="readingOrder {index:50;}">
                <Coords points="1068,1841 1810,1850 1811,1814 1068,1805"/>
                <Baseline points="1073,1832 1109,1832 1146,1832 1182,1832 1219,1832 1256,1832 1292,1832 1329,1832 1365,1832 1402,1832 1439,1832 1475,1832 1512,1832 1548,1833 1585,1833 1622,1834 1658,1835 1695,1835 1731,1836 1768,1838 1805,1839"/>
                <TextEquiv>
                    <Unicode>RESP. Primo negamus consequentiam, quia sunt quatuor termi¬</Unicode>
                </TextEquiv>
            </TextLine>
            <TextLine id="r3l105" custom="readingOrder {index:51;}">
                <Coords points="1032,1874 1820,1882 1820,1849 1779,1845 1032,1842"/>
                <Baseline points="1037,1863 1075,1863 1114,1865 1153,1865 1192,1865 1231,1865 1270,1865 1309,1865 1348,1865 1387,1865 1426,1865 1464,1865 1503,1865 1542,1865 1581,1866 1620,1866 1659,1867 1698,1868 1737,1869 1776,1870 1815,1872"/>
                <TextEquiv>
                    <Unicode>ni propter homonymiam. Nam maior loquitur de vita naturali, at</Unicode>
                </TextEquiv>
            </TextLine>
            <TextLine id="r3l106" custom="readingOrder {index:52;}">
                <Coords points="1042,1901 1810,1915 1810,1885 1720,1875 1043,1875"/>
                <Baseline points="1047,1893 1084,1893 1122,1893 1160,1895 1198,1895 1236,1895 1274,1895 1312,1895 1350,1896 1388,1896 1426,1896 1463,1898 1501,1898 1539,1898 1577,1898 1615,1899 1653,1899 1691,1901 1729,1901 1767,1902 1805,1902"/>
                <TextEquiv>
                    <Unicode>minor de vita spirituali &amp; coelesti. Secundo, ambiguum est etiam prae¬</Unicode>
                </TextEquiv>
            </TextLine>
            <TextLine id="r3l109" custom="readingOrder {index:53;}">
                <Coords points="1035,1939 1808,1948 1784,1908 1036,1905"/>
                <Baseline points="1040,1928 1078,1928 1116,1928 1154,1928 1192,1928 1230,1928 1268,1928 1307,1928 1345,1928 1383,1928 1421,1929 1459,1929 1497,1929 1535,1929 1574,1930 1612,1931 1650,1931 1688,1932 1726,1934 1764,1935 1803,1937"/>
                <TextEquiv>
                    <Unicode>dicatum propositionis quum vita dicitur esse res nobis insita &amp; inhe¬</Unicode>
                </TextEquiv>
            </TextLine>
            <TextLine id="r3l110" custom="readingOrder {index:54;}">
                <Coords points="1037,1971 1788,1977 1812,1947 1038,1941"/>
                <Baseline points="1043,1961 1081,1961 1119,1961 1157,1961 1195,1961 1233,1961 1271,1961 1310,1961 1348,1962 1386,1962 1424,1962 1462,1962 1500,1962 1538,1963 1577,1964 1615,1964 1653,1965 1691,1965 1729,1965 1767,1967 1806,1967"/>
                <TextEquiv>
                    <Unicode>rens. Nam hoc intelligi potest, vel de qualitate nobis insita &amp; inhae¬</Unicode>
                </TextEquiv>
            </TextLine>
            <TextLine id="r3l112" custom="readingOrder {index:55;}">
                <Coords points="1038,1999 1813,2005 1805,1972 1038,1972"/>
                <Baseline points="1043,1992 1081,1992 1119,1992 1157,1992 1196,1992 1234,1992 1272,1992 1310,1992 1349,1993 1387,1994 1425,1994 1463,1995 1502,1995 1540,1995 1578,1995 1616,1997 1655,1997 1693,1997 1731,1997 1769,1998 1808,1998"/>
                <TextEquiv>
                    <Unicode>rente, vel de alio accidente. Si de qualitate intelligatur, ut certe a Bel¬</Unicode>
                </TextEquiv>
            </TextLine>
            <TextLine id="r3l114" custom="readingOrder {index:56;}">
                <Coords points="1038,2035 1813,2036 1798,2004 1039,1998"/>
                <Baseline points="1043,2024 1081,2024 1119,2024 1157,2024 1196,2024 1234,2024 1272,2025 1310,2025 1349,2025 1387,2025 1425,2025 1463,2027 1502,2027 1540,2027 1578,2028 1616,2028 1655,2029 1693,2030 1731,2030 1769,2031 1808,2031"/>
                <TextEquiv>
                    <Unicode>larmino intelligitur, qui gratiam gratos nos facientem &amp; qua justifi¬</Unicode>
                </TextEquiv>
            </TextLine>
            <TextLine id="r3l117" custom="readingOrder {index:57;}">
                <Coords points="1041,2069 1807,2072 1807,2040 1041,2037"/>
                <Baseline points="1046,2058 1083,2058 1121,2057 1159,2057 1197,2057 1235,2057 1272,2057 1310,2058 1348,2058 1386,2058 1424,2058 1461,2060 1499,2060 1537,2060 1575,2061 1613,2061 1650,2061 1688,2063 1726,2063 1764,2064 1802,2064"/>
                <TextEquiv>
                    <Unicode>tamur, contendit esse qualitatem in anima haerentem; tum vita cri¬</Unicode>
                </TextEquiv>
            </TextLine>
            <TextLine id="r3l118" custom="readingOrder {index:58;}">
                <Coords points="1038,2107 1813,2107 1813,2071 1038,2069"/>
                <Baseline points="1043,2088 1081,2090 1119,2090 1157,2090 1196,2090 1234,2090 1272,2090 1310,2090 1349,2091 1387,2091 1425,2091 1463,2091 1502,2091 1540,2093 1578,2093 1616,2093 1655,2094 1693,2095 1731,2096 1769,2096 1808,2097"/>
                <TextEquiv>
                    <Unicode>qualitas in anima inhaerens. Viderit jam quid respondeat Philosophis</Unicode>
                </TextEquiv>
            </TextLine>
            <TextLine id="r3l120" custom="readingOrder {index:59;}">
                <Coords points="1029,2129 1795,2139 1795,2108 1713,2100 1030,2097"/>
                <Baseline points="1034,2121 1071,2121 1109,2121 1147,2121 1185,2121 1223,2121 1260,2123 1298,2123 1336,2123 1374,2123 1412,2123 1449,2124 1487,2124 1525,2124 1563,2126 1601,2126 1638,2126 1676,2127 1714,2127 1752,2127 1790,2129"/>
                <TextEquiv>
                    <Unicode>longe aliter de vita naturali statuentibus. Aliud est vita totius com¬</Unicode>
                </TextEquiv>
            </TextLine>
            <TextLine id="r3l124" custom="readingOrder {index:60;}">
                <Coords points="1039,2158 1808,2168 1808,2134 1039,2139"/>
                <Baseline points="1044,2156 1083,2156 1123,2156 1163,2156 1203,2156 1243,2156 1283,2156 1323,2156 1363,2156 1403,2156 1443,2156 1483,2156 1523,2156 1563,2157 1603,2157 1643,2157 1683,2157 1723,2158 1763,2159 1803,2159"/>
                <TextEquiv>
                    <Unicode>positi, aliud partium componentium. Nam vita totius compositi, eest</Unicode>
                </TextEquiv>
            </TextLine>
            <TextLine id="line_1613142906509_575" custom="readingOrder {index:61;}">
                <Coords points="1027,2193 1789,2202 1839,2194 1839,2162 1027,2168"/>
                <Baseline points="1032,2187 1076,2186 1120,2186 1164,2186 1209,2186 1253,2186 1297,2187 1341,2187 1386,2189 1430,2189 1474,2190 1518,2190 1563,2192 1607,2192 1651,2192 1695,2190 1740,2189 1784,2187 1828,2186 1834,2185"/>
                <TextEquiv>
                    <Unicode>conjunctio seu unio animae cum corpore, ut est in octavo primae Phi¬ </Unicode>
                </TextEquiv>
            </TextLine>
            <TextLine id="line_1613142906510_577" custom="readingOrder {index:62;}">
                <Coords points="1036,2227 1815,2234 1840,2193 1036,2200"/>
                <Baseline points="1041,2220 1083,2220 1126,2219 1168,2219 1211,2219 1254,2219 1296,2219 1339,2220 1381,2220 1424,2221 1467,2222 1509,2223 1552,2223 1594,2223 1637,2223 1680,2223 1722,2222 1765,2221 1807,2219 1834,2217"/>
                <TextEquiv>
                    <Unicode>osophiae, συiθεσις η συν θεομος ψυχῆς συμαιι τό ζιν. Partium vero no</Unicode>
                </TextEquiv>
            </TextLine>
            <TextLine id="r3l129" custom="readingOrder {index:63;}">
                <Coords points="1032,2258 1801,2266 1801,2236 1771,2233 1032,2228"/>
                <Baseline points="1037,2252 1076,2252 1116,2252 1156,2252 1196,2253 1236,2253 1276,2253 1316,2253 1356,2253 1396,2253 1436,2252 1476,2252 1516,2252 1556,2252 1596,2253 1636,2253 1676,2253 1716,2254 1756,2255 1796,2256"/>
                <TextEquiv>
                    <Unicode>componentium vita, alia est animae, alia corporis animati. Vita anime</Unicode>
                </TextEquiv>
            </TextLine>
            <TextLine id="r3l131" custom="readingOrder {index:64;}">
                <Coords points="1027,2291 1804,2298 1804,2271 1743,2262 1027,2263"/>
                <Baseline points="1032,2283 1070,2283 1108,2283 1147,2285 1185,2285 1223,2285 1262,2285 1300,2285 1338,2285 1377,2285 1415,2285 1453,2286 1492,2286 1530,2286 1568,2286 1607,2286 1645,2288 1683,2288 1722,2288 1760,2289 1799,2289"/>
                <TextEquiv>
                    <Unicode>essentialis est, nempe ipsamet anima. Ergo vita animae, non est pro¬</Unicode>
                </TextEquiv>
            </TextLine>
            <TextLine id="r3l133" custom="readingOrder {index:65;}">
                <Coords points="1035,2329 1810,2334 1810,2302 1700,2295 1035,2293"/>
                <Baseline points="1040,2316 1078,2316 1116,2315 1154,2315 1193,2315 1231,2315 1269,2316 1307,2316 1346,2316 1384,2316 1422,2316 1460,2318 1499,2318 1537,2318 1575,2319 1613,2319 1652,2319 1690,2321 1728,2321 1766,2322 1805,2322"/>
                <TextEquiv>
                    <Unicode>prie ἰδέωκα, sed essentia animae, &amp; εἰτελεχεια πξώτη, actus primus, non</Unicode>
                </TextEquiv>
            </TextLine>
            <TextLine id="r3l135" custom="readingOrder {index:66;}">
                <Coords points="1025,2355 1801,2366 1801,2332 1736,2326 1026,2333"/>
                <Baseline points="1031,2348 1069,2348 1107,2348 1145,2348 1184,2348 1222,2348 1260,2349 1298,2349 1337,2349 1375,2349 1413,2349 1451,2349 1490,2349 1528,2349 1566,2349 1604,2349 1643,2351 1681,2351 1719,2351 1757,2352 1796,2352"/>
                <TextEquiv>
                    <Unicode>actus secundus. Vita corporis animati, est accidentaria, &amp; per separa</Unicode>
                </TextEquiv>
            </TextLine>
            <TextLine id="r3l137" custom="readingOrder {index:67;}">
                <Coords points="1039,2391 1807,2399 1807,2366 1742,2360 1040,2358"/>
                <Baseline points="1044,2379 1081,2381 1119,2381 1157,2381 1195,2381 1233,2381 1271,2382 1309,2382 1347,2382 1385,2381 1423,2381 1460,2381 1498,2382 1536,2382 1574,2382 1612,2382 1650,2384 1688,2384 1726,2385 1764,2386 1802,2388"/>
                <TextEquiv>
                    <Unicode>ionem a corpore interit, vita autem illa sunt operationes vitales, ut</Unicode>
                </TextEquiv>
            </TextLine>
            <TextLine id="r3l139" custom="readingOrder {index:68;}">
                <Coords points="1035,2422 1798,2427 1798,2402 1745,2391 1035,2386"/>
                <Baseline points="1040,2414 1077,2414 1115,2413 1152,2412 1190,2412 1228,2412 1265,2412 1303,2412 1341,2412 1378,2414 1416,2414 1454,2414 1491,2414 1529,2414 1567,2415 1604,2415 1642,2415 1680,2417 1717,2417 1755,2418 1793,2418"/>
                <TextEquiv>
                    <Unicode>sunt, sentire, cupere, trasci, moveri. Haec vita corporis animati ab ani¬</Unicode>
                </TextEquiv>
            </TextLine>
            <TextLine id="r3l141" custom="readingOrder {index:69;}">
                <Coords points="1037,2453 1807,2465 1795,2426 1038,2425"/>
                <Baseline points="1043,2445 1082,2445 1122,2444 1162,2444 1202,2444 1242,2444 1282,2444 1322,2444 1362,2444 1402,2444 1442,2445 1482,2445 1522,2445 1562,2447 1602,2447 1642,2448 1682,2448 1722,2450 1762,2451 1802,2453"/>
                <TextEquiv>
                    <Unicode>na est, sed non in anima; velut &amp; motus ab anima, non in ani¬</Unicode>
                </TextEquiv>
            </TextLine>
            <TextLine id="r3l143" custom="readingOrder {index:70;}">
                <Coords points="1030,2484 1810,2494 1794,2460 1742,2457 1031,2454"/>
                <Baseline points="1035,2478 1073,2478 1112,2478 1150,2478 1189,2477 1227,2477 1266,2477 1304,2477 1343,2477 1381,2477 1420,2477 1458,2477 1497,2478 1535,2478 1574,2478 1612,2479 1651,2480 1689,2480 1728,2481 1766,2483 1805,2484"/>
                <TextEquiv>
                    <Unicode>ma. Abea namque esse vult Philosophus: in ea esse non vult. Quem¬</Unicode>
                </TextEquiv>
            </TextLine>
            <TextLine id="r3l145" custom="readingOrder {index:71;}">
                <Coords points="1029,2523 1807,2523 1791,2490 1029,2489"/>
                <Baseline points="1034,2510 1072,2510 1110,2510 1149,2510 1187,2510 1226,2510 1264,2510 1302,2510 1341,2511 1379,2511 1418,2511 1456,2511 1494,2511 1533,2511 1571,2511 1610,2511 1648,2513 1686,2513 1725,2513 1763,2514 1802,2514"/>
                <TextEquiv>
                    <Unicode>admodum a Sole calor, qui in Sole non est. Viderit igitur Bellarmi¬</Unicode>
                </TextEquiv>
            </TextLine>
            <TextLine id="line_1613142894912_561" custom="readingOrder {index:72;}">
                <Coords points="1024,2552 1805,2556 1799,2524 1024,2523"/>
                <Baseline points="1029,2543 1066,2543 1105,2543 1143,2541 1182,2541 1221,2541 1259,2541 1298,2541 1336,2541 1375,2541 1414,2541 1452,2542 1491,2543 1529,2543 1568,2544 1607,2544 1645,2546 1684,2546 1722,2547 1761,2549 1800,2549"/>
                <TextEquiv>
                    <Unicode>nus, quomodo propositionem suam Philosophis probet: nam certe</Unicode>
                </TextEquiv>
            </TextLine>
            <TextLine id="line_1613306501721_3034" custom="readingOrder {index:73;}">
                <Coords points="1035,2553 1806,2556 1806,2588 1035,2585"/>
                <Baseline points="1035,2580 1806,2583"/>
                <TextEquiv>
                    <Unicode></Unicode>
                </TextEquiv>
            </TextLine>
            <TextLine id="r3l151" custom="readingOrder {index:74;}">
                <Coords points="1035,2613 1810,2623 1777,2587 1035,2582"/>
                <Baseline points="1040,2609 1078,2609 1116,2609 1154,2609 1193,2609 1231,2609 1269,2609 1307,2609 1346,2609 1384,2609 1422,2609 1460,2609 1499,2609 1537,2609 1575,2610 1613,2610 1652,2610 1690,2612 1728,2612 1766,2613 1805,2613"/>
                <TextEquiv>
                    <Unicode>haerens: nec vita animae est qualitas animae inhaerens, sed est ipsa essen¬</Unicode>
                </TextEquiv>
            </TextLine>
            <TextLine id="r3l153" custom="readingOrder {index:75;}">
                <Coords points="1038,2651 1805,2657 1805,2631 1724,2618 1039,2614"/>
                <Baseline points="1043,2640 1080,2640 1118,2640 1156,2640 1194,2640 1232,2639 1270,2639 1307,2639 1345,2639 1383,2639 1421,2640 1459,2640 1497,2640 1535,2640 1572,2642 1610,2642 1648,2643 1686,2643 1724,2645 1762,2646 1800,2648"/>
                <TextEquiv>
                    <Unicode>ia animae: nec denique vita corporis est qualitas in anima inhaerens</Unicode>
                </TextEquiv>
            </TextLine>
            <TextLine id="r3l155" custom="readingOrder {index:76;}">
                <Coords points="1059,2681 1816,2688 1772,2652 1059,2652"/>
                <Baseline points="1064,2672 1101,2672 1138,2672 1176,2672 1213,2672 1250,2672 1288,2672 1325,2672 1362,2672 1400,2672 1437,2672 1474,2672 1512,2673 1549,2673 1586,2673 1624,2675 1661,2675 1698,2676 1736,2678 1773,2679 1811,2681"/>
                <TextEquiv>
                    <Unicode>Tertio, falsa est etiam assumtio: Nam gratia per quam justifica¬</Unicode>
                </TextEquiv>
            </TextLine>
            <TextLine id="r3l157" custom="readingOrder {index:77;}">
                <Coords points="1039,2720 1810,2721 1784,2686 1039,2677"/>
                <Baseline points="1044,2705 1082,2705 1120,2706 1158,2706 1196,2706 1234,2706 1272,2706 1310,2705 1348,2705 1386,2705 1424,2705 1462,2705 1500,2705 1538,2706 1576,2706 1614,2706 1652,2708 1690,2708 1728,2709 1766,2711 1805,2712"/>
                <TextEquiv>
                    <Unicode>mur nec est animae vita essentialis, nec corporis vita accidentaria</Unicode>
                </TextEquiv>
            </TextLine>
            <TextLine id="r3l159" custom="readingOrder {index:78;}">
                <Coords points="1031,2753 1804,2751 1804,2724 1621,2712 1032,2723"/>
                <Baseline points="1037,2738 1075,2738 1113,2738 1151,2739 1189,2739 1227,2739 1265,2739 1303,2739 1341,2738 1379,2738 1418,2738 1456,2738 1494,2738 1532,2738 1570,2739 1608,2739 1646,2739 1684,2741 1722,2741 1760,2743 1799,2745"/>
                <TextEquiv>
                    <Unicode>nec animae &amp; corporis conjunctio, quarum significationum aliqui</Unicode>
                </TextEquiv>
            </TextLine>
            <TextLine id="r3l161" custom="readingOrder {index:79;}">
                <Coords points="1038,2781 1813,2794 1813,2752 1038,2752"/>
                <Baseline points="1043,2772 1081,2772 1119,2772 1157,2772 1196,2772 1234,2772 1272,2772 1310,2771 1349,2771 1387,2771 1425,2772 1463,2772 1502,2772 1540,2772 1578,2772 1616,2774 1655,2774 1693,2775 1731,2776 1769,2778 1808,2778"/>
                <TextEquiv>
                    <Unicode>nomen vitae in propositione sumitur: nam illa loquitur de vita homi¬</Unicode>
                </TextEquiv>
            </TextLine>
            <TextLine id="r3l163" custom="readingOrder {index:80;}">
                <Coords points="1036,2818 1060,2819 1074,2807 1098,2818 1111,2813 1120,2818 1138,2811 1169,2818 1172,2778 1153,2780 1143,2788 1133,2782 1129,2786 1119,2783 1113,2789 1072,2788 1053,2779 1035,2784"/>
                <Baseline points="1041,2804 1066,2805 1091,2804 1116,2802 1141,2802 1167,2804"/>
                <TextEquiv>
                    <Unicode>nis naturali.</Unicode>
                </TextEquiv>
            </TextLine>
            <TextLine id="r3l165" custom="readingOrder {index:81;}">
                <Coords points="1065,2854 1810,2852 1810,2818 1708,2808 1065,2811"/>
                <Baseline points="1070,2837 1106,2837 1143,2836 1180,2835 1217,2835 1253,2835 1290,2835 1327,2835 1364,2835 1400,2835 1437,2835 1474,2835 1511,2835 1547,2835 1584,2837 1621,2837 1658,2838 1694,2838 1731,2840 1768,2841 1805,2843"/>
                <TextEquiv>
                    <Unicode>Quario, etsi in propositione intelligeretur vita spiritualis: tamer</Unicode>
                </TextEquiv>
            </TextLine>
            <TextLine id="r3l167" custom="readingOrder {index:82;}">
                <Coords points="1045,2879 1813,2885 1794,2849 1045,2845"/>
                <Baseline points="1050,2870 1087,2871 1125,2871 1163,2870 1201,2870 1239,2870 1277,2870 1315,2870 1353,2870 1391,2870 1429,2870 1466,2870 1504,2870 1542,2870 1580,2871 1618,2871 1656,2873 1694,2873 1732,2874 1770,2876 1808,2877"/>
                <TextEquiv>
                    <Unicode>falsitatis crimine immunis non esset: quoniam vita illa spiritualis</Unicode>
                </TextEquiv>
            </TextLine>
            <TextLine id="r3l169" custom="readingOrder {index:83;}">
                <Coords points="1039,2917 1819,2915 1819,2883 1039,2880"/>
                <Baseline points="1044,2903 1082,2902 1121,2901 1159,2901 1198,2901 1236,2900 1275,2900 1313,2900 1352,2900 1390,2900 1429,2900 1467,2901 1506,2901 1544,2901 1583,2903 1621,2903 1660,2904 1698,2906 1737,2907 1775,2909 1814,2910"/>
                <TextEquiv>
                    <Unicode>&amp; coelestis non est res nobis insita: multo minus aliqua qualitas, sed </Unicode>
                </TextEquiv>
            </TextLine>
            <TextLine id="r3l171" custom="readingOrder {index:84;}">
                <Coords points="1033,2952 1819,2947 1819,2920 1768,2915 1033,2918"/>
                <Baseline points="1038,2937 1076,2936 1115,2936 1154,2936 1193,2934 1232,2934 1270,2934 1309,2934 1348,2933 1387,2933 1426,2933 1464,2933 1503,2933 1542,2934 1581,2934 1620,2936 1658,2936 1697,2937 1736,2939 1775,2941 1814,2943"/>
                <TextEquiv>
                    <Unicode>gratiosa conjunctio cum Deo. Quod potuisset Bellarminus disceret</Unicode>
                </TextEquiv>
            </TextLine>
            <TextLine id="r3l173" custom="readingOrder {index:85;}">
                <Coords points="1038,2978 1822,2979 1814,2950 1683,2943 1038,2953"/>
                <Baseline points="1043,2967 1081,2967 1120,2967 1159,2967 1197,2967 1236,2967 1275,2967 1313,2967 1352,2967 1391,2967 1430,2967 1468,2967 1507,2967 1546,2967 1584,2967 1623,2969 1662,2969 1700,2970 1739,2970 1778,2972 1817,2973"/>
                <TextEquiv>
                    <Unicode>vel ex Bernardo, cui vita aterna ninu est aliud, quam visio matestatis</Unicode>
                </TextEquiv>
            </TextLine>
            <TextLine id="r3l175" custom="readingOrder {index:86;}">
                <Coords points="1033,3010 1825,3013 1825,2983 1799,2981 1033,2975"/>
                <Baseline points="1038,2999 1077,3000 1116,3000 1155,3000 1194,3000 1233,3000 1272,3000 1311,3000 1350,3000 1389,3000 1429,3000 1468,3000 1507,3000 1546,3000 1585,3002 1624,3002 1663,3002 1702,3003 1741,3004 1780,3005 1820,3006"/>
                <TextEquiv>
                    <Unicode>Dei, Sermon. 5. in vigilia Natalis Domini. Imo cui vera animae vita;</Unicode>
                </TextEquiv>
            </TextLine>
            <TextLine id="r3l178" custom="readingOrder {index:87;}">
                <Coords points="1043,3040 1787,3059 1817,3051 1818,3020 1044,3009"/>
                <Baseline points="1049,3030 1087,3032 1125,3032 1163,3033 1201,3033 1239,3033 1277,3033 1316,3034 1354,3035 1392,3035 1430,3035 1468,3035 1506,3035 1544,3035 1583,3036 1621,3036 1659,3036 1697,3038 1735,3039 1773,3039 1812,3041"/>
                <TextEquiv>
                    <Unicode>Deus est, ut loquitur Serm. 10. in Psalm. Qui habitat, &amp; Serm. S1</Unicode>
                </TextEquiv>
            </TextLine>
            <TextLine id="r3l179" custom="readingOrder {index:88;}">
                <Coords points="1039,3081 1061,3086 1076,3074 1107,3078 1123,3071 1129,3076 1157,3072 1171,3080 1193,3074 1193,3048 1174,3048 1168,3043 1139,3048 1114,3042 1093,3049 1071,3045 1062,3049 1050,3038 1039,3040"/>
                <Baseline points="1044,3065 1072,3065 1101,3065 1130,3066 1159,3066 1188,3065"/>
                <TextEquiv>
                    <Unicode>super Cantica.</Unicode>
                </TextEquiv>
            </TextLine>
            <TextLine id="r3l181" custom="readingOrder {index:89;}">
                <Coords points="1068,3116 1798,3116 1822,3114 1823,3082 1594,3085 1514,3062 1069,3075"/>
                <Baseline points="1074,3096 1111,3098 1148,3098 1185,3098 1222,3098 1259,3098 1296,3098 1334,3098 1371,3099 1408,3099 1445,3099 1482,3099 1519,3099 1556,3099 1594,3101 1631,3101 1668,3102 1705,3102 1742,3104 1779,3104 1817,3105"/>
                <TextEquiv>
                    <Unicode>Quinto probatio assumtionis est plane aliena. Probandum enim</Unicode>
                </TextEquiv>
            </TextLine>
            <TextLine id="r3l184" custom="readingOrder {index:90;}">
                <Coords points="1036,3141 1826,3146 1826,3117 1795,3113 1036,3115"/>
                <Baseline points="1041,3131 1080,3132 1119,3132 1158,3132 1197,3132 1236,3132 1275,3132 1314,3132 1353,3132 1392,3132 1431,3134 1470,3134 1509,3134 1548,3134 1587,3135 1626,3135 1665,3137 1704,3137 1743,3138 1782,3138 1821,3140"/>
                <TextEquiv>
                    <Unicode>erat, gratiam quam justificamur esse vitam: at testimonium Pauli hoc</Unicode>
                </TextEquiv>
            </TextLine>
            <TextLine id="r3l186" custom="readingOrder {index:91;}">
                <Coords points="1042,3183 1831,3184 1814,3149 1042,3144"/>
                <Baseline points="1047,3164 1088,3165 1129,3165 1170,3167 1211,3167 1252,3167 1293,3167 1334,3167 1375,3168 1416,3168 1457,3168 1498,3168 1539,3168 1580,3170 1621,3170 1662,3170 1703,3171 1744,3171 1785,3173 1826,3173"/>
                <TextEquiv>
                    <Unicode>non habet, sed Spiritum esse vitam propter iustitiam: Sic enim ver¬</Unicode>
                </TextEquiv>
            </TextLine>
            <TextEquiv>
                <Unicode>nam etiam in hoc dicto Rom. 8. intelligenda est charitas, quam Deus
nos complectitur in Christo) Viraque autem charitas Dei in cordibus no¬
stris diffunditur per Spiritum Sanctum, qui datus est nobis. Spiritum
enim Sanctum, qui est amor Patris &amp; Filii, dari nobis, est nos adduci ad
participationem amiris, qui est Spiritus Sanctus, A qua quidem partici¬
atione efficimur Dei amatores. Et hoc quod ipsum amamus, signum
est quod ipse nos amet, Proverb. 8. Ego diligentes me diligo. Non quasit
nos primo dilexerimus Deum, sed quoniam ipse prior dilexit nos, ut diici:
tur I. Ioh. 4. Dicitur autem charitas qua nos Deus diligit in cordibus
nostris diffusa esse, qe od est in cordibus nostris patenter ostensa per donum
Sancti Spiritus nobis improssum 1. Joh. 3. In hoc scimus, quoniam ma¬
net in nobis Deus, &amp;c. Charitas autem qua nos Deum diligimus, dicitur
in cordibus nostris diffusa, id est, quia ad omnes mores &amp; actus animi
perficiendos se extendit: nam ut dicit 1. Corinth. 13. Charitas patiem
est, benigna est, &amp;c. Ex utroque autem intellectu horum verborum con¬
cluditur quod spes non confundit. Si enim accipiatur charitas Dei, quae
nos diligit Deus, manifestum est quod his, quos diligit, seipsum non nega¬
bit, Deute, 33. Dilexit populos, omnes sancti in manu eius sunt. Simi¬
liter etiamsi charitas Dei accipiatur, qua nos Deum diligimus: mani¬
festum est, quod se diligentibus bona aeterna praeparavit Ioh. 14. Si qui- 
diligit me, diligetur a Patre meo. Hactenus Aquinatis explicatio, ex
qua liquet, utcunque dupliciter charitatem Dei hoc loco accipi pos¬
e putet, tamen nostram interpretationem non tepudiet, imo expres¬
Se ponat. Quin etiam dato, sed non concesso per charitatem Dei hic
accipi posse dilectionem quam nos diligimus Deum: tamen inde non
sequeretur, gratiam per quam justificamur, vel esse nostram dilectionem,
vel qualitatem nobis inhaerentem.
Iestat Bellarminus. Ipse etiam Apostolus ad Rom. 8. v. 15. de hoc
ipso Spiritu nobis dato, loquens: Accepistis, inquit, Spiritum adoptionis:
iliorum, in quo clamamus, Abba Pater. At certe clamamus, Abba¬
Pater, per charitatem, qua diligimus nos Deum, non qua diligit nos Deus.
RESP. Peccar Bellarminus confundendo disparata. Nam Spi¬
ritus adoptionis non est ipsa charitas, quam nos Deum diligimus. Dis¬
sentit autem Bellarminus iterum ab utraque Glossa ordinaria: Nam in¬
terlinearis Spir tum adoptionis Rom. 8. interpretatur datorem bono¬
rum operum; Marginalis glossa vero haec verba, in quo clamamus, sic 
declarat: Hoc iterum ex dono Spiritus, quod ita nos facit clamare. Dis¬
sentit etiam a Thoma Aquinate, qui super cap. 8. ad Roman. disert.
ait, amorem esse effectum Spiritus Sancti: idque probat hoc ipso testi¬
monio Pauli Rom. 5. v. 5. Charitas Dei: &amp; illa verba Rom. 8. In quo
sic explet, scilicet Spiritu Sancto clamamus.
Ex his liquet, quartam etiam assumtionis probationem esse nul¬
iam
Quinta probatio assumtionis haec est:
Vita est res nobis insita &amp; inhaerens
Gratia per quam justificamur est vita: Ergo, &amp;c.
Assumtionis probatio: Nam Rom. 8. v 10. per gratiam iustificantem
vivere dicimur: Corpus quidem mortuum est propter peccatum, spiritus
autem vivit propter iustificationem. At non recte dici possumus vivere
per extrinsecum Dei favore; quum nihil sit magis interna, quam vita¬
RESP. Primo negamus consequentiam, quia sunt quatuor termi¬
ni propter homonymiam. Nam maior loquitur de vita naturali, at
minor de vita spirituali &amp; coelesti. Secundo, ambiguum est etiam prae¬
dicatum propositionis quum vita dicitur esse res nobis insita &amp; inhe¬
rens. Nam hoc intelligi potest, vel de qualitate nobis insita &amp; inhae¬
rente, vel de alio accidente. Si de qualitate intelligatur, ut certe a Bel¬
larmino intelligitur, qui gratiam gratos nos facientem &amp; qua justifi¬
tamur, contendit esse qualitatem in anima haerentem; tum vita cri¬
qualitas in anima inhaerens. Viderit jam quid respondeat Philosophis
longe aliter de vita naturali statuentibus. Aliud est vita totius com¬
positi, aliud partium componentium. Nam vita totius compositi, eest
conjunctio seu unio animae cum corpore, ut est in octavo primae Phi¬ 
osophiae, συiθεσις η συν θεομος ψυχῆς συμαιι τό ζιν. Partium vero no
componentium vita, alia est animae, alia corporis animati. Vita anime
essentialis est, nempe ipsamet anima. Ergo vita animae, non est pro¬
prie ἰδέωκα, sed essentia animae, &amp; εἰτελεχεια πξώτη, actus primus, non
actus secundus. Vita corporis animati, est accidentaria, &amp; per separa
ionem a corpore interit, vita autem illa sunt operationes vitales, ut
sunt, sentire, cupere, trasci, moveri. Haec vita corporis animati ab ani¬
na est, sed non in anima; velut &amp; motus ab anima, non in ani¬
ma. Abea namque esse vult Philosophus: in ea esse non vult. Quem¬
admodum a Sole calor, qui in Sole non est. Viderit igitur Bellarmi¬
nus, quomodo propositionem suam Philosophis probet: nam certe

haerens: nec vita animae est qualitas animae inhaerens, sed est ipsa essen¬
ia animae: nec denique vita corporis est qualitas in anima inhaerens
Tertio, falsa est etiam assumtio: Nam gratia per quam justifica¬
mur nec est animae vita essentialis, nec corporis vita accidentaria
nec animae &amp; corporis conjunctio, quarum significationum aliqui
nomen vitae in propositione sumitur: nam illa loquitur de vita homi¬
nis naturali.
Quario, etsi in propositione intelligeretur vita spiritualis: tamer
falsitatis crimine immunis non esset: quoniam vita illa spiritualis
&amp; coelestis non est res nobis insita: multo minus aliqua qualitas, sed 
gratiosa conjunctio cum Deo. Quod potuisset Bellarminus disceret
vel ex Bernardo, cui vita aterna ninu est aliud, quam visio matestatis
Dei, Sermon. 5. in vigilia Natalis Domini. Imo cui vera animae vita;
Deus est, ut loquitur Serm. 10. in Psalm. Qui habitat, &amp; Serm. S1
super Cantica.
Quinto probatio assumtionis est plane aliena. Probandum enim
erat, gratiam quam justificamur esse vitam: at testimonium Pauli hoc
non habet, sed Spiritum esse vitam propter iustitiam: Sic enim ver¬</Unicode>
            </TextEquiv>
        </TextRegion>
    </Page>
</PcGts>
