2063 3388
259 181 1004 237 RESP. Ista tam audax & temeratia assertio pluribus locis ex Jo¬
223 219 1004 265 hanne adductis infringi potest. Verum ne adversarii cavillentur, nos
222 248 1005 298 illa loca, quae adducturi sumus, interpretari ut nobis lubet: produ¬
229 292 997 339 camus Augustinum interpretem. Is septimo tomo, libro contra Do¬
226 316 1004 366 natistas post collationem, pagina quadringentes. tertia, sic ait: Nolen¬
231 345 1001 399 tes (Donatistae) consentire, mundi nomine Ecclesiam posse significari
244 383 1004 428 contra verba Apostoli, qui dixit, Deus erat in Christo mundum recon¬
246 410 1003 464 ilians sibi: & contra ipsius verba Domini, qui dixit, Non venit Filius
240 445 1001 499 hominis ut iudicet mundum, sed ut salvetur mundus per ipsum: Ne¬
244 475 1015 535 que enim reconciliari Deo & salvari per ipsum mundus potest, nisit
236 508 1013 560 mundi nomine intelligatur Ecclesia, quae sola per eum Deo reconciliata
246 541 1010 588 salvatur. Hactenus Augustinus. Praecedente vero pagin. 402. ait de
244 573 1004 627 Donatistis: Illi (Donatistae) dicebant, mundum semper in maam si¬
228 611 1003 662 gnificationem positum, & testimonia de Scripturis dabant, quia scri¬
248 640 1013 692 ptum est, Si quis dilexerit mundum, non est charitas Patris in illo, &
248 673 1012 722 catera talia. Nos vero non solum in malam, sed etiam in bonam signi¬
233 705 1013 762 ficationem mundum in Scripturis positum, respondebamus, & comme¬
244 737 1016 793 morabamus etiam illud, quod scriptum est, Deus erat in Christo mun¬
258 770 1010 818 dum reconcilians sibi, qui utique non sibi reconciliat, nisi Ecclesiam. Si¬
253 803 1016 851 militer in Breviculo collationum cum Donatistis, in collatione tertis
262 836 1015 887 lici pag. 387. Dissensio nata est propter mundi nomen, quod Donatista.
249 873 1022 917 nolebant intelligi Ecclesiam, quia scriptum est: Ager est hic mundus. Et
249 907 1019 948 multa testimonia protulerunt, quibus Sancta Scriptura mundum non
258 934 1022 982 nisi malos commemorasset, sicuti est, Qui dilexerit mundum, non est
259 972 1018 1016 charitas Patris in illo, & caetera talia; ut quasi ex hoc ostenderent mun¬
262 1004 1022 1048 di nomine Ecclesiam significari minime potuisse. Contra Catholic.
259 1030 1025 1077 alia testimonia proferebant, quibus in bono mundi nomen esse positum
258 1062 1020 1115 ostenderetur, sicuti est, Deus erat in Christo, mundum reconcilians sibi
261 1105 1021 1143 & caetera huiusmodi ubi ostenderetur Ecclesia, quoniam ipsa utique per
259 1129 1025 1178 Christum reconciliatur Deo. Tomo 9. Tractatu 87. in Johannem
274 1169 1015 1214 pag. 3 12. Si de mundo essetis, mundus quod suum erat diligeret. Una
264 1202 1015 1239 versae utique hoc dicit Ecclesiae, quam plerumque etiam ipsam mundi nomi¬
276 1232 1028 1268 ne appellat, sicut est illud: Deus erat in Christo, mundum reconcilians
276 1260 1025 1301 sibi. Itemque illud: Non venit Filius hominis ut iudiecet mundum, sed
261 1295 1028 1335 ut salvetur mundus per ipsum; & in epistola sua Iohannes ait: Advo¬
271 1334 1034 1376 cutum habemus apud Patrem, Iesum Christum iustum, & ipse propitia¬
268 1358 1031 1401 tor est peccatorum nostrorum, non tantum nostrorum, sed etiam
262 1397 1022 1431 totius mundi: totus ergo mundus Ecclesia est, & totus mun¬
265 1428 1034 1461 dus odit Ecclesiam. Mundus igitur odit mundum, in, micus reconcilia¬
268 1461 1031 1499 tum, damnatus salvatum, inquinatus mundatum, sed iste mundus
267 1489 1025 1531 quem Deus in Christo reconciliat sibi, & per Christum salvatur, & cu¬
262 1522 1027 1564 per Christum peccatum omne donatur, de mundo electus est inimicot
264 1557 1040 1599 damnato, contaminato. Tom. 2. epist. 48. pag. 118 Et totus mundus
261 1582 1037 1624 in maligno positus est propter Zizania quae sunt per totum mundum: &
274 1621 1034 1662 Christus propitiator est peccatorum nostrorum, non tantum nostrorum:
270 1653 949 1686 sed totius mundi, propter triticum quod est per totum mundum.
291 1677 1027 1719 Similiter totum mundum interpretatur Cyrillus in Johannem li
264 1713 1031 1754 bro undecimo cap. 19. verba Christi Joh. 17. non oro pro mundo: &
262 1747 1031 1782 verba haec Johannis, propitiatio est totius mundi concilians: Beatus
273 1781 1031 1818 Iohannes (inquit Cyrillus) quia erat Iudaus, ne pro Iudaeis tantum ad¬
270 1818 1036 1854 vocatus esse Dominus apud Patrem videretur, necessario adiecit, cum
261 1844 1024 1887 propitiationem esse totius mundi id est, pro omnibus qui per fidem vocat
270 1886 1040 1926 ad iustitiam & sanctificationem. Haec Cyrillus. Similiter explicat mun¬
268 1911 872 1947 di nomen Hieronymus libro 2. adversus Jovinianum.
300 1941 1043 1982 Ex his instantiis liquet, falsum esse, nusquam a Johanne vocem¬
261 1972 1028 2011 mundi pro solis fidelibus usurpari; ac proinde Joh. 3. dilectio mun¬
267 2006 938 2049 di de speciali amore hominum servandorum recte accipitur.
307 2036 1037 2082 Causa efficiens amoris Dei erga nos est mera bonitas Dei. Causa
268 2069 1024 2108 nulla est in nobis, hoc est, nihil est in nobis quo Deus moveatur a¬
271 2104 1034 2144 nos diligendos: sed plane gratuitus est Dei amor. 1. Joh. 4. v. 10. In
270 2136 1030 2170 hoc est charitas, non quod nos dilexerimus Deum, sed quod ipse dilexet
273 2171 1036 2212 cit nos, & miserit Filium suum ut esset propitiatio pro peccatis nostris. Et¬
261 2202 1022 2238 v.19. Nos diligimus eum, quoniam ipse prior dilexit nos: quemadmo,
261 2238 1031 2276 dum etiam Bernardus ait libro de Amore capitulo 4. Cum nos amas
261 2271 1037 2300 non nisi propter te nos amas. Et mox: Nec te, nisi propter te; nec ange¬
261 2300 760 2346 lum nec hominem amare potes, nisi proptertes
291 2325 1030 2368 Proinde nostra charitas erga Deum, non est causa charitatis Dei
258 2369 1042 2401 erga nos. Contra Bellarminus tertio tomo, libro primo de gratia &
271 2398 1030 2436 libero arbitrio, cap. sexto, docet, q nostra dilectio faciat nos Deo dilectos
262 2429 1058 2476 & cap. septimo ait; quod Deus duobus modis nos diligat: uno modo, ut
261 2462 1027 2501 simus iusti & sancti: alio modo, quia sumus iusti & sancti. Et poste
264 2498 1028 2530 riorem modum probat his dictis Prov. 8. v. 17. Ego diligentes me di¬
261 2528 1033 2566 ligo. Et Joh. 14. v. 21. Qui diligit me, diligetur a Patre meo. Et cap. 16.
264 2561 1043 2596 v. 27. Pater amat vos, quia vos me amistis. At primo haec modorum
269 2595 1035 2638 dilectionis Dei distributio est ἀλογος, quia non est sumta ex eodem
261 2625 1034 2664 fonte seu argumento. nam primus modus est causa finalis, secundus
273 2659 1030 2698 est causa efficiens. Secundo est ἀθεόλογος: nam ex allegatis dictis per¬
285 2697 1030 2732 eram colligitur alter ille modus Bellarmini, hoc est, amor promeri¬
269 2727 1024 2762 tus nostra dilectione. Quod enim ad primum locum attinet ex Pro
282 2758 1040 2794 perb. 8. v. 17. eo non docetur, quod Christus nos diligat, quia simus
276 2791 1039 2828 justi & sancti, sed primo quod noster amor erga Christum sit nobis
274 2822 1039 2860 signum, quod ille nos amet. Itaque hoc dicto τεκμήριον & indubita.
282 2856 1036 2890 lum signum, non autem causa amoris Christi erga nos ostenditur?
282 2884 1046 2925 Deinde eodem docetur, quodnam sit subjectum occupans amoris
286 2915 1040 2962 Christi, hoc est, quosuam homines Christus sapientia donet, instruat
274 2953 1037 2993 & ornet, nempe illos qui ipsum amant. Tertio amare seu diligere hoc
272 2976 1031 3030 loco non indicat attributum essentiale amoris, seu declarationem
285 3019 1035 3059 amoris ipso opere seu facto, hoc est, collationem beneficiorum & do¬
283 3049 1040 3093 norum quibus Christus se diligentes ornat: sic ut amare seu diligere,
293 3077 1031 3125 per metonymiam causae efficientis, hic idem sit, quod sapientia do¬
285 3114 1039 3158 nare, instruere & ornate, quia amor quo nos aeterna illa Patris Sa¬
292 3139 1039 3194 lientia complectitur, est causa efficiens donationis sapientiae, qua
1053 168 1854 220 nobis opus est. Quin Bellarminus etiam ipsum Thomam Aquiia;
1057 214 1853 256 tem adversarium habet in hujus dicti expositione, qui sic explicat in
1054 254 1853 288 explanatione capitis quinti ad Romanos; Hoc quod ipsum amamus
1065 275 1840 326 signum est quod ipse nos amet, Proverb. 8. Ego diligentes me diligo. Et
1056 310 1851 348 expresse addit Thomas Aquinas; Non quasi nos primo dilexerimus
1063 343 1733 386 Deum, sed quoniam ipse prior dilexit nos, ut dicitur. 1. Joh. 4.
1095 365 1873 419 Quod attinet ad secundum locum, Johan 14. vers. 21. Qui diligit
1060 417 1873 451 me, diligetur a Patre meo: nec eo docetur, nostram dilectionem esse
1072 443 1858 482 causam divinae dilectionis: sed nostrae dilectionis effectum seu¬
1063 477 1853 516 fructum esse ampliorem sensum, perceptionem & experientiam cla¬
1069 508 1850 555 tioremque cognitionem amoris divini erga nos. Sensos ergo est:
1074 539 1843 581 Qui diligit me, diligetur a Patre meo, hoc est, reipsa ex facto & benefi¬
1075 573 1856 616 iis a Patre meo datis sentiet, experietur & cognoscet, se diligi a Pa¬
1060 603 1852 648 tre meo, indies magis atque magis crescet in ipso sensus & cognitio¬
1066 636 1862 677 charitatis Patris mei erga ipsum. Itaque hic diligi per metonymiam
1060 671 1849 715 subjecti, idem est quod experimeto cognoscere amore Dei erga nos
1096 704 1854 741 INSTANTIA: At dicitur futuro tempore: DILIGEIUR a Patri,
1069 741 1124 775 meo.
1099 769 1859 807 RESP. Inde non evincitur Patris erga nos dilectionem esse effe¬
1071 800 1861 844 ctum nostrae dilectionis. Nam cum I. Joh. 4. v. 19. dicatur expres¬
1080 831 1856 872 re, quod Deus prior dilexerit nos: ut contradictio tollatur, necesse
1074 864 1853 907 est in his verbis Christi, verbum futurum diligetur, alia significatio
1077 905 1861 946 ne accipi, pro, beneficiis salutaribus cumulabitur, atque sic experimen¬
1087 935 1472 980 o ipso evidenter cognoscet se dilege
1098 961 1882 1006 Quod ad tertium locum attinet Johan. 16. vers. 27. Pater amat?
1075 1004 1883 1044 vos, quia vos me amastis; nec ex illo recte colligitur nostrum amo¬
1079 1031 1884 1066 rem esse causam efficientem amoris divini erga nos, sed amorem no¬
1081 1062 1884 1101 strum erga Christum esse documentum amoris Patris coelestis er¬
1096 1091 1870 1138 ia nos. Nemo enim diligit Christum, nisi quem Pater prius di¬
1081 1134 1868 1169 lexit: sicut dicit Christus Johan. 6. v. 37. Quicquid dat mihi Pater,
1081 1161 1874 1202 ad me veniet: & vers. 44. Nemo potest venire ad me, nisi Pater, qui
1087 1196 1874 1238 misit me, traxerit eum. Si nemo potest venire ad Christum, hoc
1084 1235 1871 1275 est, credendo & amando tendere in ipsum, nisi Pater traxerit, ac pro¬
1093 1268 1868 1298 inde dilexerit eum: tum Pater nos prius dilexit, quam nos Christum.
1087 1294 1870 1333 Cum hoc consentit quod dicitur 1. Joh. 4. vers. 19. Ipse prior dilexit
1086 1326 1855 1364 nos. Et Roman. 10. vers. 20. Inventus sum ab iis, qui me non quae
1090 1363 1868 1401 rebant. Et Roman. 5. vers. 8. & 10. Commendat suam erga nos
1081 1397 1862 1430 charitatem Deus, cum adhuc peccatores & inimici essemus. Hoc Au¬
1099 1423 1862 1463 ustinus perspicue explicat nono tomo, tractatu centesimo secundo
1086 1462 1862 1499 in Johannem, pagina trecentesima quadragesima prima: Ideo ama¬
1095 1492 1865 1531 ille, quia nos amamus, an potius quia ille amat, ideo nos amamus? Ex¬
1101 1523 1876 1566 pistola sua idem ipse Evangelista respondeat: Nos diligimus, inquit,
1102 1560 1877 1599 quia prior ipse dilexit nos: hinc ergo factum est ut diligeremus, quia
1089 1594 1870 1627 dilecti sumus. Prorfus donum Dei est diligere Deum, quoniam ipse
1084 1622 1868 1659 ut diligeretur dedit, qui non dilectus dilexit. Displicentes amati sub
1096 1653 1874 1692 mus, ut esset in nobis unde placeremus: non enim amaremus Filium,
1092 1689 1874 1718 nisi amaremus & Patrem. Amat nos Pater, quia nos amamus Fi¬
1098 1719 1868 1754 lium, cum a Patre & Filio acceperimus, ut & Patrem & Filium ame¬
1087 1749 1865 1792 mus: diffundit enim charitatem in cordibus nostris amborum Spiri¬
1098 1782 1874 1823 cus: per quem Spiritum & Patrem amamus & Filium, & quem Spi¬
1087 1814 1865 1851 ritum amamus cum Patre & Filio. Amorem itaque nostrum pium quo
1083 1852 1868 1889 colimus Deum, fecit Deus, & vidit quia bonum est: ideo quippe ama¬
1085 1876 1868 1914 vit ipse quod fecit, sed in nobis non faceret, quod amaret, nisi ante¬
1089 1908 1678 1958 quam id faceret, nos amaret. Hactenus Augustinus
1113 1928 1865 1981 Maneat igitur fixum, amorem Dei in nos, esse plane gratuitum
1081 1981 1880 2012 causamque ejus efficientem solam bonitatem Dei esse, non autem
1083 2011 1871 2045 nostram in Deum charitatem; aut dignitatem, vel praerogativam
1086 2043 1877 2082 aliquam nostram. Deut. 7. v. 7. Non propter multitudinem vestram,
1086 2079 1880 2124 qua superatis omnes populos, amore propendit Iehova in vos ac selegit
1087 2108 1775 2146 vos, vos enim eratis populus paucissimus omnium populorum.
1119 2137 1883 2178 Effecta ac proinde certa signa amoris Dei erga nos, sunt omnia
1083 2180 1876 2217 eaque innumera beneficia, quae Deus in nos contulit, atque etiam¬
1083 2206 1864 2243 num confert, ut exstat Jerem. 31. v. 3. Dilestione perpetua diligo te¬
1099 2238 1891 2272 dcirco extendo erga te benignitatem. Sic amor Dei fuit causa libera¬
1096 2271 1891 2314 tionis populi Israelitici ex AEgypto, Deut. 4. vers. 37. Propterea quod
1086 2309 1892 2342 dilexit maiores tuos, elegitque semen cuiusque eorum post eum, ideo eduxit
1089 2338 1879 2371 te praesens virtute sua maxima ex AEgypto. Et cap. 7. v. 8. Eo quod di¬
1104 2375 1874 2411 igit Iehova vos, & co quod servat iuramentum illud quod iuraverat
1095 2401 1882 2442 maioribus vestris, eduxit vos Iehova manu forti: ac redemit te e domo,
1076 2438 1576 2475 servorum, e domo Phaeraonis Regis AEgypti¬
1119 2468 1885 2511 Amor Dei fuit causa electionis populi Israelitici praeteritis aliis,
1099 2500 1886 2533 populis, sicut dicitur Deut. 10. v. 15. Tantum in maiores tuos propen¬
1099 2534 1870 2573 sus fuit amore Iehova diligendo eos; unde selegit semen eorum post eos
1099 2565 1643 2600 vos, inquam, prae omnibus populis, sicut est hodie.
1129 2597 1883 2632 Amor Dei fuit causa, cur Bileamus non potuerit maledicere Israe¬
1093 2621 1874 2663 litis: sicut est Deut. 23. v. 5. Noluit Iehova Deus tuus auscultare Bi¬
1092 2662 1879 2705 leamo, sed convertit tibi Iehova Deus maledictionem illam in benedi¬
1101 2693 1610 2730 ctionem, eo quod diligeret te Iehova Deus tuus
1125 2721 1883 2762 Amoris Dei signum est, cum Magistratum excitat sapientem: sic¬
1102 2761 1882 2798 ut testatur Churamus rex Tyri in epistola ad Salomonem Regem.
1098 2796 1880 2841 Israelitatum, 2. Chron. 2. v. 11. Prae amore Iehovae erga populum suum
1111 2828 1404 2870 onstituit te super eos Regem.
1116 2854 1873 2903 Amoris Dei erga nos effectum & signum illustre est, quod nobi
1098 2886 1871 2926 dederit Filium suum Unigenitum, Joh. 3. v.16. quod Christus pro no¬
1089 2924 1874 2958 bis mortuus sit, Rom. 5. v. 8 1. Joh. 3. 16. & cap. 4 v. 9, 10. quod Deus
1098 2958 1885 2995 Pater nos adoptaverit in filios, 1 Joh. 3. 1. quod nos quum in offensis
1095 2991 1879 3026 mortui essemus, una vivificaverit cum Christo, Eph. 2. v. 4, 5. quod¬
1108 3028 1772 3060 ue nos donarit viva fide & charitate in eum Joh. 14. v. 25.
1128 3060 1880 3099 Amoris Dei effectum est castigatio piorum, Prov. 3. v. 12. Quem
1098 3084 1885 3122 diligit Iehova, corrigit; & quidem ut Pater Filium, cui bene vult. Et
1083 3119 1882 3170 Heb. 12. v. 6. Quem enim diligit, Dominus, castigat: flagellat autem
1102 3156 1400 3202 quemcunque Filium agnoscit.
