2063 3363
189 180 983 234 Subjectum occupans amoris Dei, est duntaxat bonum: Nihil enim
183 220 578 258 amat Deus, nisi quod bonum est.
222 236 964 291 Amat igitur tum seipsum, qui est summum & infinitum bonum:
192 283 968 320 tum res a se creatas, quia omnes bonae sunt creatae. Eas vero diver¬
189 321 965 354 so respectu tum aequaliter amat, tum inaequaliter. AEqualiter amat
183 349 974 385 Deus omnes creaturas respectu actus voluntatis divinae, qui unus
183 383 958 420 est, idemque purissimus ac simplicissimus, & eodem modo se semper
192 416 962 452 habens, minimeque vel intendi vel remitti potest. Proinde quod ad
192 452 974 488 actum voluntatis divinae attinet, non magis amat Deus unum quam
183 477 968 518 aliud quum omnia uno & eodem actu amet. Inaequaliter autem amat
196 513 969 553 Deus respectu diversitatis tum objecti tum effectus amoris. Si objecta
193 546 967 585 amoris consideremus, res meliores Deus semper magis amat, quam
199 575 961 614 minus bonas, ideoque magis amat Christum qua is homo est, quam
189 617 968 653 universas simul creaturas reliquas: magis Angelos & homines quam
202 648 965 685 creaturas ratione carentes, & ex Angelis hominibusque magis ele¬
201 673 961 707 ctos quam reprobos, imo homines magis, quam Angelos, & ex ho¬
196 707 965 750 minibus electis magis natos, quam nondum natos, & ex natis magis
193 738 971 774 renatos & jam pios, quam nondum renatos & adhuc impios; & per¬
192 773 965 805 fecte renatos & jam in coelo regnantes cum Christo magis amat,
196 801 968 837 quam imperfecte renatos & adhuc scorias peccati adhaerentis ha¬
196 837 269 875 bentes.
228 861 974 906 Deinde si effectum amoris spectes, quum amare sit velle alicui id
196 900 968 938 quod ei bonum est, certe Deus magis amat id cui majus bonum vult
196 936 965 974 & praestat, quam id cui minus bonum vult & largitur. Ergo quod
199 971 973 1002 ad actum voluntatis attinet, Deus uno amore omnes res creatas
196 1001 977 1036 amat; quod vero ad diversitatem tum objectorum seu conditionis
201 1031 970 1071 qua sunt res creatae, tum benedictionum, quae a Deo ex amore pro¬
196 1061 842 1104 ficiscuntur attinet, non aequali omnes amore prosequitur.
237 1088 973 1127 OBJICITUR, Deum non posse eadem simul amare & odisse: At
192 1125 968 1166 Psal. 5. v. 6. dicitur; Odisti omnes qui operantur iniquitatem: Quo¬
196 1157 475 1199 modo igitur eosdem amat?
223 1181 977 1224 RESPONDEO, Committitur sophisma falsorum pugnantium:
196 1221 962 1257 nam Deus odit operarios iniquitatis, quia odit in illis iniquitatem,
199 1257 968 1296 quam ipsi operantur: amat vero eosdem quatenus sunt creaturae,
199 1285 970 1330 quas ipse est operatus. Sic dicit Augustinus quarto tomo, libro pri¬
196 1318 965 1361 mo ad Simplicianum, quaest. secunda. Non odit Deus Esau hominem,
189 1356 532 1399 sed odit Deus Esau peccatorem.
237 1376 973 1434 OBJICITUR rursus: Quicquid subiectum est vanitati, id certe Deus
189 1420 323 1458 non amat:
235 1445 904 1486 Omnis creatura subiecta est vanitati, Rom. 8. v. 20. Ergo, &c.
235 1478 974 1520 RESPONDEO. Primo maior non est universaliter vera: dari enim
189 1512 967 1554 potest duntaxat de eo, quod subjectum est vanitati, sine ulla spe libe¬
190 1553 970 1586 rationis assertionisque in meliorem statum & conditionem. Assum¬
189 1586 967 1615 tio est vera solummodo κατά τι: Omnis creatura est subjecta vanita¬
189 1609 973 1651 ti, non simpliciter, sed sub spe, quod & ipsa liberabitur ex servitute cor¬
192 1648 967 1692 ruptionis in libertatem gloriae filiorum Dei, ut ibidem dicitur, v. 21.
231 1675 982 1727 OBJICITUR iterum; Qui calamitatibus subiectus est, eum Deus
201 1709 325 1740 non amat:
238 1741 783 1781 Ego vel isti calamitatibus sunt subiecti: Ergo, &c.
234 1766 967 1814 RESPONDEO. Propositio  ἁπλῶς & universaliter intellecta
186 1797 970 1838 est falsa: quod patet ex afflictionis distributione. Afflictio vel pae¬
199 1837 965 1870 na est, vel exploratio, vel martyrium, vel λύτρον. Poena, est afflictio
202 1870 967 1910 quam Deus hominibus propter peccata immittit: estque vel vindi¬
187 1907 968 1938 cta, vel castigatio. Vindicta divina, est poena qua Deus tanquam tre¬
190 1933 968 1970 mendus judex de inimicis suis ultionem capit, ut illos confundat &
195 1963 967 2005 perdat. Ubicunque igitur poena est ad ultionem, ibi odium & male¬
198 1997 967 2036 dictio Dei se exerit, quam a fidelibus semper continet. At castigatio,
202 2031 961 2066 est poena, qua Deus filios propter peccata corripit, ut eos emendet &
189 2063 965 2099 cautiores in posterum reddat. Haec castigatio & Dei benedictio est
192 2097 962 2131 & amoris divini habet testimonium: sicut dicitur Proverb. 3. v. 12.
195 2124 964 2165 Quem diligit Iehova, corrigit; & quidem ut pater filium cui bene vult.
201 2155 977 2193 Quod repetitur Hebr. 12. 6. Exploratio & martyrium sunt divini
189 2193 961 2225 amoris documenta. Denique λύτρον quod Christus persolvit, non
192 2223 971 2266 fuit paterni adversum Filium odii argumentum: nam Pater subjecit
189 2259 785 2298 eum afflictioni ut per eandem adduceret in gloriam.
224 2280 965 2318 Caeterum Deus non tantum substantias, verum etiam virtutes di¬
192 2313 968 2357 ligit; ut Psal. 11. 7. legitur: Iustus Iehova, quae justa sunt, diligit.
202 2348 980 2387 Psal. 33. 5. Amat iustitiam & iudicium, id est, exsequutionem justi¬
195 2388 469 2431 tiae adversus improbos.
291 2437 889 2487 Tantum de subiectis: sequuntur adiuncta
507 2483 677 2530 amoris Dei.
196 2533 973 2586 Amor Dei erga nos aeternus est, quo nos dilexit in Filio suo ante
195 2565 551 2618 jactum mundi fundamentum.
234 2597 977 2642 Obstare videtur quod Scriptura docet, Deum fuisse nobis inimicum,
208 2632 986 2682 donec morte Christi ei sumus reconciliati: Quomodo ergo nos amavit,
208 2670 437 2713 cum essemus inimici?
231 2699 977 2740 RESPONDEO. Ista non pugnant: quia non intelliguntur καθʹ
197 2736 970 2771 αὑτή. Deus quidem nobis fuit inimicus odio habeus peccatum quod
202 2764 982 2808 est nostrum: idem vero amavit nos diligens in nobis bonum quod
198 2796 971 2850 suum est. Utcunque enim peccatores vitio nostro facti sumus, man¬
201 2833 501 2874 simus tamen ejus creaturae.
228 2854 980 2914 REPLICATIO: Si nos amavit ut suas creaturas: quid opus fuit re¬
202 2894 357 2931 conciliatione?
234 2917 977 2961 RESPONDEO. Elenchus est  παρὰ τὸ ἑπόμηνον. Cum perpetuum
202 2963 980 2994 & irreconciliabile dissidium sit inter justitiam & iniquitatem: quam¬
202 2992 986 3027 diu peccatores manemus, suscipere nos Deus non potest. Itaque ut
204 3022 979 3058 tollatur omnis materia simultatis, nos sibi per mortem Filii sui re¬
201 3055 974 3093 conciliat remissis peccatis omnibus, ut justi in ejus conspectu appa¬
204 3092 983 3124 reamus. Proinde sua dilectione praevenit & antevertit Deus Pater
195 3122 983 3171 nostram in Christo reconciliationem. Id perspicue explicat Au¬
1027 180 1811 231 gustinus Tractatu centesimo decimo in Johannem: Incomprehensi¬
1017 224 1804 258 bilis (inquit) ac immutabilis est Dei dilectio. Non enim ex quo ei recon¬
1027 251 1804 287 ciliati sumus per sanguinem Filii eius, coepit nos diligere, sed ante mun¬
1017 286 1801 322 di constitutionem dilexit nos, ut cum eius Vnigenito etiam nos filii eius
1027 319 1789 358 essemus. Quod ergo reconciliati sumus per mortem Christi, non sic ac¬
1023 352 1792 386 cipiatur, quasi ideo nos reconciliaverit ei Filius; ut iam amare incipe¬
1014 382 1801 418 ret, quos oderat: sed iam nos diligenti reconciliati sumus, cum quo pro¬
1023 412 1802 453 pter peccatum inimicitias habebamus. Quod utrum verum dicam; at¬
1023 451 1792 484 testetur Apostolus: Commendat (inquit) dilectionem suam erga nos;
1029 482 1808 518 quoniam quum adhuc peccatores essemus, Christus pro nobis mortuus
1026 513 1804 550 est. Habebat itaque ille erga nos charitatem, etiam quum inimicitias
1017 549 1801 586 adversus eum exercentes operaremur iniquitatem: Proinde miro & di¬
1021 580 1796 621 vino modo & quando nos oderat, diligebat; Oderat enim nos; quales
1023 605 1796 651 ipse non fecerat: & quia iniquitas nostra opus eius non omni ex parte
1017 639 1795 675 consumserat, noverat simul in unoquoque nostrum & odisse quod fecera¬
1030 675 1793 714 mus, & amare quod fecerat. Haec Augustinus. Idem libro quinto de
1023 704 1796 738 Trinitate, cap. decimosexto ait; Qui amicus Dei iustus esse incipit,
1029 735 1805 775 ipse (nempe homo justus esse incipiens) mutatur: Deus autem absit
1033 768 1801 801 ut temporaliter aliquando diligat, quasi nova dilectione, quae in illo an¬
1027 802 1801 834 te non erat, apud quem nec praeterita transierunt; & futura iam facta
1021 834 1801 873 sunt. Itaque omnes sanctos suos ante mundi constitutionem dilexit, sicut
1017 861 1165 905 praedestinavit.
1053 893 1793 939 Haec ideo observanda sunt, ne cum Ubiquitariis perturbemus,
1035 925 1804 971 quae νουνεχῶς sunt ordinanda. Illi statuunt, meritum Christi esse cau¬
1026 959 1810 1002 sam efficientem aeternae electionis nostrae ad vitam aeternam. Nos
1029 998 1802 1034 rectius cum Scriptura & Orthodoxa antiquitate asserimus, meritum
1030 1026 1802 1072 Christi esse effectum electionis, causam vero salutis nostrae: quem¬
1033 1059 1807 1097 admodum recte Augustinus negat, meritum seu reconciliationem
1036 1090 1808 1127 Christi esse causam amoris Dei erga nos: sed contra potius affirmat
1023 1125 1804 1156 amorem Dei erga nos esse causam reconciliationis nostrae per meri¬
1027 1157 1798 1193 tum Christi. Ita docentes nec abnegamus, nec extenuamus meritum
1030 1186 1798 1225 Christi: sed confusionem duntaxat & perniciosam inversionem cau¬
1029 1220 1802 1259 sarum & effectorum tollimus. Qui ex inscitia causam cum effecto
1029 1257 1804 1288 confundunt, & praetexentes assertionem meriti Christi, gloriam amo¬
1023 1288 1802 1322 ris Dei erga nos evertunt; rem creatam praeferunt Creatori, rem in
1035 1319 1798 1354 tempore factam AEterno illi, qui est Deus benedictus in secula. Non
1029 1348 1798 1382 vult Christus suam gloriam asseri, ut detrahatur Patri, ad cujus glo¬
1029 1382 1796 1418 riam omnia Christus ipse fecit. Amor Dei erga nos, Deus ipse est,
1042 1412 1805 1449 qui solus vere charitas est, ut dicitur 1. Joh. 4. v. 8. Meritum igitur
1039 1439 1805 1482 Christi ejus causa efficiens non est. Amor Dei erga nos ab aeterno
1026 1478 1807 1528 est: itaque meritum Christi quod tempore demum constituto per¬
1032 1507 1465 1554 fectum est, causa ejus efficiens non est.
1177 1545 1655 1596 Tantum de aeternitate amoris Dei.
1071 1598 1816 1642 Secundo amor Dei in nos est magnitudine immensus. Id luculen¬
1033 1637 1817 1673 ter apparet ex effecto ejus, nempe donatione Filii; Ita enim Deus di¬
1042 1668 1820 1706 lexit mundum, ut Filium suum Vnigenitum dederit, Johan. 3. vers. 16.
1029 1702 1799 1738 Magnam ἔμφασιν habet particula οὕτως, ita, q. d. tam vehementer,
1029 1736 1805 1768 tam ardenter, tam mirabiliter nos dilexit, ut Filium suum pro nostra
1027 1767 1807 1805 salute dederit. Quid hoc amore majus? quid ardentius? quid admi¬
1033 1797 1117 1839 rabilius?
1060 1819 1793 1872 Tertio amor Dei erga nos immutabilis, constans & firmus est; sic¬
1029 1861 1726 1903 ut dicit Dominus ipse Jer. 31. 3. Dilectione perpetua diligo te.
1054 1892 1793 1934 Quarto de eodem amore Dei in nos certo semper persuasi esse de¬
1026 1927 1805 1970 bemus, ac in omnibus quantumvis gravissimis tentationibus de eo
1023 1959 1735 1994 confidere. Unde sequitur nequaquam nobis de eo dubitandum.
1060 1990 1793 2027 Obiiciunt Papistae, quod dicitur in libro Ecclesiastae c. 9. v. 1. nemo
1021 2013 1790 2066 scit utrum odio dignus sit, an amore. Hinc colligunt unicuique de amore
1021 2052 1307 2097 Dei erga se dubitandum.
1047 2072 1808 2123 RESPONDEO. Primo locus Ecclesiastae in vulgata versione
1015 2119 1805 2156 Latina mendose est redditus. De verbo ad verbum sic redditur: tum
1026 2152 1796 2186 amorem, tum odium nescit homo. Illa autem verba, utrum dignus
1020 2187 1795 2223 sit, in Hebraeo non sunt, sed ea vulgatus interpres de suo admiscuit.
1020 2218 1792 2251 Deinde non addidit Ecclesiastes nomen Dei, unde constaret eum de
1024 2247 1805 2284 Dei erga homines amore vel odio loqui. Certe Aben Ezra ad ho¬
1017 2280 1798 2321 minum amorem & odium refert & sensum esse docet: quae homines
1026 2313 1804 2344 amant aut oderunt, id est, prospera vel adversa sibi eventura, nemo
1029 2343 1810 2381 est qui sciat. Itaque non est, quod ob illa se quisquam cruciet, sed
1027 2375 1799 2410 boni omnia consulat, & se suaque omnia sibi persuadeat in manu Dei
1033 2405 1799 2440 esse. Proinde amor pro re prospera, quam amamus; odium pro re
1027 2438 1808 2476 adversa quam odimus & aversamur per metonymiam adjuncti poni¬
1027 2472 1799 2507 tur. Atque hanc interpretationem confirmat ejusdem capitis versus
1035 2507 1798 2537 sextus, in quo haec ipsa nomina eadem significatione repetuntur:
1027 2537 1795 2576 Tum amorem eorum, tum odium eorum, tum zelum eorum iam periisse.
1021 2569 1801 2607 id est, viventes sciunt, mortuis tum rem amatam eis, tum exosam
1030 2598 1814 2635 eis, tum desideratam eis jam periisse. Tertio, etsi daremus, hunc lo¬
1033 2639 1808 2676 cum de amore & odio Dei in homines capi posse: tamen perperam
1023 2663 1810 2700 inde colligeretur, de amore Dei in nos esse dubitandum, nec debere
1039 2695 1805 2736 nos de eo in conscientiis nostris certos esse, quum hoc aperte sit con¬
1036 2730 1803 2767 tra multa Scripturae loca, ut Rom. 8. v. 15, 16. ubi dicitur, Spiritum
1032 2767 1813 2803 Sanctum testari una cum Spiritu nostro, quod simus filii Dei: & quod
1032 2795 1811 2832 cum fiducia clamemus, Abba Pater. Et nominatim contra illud fidei
1032 2828 1811 2865 nostrae caput, quo profitemur, nos credere remissionem peccatorum.
1045 2858 1820 2897 Sed tum sensus loci istius esset: ex istis externis accidentibus seu
1036 2889 1817 2928 eventis non posse hominem scire de se vel alio, an a Deo ametur,
1038 2925 1825 2963 aut odio habeatur: & utriusque causam, hominem, ut homo est,
1047 2957 1829 3000 ignorare. Quia ut mali, sic & boni homines calamitates patiuntur;
1039 2990 1832 3026 & ut boni externe prospere habent, sic & mali: Unde non statim ju¬
1041 3022 1823 3058 dicandum, bonum esse & a Deo amari, cui prospere omnia cedunt:
1044 3054 1831 3092 aut malum esse & a Deo odio haberi, quem pati vides. Nam ver¬
1035 3082 1832 3123 bum Domini nos decet, bona malis dari ad maledictionem ut ex¬
1041 3124 1834 3165 caecentur & corruant: bonis contra mala immitti ut vel corrigan¬
