2063 3463
214 187 1018 233 tur, vel probentur, vel martyrii corona ornentur. An igitur sani sunt,
220 219 1012 267 vapistae, qui nullam posse esse nobis amoris Dei erga nos certitudi¬
232 249 1006 299 nem colligunt, quoniam nulla ex carnali rerum praesentium adspect
228 290 1018 334 comprehendi possit? Sic certe argumentantur; Ex istis rebus exter¬
230 317 1009 367 nis nescit homo, an a Deo diligatur: Ergo plane ex nullis rebus id scite
226 357 1021 402 Ita Papistae ex eo, quod Salomon non nisi καζα κ negat, simplicem,
235 397 1028 441 hoc est ex particulari universalem negationem colligant, quod vitio¬
236 427 565 474 sum est argumentandi genus
523 476 759 539 VSVS.
264 540 1028 600 Ex eo quod verus perfectusque amor sit in Deo nostro propriis¬
238 595 1024 636 sime, sic ut ipse etiam I. Johannis 4. versicu o8. appelletur Charitas
232 619 1031 671 ipsa, nempe essentialis, hoc est, essentia verissime & perfectissime
237 654 1017 702 amans: colligitur inde primo ipsum verum esse Deum, & ab omni¬
239 696 1033 736 bus falsis diis discretum. Falsi enim dii aut nullo amore praediti sunt,
243 721 1030 766 sicut neque cognitione, quales sunt statuae, idolaque omnia, de qui¬
241 761 1025 803 bus Psalm. 115. v. 5. &6. Os est eis, sed non loquuntur: oculi sum
243 788 1031 837 eis, sed non vident; aures sunt eis, sed non audiunt: aut oderunt
250 818 1034 868 nos, quales sunt cacodaemones, quos Gentiles aliique idololatrae pro¬
250 860 1068 904 diis colunt: nam quae immolant gentes, daemoniis immolant, & non
249 898 487 938 Deo, 1. Cor. 10. 20.
283 915 1028 969 Deina hinc sequitur, Deum vere esse bonum: sicut contra quis
249 954 770 1015 quis bonum odit, eum malum esse necesse est.
273 994 1034 1042 Tertio sequitur inde, Deum esse fontem ex quo omnis honestus.
246 1035 1034 1076 amor boni, φιλανθρωπια & φιλαδελφια profluit, Deum esse causam
250 1066 1042 1109 honesti amoris in creaturis, & praesertim in nobis hominibus, sicut
251 1100 1040 1145 dicitur I. Johan. 4. vers. 7, 8. Charitas ex Deo est: quisquis diligit, ex
252 1137 1036 1178 Deo natus est, & novit Deum. Qui non diligit, non novit Deum.
250 1169 1050 1213 nam Deus est charitas. Et vers. 16 Deus charitas est: & qui manet
249 1203 721 1243 in charitate, in Deo manet, & Deus in eo
285 1237 1043 1279 Quarto colligitur inde, Deum esse autorem omnis boni in rebus
261 1270 1045 1307 creatis: amor enim Dei est causa bonitatis in rebus creatis. Unde &
265 1300 1037 1346 hoc conficitur, Deum plus amare illas creaturas cum quibus plura
256 1337 492 1378 bona communicavit.
307 1365 1036 1411 Quinto, Ecclesiam Dei esse honoratam; quia illam Deus diligit
262 1401 1045 1443 Sic Deus ait ad populum Israeliticum Jesa. 42. 29. Ex quo pretiosus
264 1433 905 1475 visus es in oculus meis, honoratus fuisti, quia ego dilexi te¬
297 1468 1027 1509 Hactenus didascaliae: sequuntur elenchi, hoc est, redargutiones.
285 1503 1043 1542 Ex attributo amoris Dei primo refutantur, qui impie statuunt,
263 1533 1045 1572 Deum esse autorem peccati Nam qui tantummodo bonum amat, is
256 1567 1051 1605 certe peccati autor non est: Atqui Deus tantummodo bonum amat:
265 1599 577 1645 Ergo peccati autor non est.
296 1629 1057 1676 Secundo refelluntur hinc ii, qui aliqua bona in hominibus negant
267 1662 1052 1706 a Deo profecta, velut Philosophi Gentiles, qui virtutes communes.
271 1696 1045 1742 negant a Deo hominibus dari, sed tantum heroicas ab ipso esse
273 1734 1046 1773 contendunt. Atqui nil boni, quantulumcunque iliud videatur, est
261 1765 1046 1803 in ullo homine, imo in ulla creatura, quod ab amore Dei non pro¬
268 1798 362 1840 fluxerit.
267 1862 548 1914 nantur, quos reprobavit.
472 1891 833 1938 Eλεγχρις subjicio ἐπανορνώσεις.
291 1926 1039 1972 Ex eo quod Deus est charitas; & omne bonum, in eoque etiam non
252 1960 1045 2002 amat, reprehendimur nos, quod Deum non vicissim amemus sicut
261 1993 1039 2037 decebat, ex toto corde, & ex totis viribus. Quod inde constat, quia
256 2028 884 2071 non eam obedientiam ei praestamus quam debebamus
303 2053 1033 2101 Reprehendimur & merito, quod Deum non imitemur, in dile¬
255 2091 1046 2129 ctione boni. Nec enim amamus Angelos sanctos, quos peccatis a
255 2127 1043 2170 nobis arcemus: nec amamus pios homines, qui tamen amandi
250 2163 327 2202 er int.
300 2195 1028 2235 Quin etiam graviter peccant, qui creaturis pro libitu suo abutur.
252 2224 1043 2261 tur. At quod Deus amat, illo minime est abutendum. Non est imi¬
250 2260 1033 2299 tandum exemplum divitis epulonis, qui divitiis terrenis ad immodi¬
248 2290 587 2336 cam voluptatem abutebatur
281 2325 1039 2364 Gravius autem peccant, qui vel Deum vel res bonas vel homines.
252 2359 1045 2399 pios odio habent: & e contrario peccata hominesque impios amant.
261 2392 1040 2429 Quo pertinet illa reprehensio Psal. 4 3. Filii virorum, quousque gloria
255 2427 1039 2463 mea ignominmae futura est? quousque dilecturi estis vanitatem? procura¬
250 2454 537 2501 turi mendacium summe:
537 2490 767 2548 Παίθείας sequuntur.
279 2542 1040 2585 Amor Dei quo nos ille complectitur, primo incitare nos debet ad
246 2585 1044 2618 emandum vicitum Deum & ad testandum amorem illum oboedien¬
249 2615 1034 2650 tia continua: sicut legitur 1. Johan. 4. 19 Nos dligimus Deum, quo
250 2651 1043 2684 niam ipse prior dilexit nos. Et cap. 5 vers. 3. Haec est charitas Dei, ut
252 2677 1038 2721 praecepta eius obiervemus. Secunto excitate in nobis debet fiduciam
262 2709 1043 2752 in Deum. Quis enim non confidat illi, a quo se certo amari novit:
246 2748 1041 2787 Tert o impellere nos debet & ad invocandum & celebrandum
250 2775 1046 2816 Deum. Quario, gignere in nobis debet patientiam in perferendis
256 2810 1046 2851 rebus adversis Nam Deus qui nobis eas immittit. nos amat. Quinto,
258 2843 1049 2883 procreare in nobis debet spem impetrandi bona omnia necesseria, &
250 2881 1037 2918 superandi mala omnia. Sexto, generate in nobis debet amorem pro¬
248 2909 1034 2952 ximorum & inprimis fratrum seu domesticorum fidei: sicut dici
255 2941 1038 2986 tur 1. Jehin. 4. vers. 11. Dilecti, si Deus nos ita dilexit, debemus &
256 2972 1041 3025 nos alii anios diligere. Septimo, persuadere nobis debet, ut diligamus
262 3005 1037 3052 etiam inimicos nostros: quemadmodum Christus docet Matthaei:
255 3043 1037 3085 43. usque ad finem capitis. Octavo, adducere nos eo debet, ut dilis
256 3072 1031 3112 gamus etiam vilissimas creaturas atque erga eas aequitate & mode
255 3110 1043 3147 ratione utamur: veluti si quis servos habet, ut eos diligat, iisque be¬
258 3137 1046 3190 nefaciat, non injuriose tracter, non opprimat laboribus. Quin et¬
264 3165 1045 3211 iani jumenta & animalia alia nostris usibus servientia sunt dili¬
261 3205 1041 3259 genda: nam illis etiam quies aliquando concedenda, bovitritus ant
1072 177 1886 224 os non obturandum, asinus etiam inimici a fossa in quam decidit
1074 217 1877 253 extrahendus, non capienda mater quae in nido suas fovet aviculas, ut
1071 251 1879 290 leges de animalibus latae docent; quae leges ostendunt, quod Deus
1080 281 1881 322 etiam animalia ratione carentia amet & a nobis amari velit, prout
1084 317 1157 363 pat est.
1260 335 1696 408 ωρακλησεις denique annecto.
1108 389 1877 434 Amor Dei quo nos ille prosequitur, multiplicem nobis consola¬
1071 426 1886 474 tionem suggerit. Primo enim vivificat & exhilarat corda nostra,
1090 470 1883 509 quum intelligimus nos a Deo amari, imo Deum esse ipsum amo¬
1081 493 1873 535 rem. Quid enim haec cognitio aliud est, quam initium vitae aeternae
1087 533 1886 575 Secundo confirmat nos, quod Deus nequaquam spem nostram pu¬
1084 561 1877 602 defacturus, nequaquam nos deserturus sit, etiamsi in extremis affli¬
1086 595 1878 640 ctionibus versaremur: quo pertinent haec dicta, Romanor. 5. vers.
1087 628 1886 674 5. Spes non pudefacit, eo quod charitas Dei effusa est in cordibus nostris
1090 660 1889 703 per Spiritum Sanctum qui datus est nobis. Tertio confirmat nos, quod
1084 696 1888 731 Deus nobis daturus sit omnia necessaria ad vitam & pietatem. Quar¬
1086 732 1892 770 to, consolatur nos adversus omnes tentationes ob peccatum, & dubi¬
1083 758 1890 802 tationes de perseverantia in fide, de perpetua praesentia Dei, de certi¬
1078 796 1889 836 tudine salutis. Nam quos Deus amat in Christo, eos neque peccatum
1083 834 1880 873 neque quicquam aliud de charitate Dei, quae est in Christo Jesu, po¬
1087 864 1885 909 test separate: quo referendum illud Rom. 8. v. 25. usque ad finem ca¬
1099 895 1889 934 itis. Quinto, consolatur nos adversus odia humana, & ex iis ortas
1092 931 1886 970 inimicitias, maledictiones & molitiones hostiles in nos: sicut dici¬
1089 963 1894 1004 tur Deuteron. 23. 5. Noluit Iehova Deus tuus auscultare Bilhamo, sed
1083 996 1883 1034 convertit tihi Iehnva Deus tuus maledictionem illam in benedictionem
1092 1033 1883 1068 eo quod diligeret te Iehova Deus tuus. Inimicos habes homines? ac¬
1097 1068 1885 1114 quiesce in eo quod Deum amicum habes, qui te sempiterno amoro
1087 1098 1244 1146 complectitur.
1165 1133 1820 1188 Hactenus de amore Dei: sequitur de miseri¬
1393 1180 1586 1228 ricordia Dei.
1305 1243 1672 1298 CAPUT XXIII.
1248 1295 1738 1360 In quo de Misericordia Dei.
1171 1356 1895 1398 E misericordia Dei considerati debet, Quot modos dicatur)
1101 1364 1897 1443 DAn Deo vire tribuatur? An proprie Deo tribuatur? Quid sit?
1177 1423 1477 1470 Quae eius causa, effecta, &c.
1128 1455 1898 1499 I. Quaeritur, Misericordia Dei quot modis dicatur? RESPOND.
1094 1488 1889 1526 Misericordia Dei, vel act re accipitur vel passive Active quatenus est
1102 1521 1890 1562 in Deo, qui est actus purissimus: Passive, quatenus intelligitur effe¬
1104 1555 1898 1596 ctum seu beneficium a ninserente Deo nobis collatum & in nobis ap¬
1107 1589 1897 1623 parens, I. Tim. 1. v. 2. Misericordie quae est in Deo, agens seu activa
1110 1622 1900 1660 est: quae autem in nobis apparet, est misericordia Dei in nobis facta.
1107 1655 1798 1694 Priore modo hic accipitur, quia ut in Deo est, essentialis est.
1141 1684 1898 1727 II. Quaeritur; An misericordia Deo vere tribuatur? seu, An mi¬
1101 1720 1897 1762 sericordia vere sit in Deo? RESP. Est; ut sequentia argumenta osten¬
1104 1752 1164 1795 dunt:
1125 1784 1892 1826 I. Quia omnes virtutes sunt in Deo: At misericordia est virtus
1114 1825 1901 1861 per quam nobis cordi est miseria aliorum, etiam hostium, sic ut eam
1105 1860 1897 1891 tum consolando, tum aliis modis lenire aut tollere studeamus, quan¬
1092 1886 1343 1926 tum justitia permittit.
298 1829 1073 1882 Tertio refelluntur hinc, qui Deum crudelem esse erga eos crimi¬
1135 1921 1895 1961 II. Quia omnia bona sunt in Deo: At misericordia est bonum
1095 1949 1283 1995 Ergo est in Deo.
1128 1972 1903 2026 III. Quaeritur: An misericordio Deo proprie tribuatur? RESP.
1094 2018 1907 2060 Misericordia Deo proprie attribuitur: non κιτ αυθρωποπαδειαν, non
1104 2058 1893 2097 mproprie. I. Quia misericordia priu: in Deo fuit, quam in nobis
1095 2087 1889 2122 ut docet historia de lapsi hominis erectione, Gen. 3. & hortatio Ge¬
1105 2122 1892 2159 nes. 3. & hortatio Christi Lucae 6. 36. Estite ergo inttericordes, prout &
1089 2153 1898 2188 Pater vester misericors est. Unde Deus dicitur Pater ille misericor¬
1096 2184 1903 2226 diarum seu miserationum, 2. Cor. 1. v. 3. II. Quia misericordia Dei
1098 2226 1896 2261 est aeterna; nostra autem est vittus nobis a Deo communicata.
1092 2250 1903 2290 III. Quia misericordia Dei norma est omnis verae misericordiae in
1096 2289 1898 2332 creaturis rationalibus. IV. Quia Dei proprium est misereri semper, ut
1093 2317 1248 2354 Ecclesia orat
1125 2343 1898 2401 Contra senserunt nonnulli, ut Stoici & qui eos sequuntur, miseri¬
1093 2389 1823 2425 cordiam Deo nullo modo tribui pesse, hoc argumento moti:
1128 2413 1901 2461 In quem nulla cadit aegritudo animi, et non potest tribui misericordia.
1129 2448 1674 2500 In Deum nulla cadit aegritudo anime: Ergo, &c.
1125 2478 1907 2526 Majoris probatio; Si misericordia est aegritudo animi, ex alterius
1099 2519 1904 2555 miseria concepta: tum in quem nulla cadit aegritudo animi, ex alterius
1101 2554 1903 2598 miseria concepta, ei non potest misericordia tribui. Prius est verum, teste
1099 2587 1897 2626 Cicerone in 4. Tusc. Seneca n lib. de Clementia, Augustino tomo 5¬
1096 2615 1901 2659 lib. 9. de civitate Dei. c. 5. Aristotele 2. Rhetoricorum: item Phavo¬
1089 2653 1139 2684 rine.
1132 2685 1900 2721 RESP. Maior negatur. In prohatione ejus peccatur elencho de¬
1092 2709 1899 2762 finitionis. Nam commemorata definitio misericordiae non est reci¬
1114 2755 1892 2794 roca, sed tantum misericordiae humanae competit, quam solam et
1095 2795 1902 2834 iam testes adducti spectarunt. At misericordia in Deo non est aegritu¬
1104 2819 1897 2865 do seu tristitia cordis, non dolor animi ex miseria alterius conceptus
1102 2850 1535 2893 sed est in Deo citra passionem ullam
1134 2885 1909 2924 Replicatio: Atqui etymologia seu notatio nominis etiam obstat: nam
1104 2917 1910 2962 quis ignoret ex co appellatam esse ise:icordiam, quod miserum cor fa¬
1105 2953 1909 2993 ciat condolescentis alieno malo: ut docet Augustinus primo tomo, libro
1105 2981 1862 3035 de moribus Ecclesiae Catholicae, cap. 27. & Greg. Magn. in moralii
1129 3014 1897 3068 RESP. Primo, falsa est haec etymologia: nequaquam enim miset
1104 3045 1910 3098 ricordia dicitur, quod miserum cor faciat compassione alienae cala¬
1107 3085 1899 3132 mitatis, sed quod alterius miseria cordi sit. Nam misericordem homi¬
1107 3121 1903 3159 tem appellamus, non cum qui miserum cor habeat: talis enim po¬
1098 3150 1895 3196 tius miser est dicendus, quam misericors: sed illum cui alterius mise
1089 3191 1906 3225 tia co di est, ac proinde laboranti succurrere studet: ut liquet ex eo
1108 3222 1910 3267 quod Christus ait Matt. 5. v. 7. Beati qui sunt misericordes, quonia ipsis
