2063 3371
213 165 1019 231 fios, sed ex sua misericordia servavit nos. Sin vero ex meritis nostris ser¬
206 225 615 265 vamur: non igitur ex misericordia
248 253 990 296 Contra Bellarminus tertio tomo libro 5. de Iustificatione cap. 5. duo
210 284 987 331 excipit ad dictum Pauli jam allegatum. Primo Aposteluam loqui de sa¬
212 319 981 358 lute inchoata, quae habetur in hac vita per gratiam justificationis & re¬
206 356 986 397 generationis, non de salute perfecta, quae reposita est nobis in coelis: aitque
218 391 990 427 quod non contendant, salutem inchoatam, hoc est, justificationem habe¬
207 415 996 452 ri per merita, sed gratis eam donari gratissime confiteantur. Secuudo
214 452 985 488 excipit Apostolum loqui de justitia & operibus, quae fidem & gratiam
215 480 997 522 Dei praecedunt, nam ideo illa fidei & gratiae opponi: & profitetur quod
216 515 1020 553 istam justitiam & opera ipsi quoque despiciant, & merita vitae aeternae non
212 542 384 596 esse concedant.
242 555 988 619 RESP. Quod ad primam exceptionem attinet, duo sunt ejus
205 610 982 649 grandia vitia. Primo enim falsum est, Paulum loqui duntaxat de salu¬
219 648 978 679 te inchoata quae habetur in hac vita per gratiam justificationis & re¬
211 677 987 719 generationis, non etiam de salute perfecta, quae reposita est nobis in
215 713 982 751 coelis. Nam salus unica est numero, non multiplex, etsi principium
206 739 981 775 habeat in hac vita complementum autem sit habitura in futura vita¬
207 769 990 806 non igitur est causa alia inchoatae, alia completae salutis, sed una & ea¬
213 803 993 840 dem. Impossipile enim est rei unius numero esse duas causas adversas
210 828 1026 871 & se mutuo destruentes. Quid? quod repugnat exceptio Bellarmini
215 868 984 906 Paulo docenti, vitam aeternam esse donum Dei, Roman. 6. v. 23. repus
225 905 996 943 gnat Christo docenti, regnum paratum a jacto mundi fundamento,;
218 938 997 975 haereditatis jure possidendum, Matth. 25. 34? Tum si principium
212 966 985 999 duntaxat adscribendum est misericordiae Dei, complementum vero
211 995 990 1036 salutis nostris meritis, major laus tribuetur nostris meritis quam mi¬
216 1029 978 1067 sericordiae divinae. Praeterea dissentit Bellarminus in dicti istius inter¬
230 1066 993 1104 retatione ab aliis interpretibus, quos Romana Ecclesia approbat.
218 1092 991 1131 Nam Nicolaus Lyranus hunc Pauli locum non de inchoata solum¬
218 1134 979 1166 modo, sed de tota salute accipit. Salus aeterna (ait Lyranus in sua expo¬
213 1148 1017 1199 sitione) excedit totaliter facultatem naturae humanae: propter quod non I
208 1192 990 1231 potest eam attingere, nisi ex largitate divinae misericordiae. Thomas ve¬
205 1222 983 1259 ro Aquinas in explanatione hujus loci sic scribit: Cum Apostolus di¬
209 1250 987 1290 cit, non ex operibus, &c. ponit rationem salvandi: Et primo excluditus.
209 1285 987 1327 ratio praesumta: secundo ostenditur ratio vera. Ratio praesumta est, quod
215 1316 984 1358 propter merita nostra simus salvati, quod excludit cum dicit: non ex o¬
224 1349 997 1391 peribus, &c. Roman. 11. Reliquiae secundum electionem gratiae Dei sal¬
218 1380 1000 1421 vae factae sunt. Deuteron. 9, non propter justitias tuas & aequitates cordis.
206 1413 984 1451 tui ingredieris, ut possideas terram eorum. Sed vera ratio est sola misera
206 1444 994 1485 tio Dei. Unde dicit, sed secundum suam misericordiam, Thren.3 Miseri¬
206 1476 993 1517 cordiae Domini, quod non sumus consumti. Luc. 1. Et misericordia ejus a
215 1510 990 1551 progenie in progeniem. Sic prima exceptio Bellarmini repugnat expres¬
209 1542 993 1584 sae Scripturae, repugnat rationibus ex Scriptura depromtis, repugnat
205 1577 984 1610 sententiae magistrorum & sociorum ipsius. Deinde quod primae ex
206 1608 994 1644 ceptioni adjungit, se non contendere, salutem inchoatam, id est, justi¬
209 1642 993 1680 ficationem haberi per merita: in eo a Romanae Ecclesiae doctrina
206 1676 998 1712 aperte discedit. Quid enim aliud Papistae semper contenderunt, quam
215 1708 990 1753 propter merita sua hominem coram Deo justificari? id lippis & ton¬
212 1738 423 1776 soribus notum est,
248 1768 988 1811 Quod ad secundam exceptionem attinet, gravia itidem sunt ejus
220 1801 993 1842 peccata. Primo enim falsum est, Apostolum loqui de justitia & operi¬
221 1839 981 1871 bus quae fidem & gratiam Dei praecedunt: nam illa non sunt bona
218 1865 993 1902 opera, sed omnia non renatorum opera sunt peccata & Deo displi¬
218 1894 996 1939 cent; quia quicquid ex fide non est, peccatum est, Rom. 14. v. 23. Fieri¬
205 1927 987 1961 non potest ut sine fide quisquam Deo placeat, Hebr 11. vers. 6. Hoc
215 1960 980 2002 ipsum Origenes docuit in commentariis in epistolam ad Romanos
215 1999 987 2034 subi opera infidelium ut impia & Deo displicentia damnat, & ad eam
210 2024 983 2066 rem allegat Psal. 109. testimonium, ubi dicitur vers. 6. Oratio ejus fia¬
212 2059 980 2098 in peccatum. Anselmus Cantuar: ensis Archiepiscopus ad caput 14. epi¬
211 2092 988 2128 stolae Paulinae ad Romanos sic scripsit: Omnis infidelium vita pecca¬
211 2123 975 2157 tum est, nihilque bonum est sine sunmmo bono. Ubi enim deest agnitio ater
208 2151 981 2190 nae & incommutabilis veritatis, falsa virtus est, etiam in optimis moribus
225 2186 985 2227 Quin etiam adversatur Bellarmino Glossa ordinatia interlinearis in
218 2218 992 2259 hunc Pauli locum: Nam ad illa verba, Non ex operibus justitiae quae
212 2256 909 2300 fecimus nos, addit Glossa, quoniam nulla bona feceramus nos.
241 2280 994 2328 Secundum peccatum exceptionis secundae est, quod ait Bellarmin. ju¬
216 2323 990 2365 stitiam illam & opera quae fidem & gratiam praecedunt ab Apostolo¬
212 2355 989 2394 excludi: quia ideo fidei & gratiae opponuntur. Atqui nulla justitia,
219 2385 984 2422 nulla opera bona sunt ante fidem & gratiam, ut ex paulo ante dictis
216 2419 985 2467 liquet: Ergo etiam fidei & gratiae non opponuntur. Quod non est,
218 2454 444 2498 mulli opponi potest.
245 2477 979 2519 Tertium exceptionis secundae peccatum est, quod profitetur Bellar¬
206 2521 985 2557 minus, se quoque istam justitiam & opera quae fidem & gratiam an¬
223 2543 993 2589 recedunt despicere. Atqui alibi pro illis operibus pugnat, tanquam
218 2580 983 2626 pro aris & focis, refutans nos qui docemus, omnia opera justificatio¬
223 2609 993 2650 nem & regenerationem praecedentia esse peccata. Ita a seipso dissidet.
227 2644 990 2682 Quin etiam discedit a quintae sessionis Concilii Tridentini Canone
217 2675 990 2716 septimo, qui ita habet: Si quis dixerit, opera quae ante justificationem
220 2706 993 2744 fiunt, quacunque ratione facta sunt, vere esse peccata, vel odium Dei me¬
212 2739 987 2784 reri, Anathema sit. Ita Patres Synodi Anathema dicunt ei, qui opera
218 2777 986 2814 ante justificationem facta dicunt esse vere peccata & odium Dei me¬
224 2803 983 2842 reri. At Bellarminus dicit se cum suo sodalitio opera illa despicere.
230 2835 992 2875 quae si bona sunt, viderit quo jure illa Jesuitae despiciant, & quomodo
225 2874 748 2908 ab anathemate Synodi Tridentinae se liberent.
258 2893 999 2938 Hactenus exceptio Bellarmini: Argumenta vero, quibus conatur
234 2934 994 2973 probare, misericordiam Dei non touere merita operum humanorum,
218 2970 1000 3016 habet eodem lib. 5. de Justificatione cap. 5. Ea complectemur formis
226 2998 364 3049 Syllogisticis
470 3036 748 3091 PRIMVM
241 3093 966 3139 Quicquid ex misericordia datur, illud misericordiam non tollit :
1067 189 1549 236 Merita nostra ex misericordia Dei dartur:
1073 226 1484 262 Ergo misericordiam Dei non tollunt
1073 251 1594 309 Assumtio probatur ex 105., epistola Augustini.
1079 289 1827 354 RESP. Primo propositio majer est ambigua. Nam si intelliga¬
1036 332 1821 381 tur quod dona Dei ex misericordia collata non tollant Dei miseri¬
1046 365 1827 418 cordiam; sicut effectum non tollit causam, vera est: at si intelligatur
1046 404 1815 442 quod quando donis Dei tribuitur id, quod proprie est misericordiae
1052 425 1818 483 Dei, quod, inquam, misericordia non tollatur, est falsa. Quia vero po¬
1048 458 1811 505 steriore sensu eam in hac disputatione necesse est accipi, (nam prio¬
1039 498 1812 540 ad rem non facit) ideo falsam esse propositionem asserimus. Secundi.
1042 532 1810 573 assumtio ejusdemque probatio catechresin habent. Nam nostra bo¬
1043 563 1816 603 na opera improprie certe merita vocantur, quibus nimirum a Deo
1049 596 1818 634 premia debeantur. Quicquid enim pro debito exigitur, meritum non
1040 630 1821 671 est: quicquid autem bonorum operum facimus, id totum pro debito
1049 656 1809 699 exigitur; teste Christo Luc. 17. 10. Cum feceritis omnia quae praecepto
1049 685 1807 731 cunt vobis, dicite, servi inutiles sumus: nam quod debuimus facere; se¬
1041 722 1809 762 cimus: Nullum ergo operum gostrorum meritum est. Quod si nulla
1043 751 1815 803 habeamus merita proprie loquendo, tum neque illa nobis ex miseri¬
1040 780 1248 828 cordia Dei dantur.
1062 826 1817 870 Si replicetur, veteres Patres bona opera merita appellasse: Respon¬
1053 852 1816 912 leo, nec omnes Patres ita vocasse, nec eo sensu quo Papistae. Chryso¬
1044 889 1808 936 stomus enim homilia 33. in Genesin sic scribit: Nestra si quae sequun¬
1041 927 1809 975 tur Dei gratuitam vocationem opera, retributio sunt & debitum. Qui
1039 960 1802 1001 vero ex Patribus meriti nomine usi sunt, officium intellexerunt: sic
1048 993 1835 1034 ut meritum Latinis est vel quodvis officium, quod alii praestatur,
1055 1023 1834 1067 quemadmodum homines alii de aliis bene mereri dicuntur, officia
1043 1055 1835 1105 grata atque utilia illis exhibendo: vel beneficium, sicut Cicero loqui¬
1050 1091 1807 1134 tur Epist. 2. Tanta magnitudo est tuorum erga me meritorum, hoc
1051 1114 1814 1166 est, beneficiorum: sicut etiam idem Cicero beneficium a diis tribu¬
1043 1149 1803 1190 tum vocat meritum: Supplicatio, inquit, diis immortalibus pro singu¬
1040 1179 1835 1229 lari eorum merito meo nomine decreta est. Merita ergo Patres voca¬
1041 1213 1836 1265 runt officia vel opera quae praestare tenemur, non autem quibr. a Deo
1048 1244 1835 1300 praemia debeantur. Sic enim ait Augustinus de praedestinatione San¬
1048 1274 1836 1331 ctorum: Humana merita hic conticescant, quae perierunt per Adam: ca¬
1043 1309 1809 1360 & regnet Dei gratia per Iesum Christum. Et in Psal. 139. Meritis suiss
1046 1345 1809 1387 nihil tribuunt Sancti, totum non nisi misericordiae tuae tribuent o Deus.
1048 1370 1815 1422 Unde ipsimet Patres negarunt, merita humana cum misericordia
1043 1404 1806 1449 Dei subsistere posse. Sic enim Ambrosius de Vocatione gentium ca¬
1046 1443 1815 1480 pite quinto ait: Vilesceret redemtio sanguinis Christi, nec misericordiae.
1052 1468 1826 1513 Dei humanorum operum praerogativa succumberet, si justificatio quae sit
1053 1503 1806 1553 per gratiam, meritis praecedentibus deberetur, ut non munus largientis
1046 1537 1809 1581 sed merces esset operantis. Sic Bernardus super Cantica. Sermone sexa¬
1052 1563 1809 1617 gesimo-septimo: Non est quo gratia intret, ubi jam meritum occupa
1046 1605 1818 1657 vit. Et mox: Deest gratiae, quicquid meritis deputas. Nolo meritum,
1052 1630 1310 1675 quod gratiam excludat
1171 1694 1702 1752 SECVNDVM argumentum Bel¬
1364 1739 1491 1795 larmini.
1069 1810 1821 1866 Si in ipsa coronatione, quae merces est meriti, est etiam misericordia ne¬
1047 1853 1816 1901 cessaria, quae peccata venialia remittat, sine quibus nulli vivunt &
1037 1884 1797 1929 pauci vitam hanc finiunt: tum merita non tollunt misericordiam:
1073 1914 1531 1960 Verum est antecedens: Ergo & consequens.
1069 1948 1818 2006 RESP. Assumtum multis erroribus scatet. Primus est, corona¬
1046 1982 1819 2035 tionem esse mercedem meriti: secundus, quod merito accepta fertur
1037 2028 1806 2069 coronatio, at misericordiae Dei tantum peccatorum venia ium re¬
1033 2057 1813 2094 missio: Tertius, peccata quaedam sua natura venialia esse. At principio
1043 2087 1820 2126 coronationem non esse mercedem meriti, humiliter fateri nos neces¬
1046 2117 1805 2161 se est; quia coronatio proficiscitur ex dono Dei, dicente Paulo Rom.
1050 2153 1811 2193 5. v. 23. Stipendium peccati, mors: donum autem Dei est vita aterna in
1038 2185 1807 2225 Christo Iesu Domino nostro. Quod autem ex dono est, illud ex merito
1033 2215 1814 2252 non est. Deinde quod merito accepta fertur coronatio, at misericor¬
1045 2245 1799 2290 diae Dei tantum venialium peccatorum remissio; error est, qui non
1037 2278 1804 2323 argumentis refutari eget sed extremam detestationem meretur.
1045 2309 1807 2359 Nam ex eo sequitur, meritum hominis praestantius esse Dei miseri¬
1042 2346 1811 2386 cordia; Cujus enim praestantiora sunt effecta, illud est praestantius:
1038 2374 1816 2412 Perfecta autem salus est praestantior, quam inchoata. Proinde meri¬
1045 2411 1807 2458 ta humana misericordiae Dei anteferre est intolerabilis blasphemias
1072 2445 1806 2490 Postremo nullum peccatum sua natura est veniale, sed omnia sunt
1045 2477 1814 2522 mortalia, hoc est, mortem aeternam merentur De omni enim pecca¬
1037 2518 1815 2550 to intelligitur quod Paulus pronunciat Roman. 6. v. 23. Scipendium
1034 2549 1816 2590 peccatimors: quod Deus pronunciat Ezech 18. vers. 20. Anima quae
1048 2583 1815 2623 peccat, ipsa morietur: quod Christus pronunciat Matth. 5. v. 19. Qui
1044 2614 1813 2654 transgressus fuerit unum ex mandatis istis minimis, & docuerit sic ho¬
1040 2644 1814 2677 mines, nullus habebitur in regno coelorum. Omne peccatum est adver¬
1040 2670 1809 2710 sus Dei voluntatem rebellio, quae ejus iram necessario provocat: O¬
1046 2709 1805 2746 mne peccatum est Legis praevaricatio, in quam edictum est sine ex
1050 2740 1815 2776 ceptione Dei judicium: Maledictus omnis qui non permanserit in o¬
1052 2769 1811 2809 mnibus, INOMNIBUS, inquam, quae scripta sunt in libro Legis, ut
1043 2804 1815 2846 faciat ea, Gal. 3. 10. Deuteron. 27. v. 26. Omne peccatum est divina
1039 2840 1819 2882 majestatis & summi boni violatio: Quis igitur neget morte dignum
1040 2873 1814 2908 esse, nisi qui hypocrisin in corde fovet, & seipse blandimentis ad sem¬
1061 2900 1815 2938 piternum exitium mulcet? In aestimandis peccatis, inquit Augustinus
1048 2934 1826 2971 libro secundo de Baptismo contra Donatistas, cap. 6. non afferamus.
1052 2962 1827 3003 stateras dolosas, ubi appendamus quod volumus & quomodo volumus
1050 2999 1835 3035 pro arbitrio nustro dicentes, hoc grave, hoc levo est: sed afferamus state¬
1046 3033 1828 3064 ram divinam de Scripturis Sanctis, tanquam de thesauris Dominicis,
1067 3061 1839 3114 in illa quid sit gravius appendamus: imo non appendamus, sed &
1060 3090 1412 3135 Domino appensa recognoscamus,
