2063 3395
214 166 1001 211 data sapientia scripsit vobis. Sic Pauli Epistolae expresso testimonio
222 201 1001 242 Petri, ac proinde divino, sunt approbatae; Petrus enim hoc ut caete¬
220 235 994 277 ra in suis epistolis ex inspiratione divina scripsit. De tota vero Scr¬
220 270 1001 316 ptura Veteris & Novi testamenti Paulus ait 2. Timoth. 3. v. 16. Tot.
223 299 1008 341 Scriptura diuvinitus est inspirata. Nec enim de sola Scriptura Vete¬
228 335 1000 378 ris Testamenti hoc affirmat, sed etiam de Scriptura Novi Testa.
222 369 1000 411 menti quae tum jam tota vere exstabat. Certe quum epistola secun¬
231 396 1017 441 da ad Timotheum, ultima omnium epistolarum Pauli fuerit, ut li¬
225 433 1003 478 quet ex ejusdem cap. 4. v. 6. caeterae ejus epistolae jam exstabant, a
237 466 1009 505 praeterea Evangelium Matthaei, Marci & Lucae, Acta item Aposto¬
218 499 1019 541 lorum, epistolae etiam Jacobi. Petri & Judae. Deinde id confirmat
232 527 1010 573 v. 15. Teque a puero sacras literas novisse, quae te possunt sapientem red¬
237 563 1016 609 dere ad salutem per fidem quae est in Christo Iesu. Hinc tria argumenta¬
225 593 1007 634 depromimus: Vnum est: Non solam Scripturam Veteris Testa¬
232 627 1006 670 menti, sed etiam Scripturam Novi Testamenti quaecunque exsta¬
234 662 1009 708 bat a puero noverat Timotheus qui juvenis adhuc erat, quum pri¬
226 693 998 739 mam ad illum epistolam Paulus scriberet, ut patet ex1. Timoth. 4.
229 732 1004 773 vers. 12. Nemo tuam iuventutem contemnat, sed esto exemplar fide
240 760 1016 804 lium in sermone, in conversatione, in charitate, in spiritu, in fide, in¬
231 797 1009 836 castitate. Neque ullo pacto credibile est, Timotheum natum non
233 836 1009 874 tantum matre sed etiam avia fideli 2. Timoth. 1. v. 5. Actor. 16. v.
237 861 1010 904 1. & Paulo commendatum testimonio fratrum qui Lystris & Iconi¬
240 897 1013 938 erant, & mature Pauli comitem in ministerio Evangelii Actor. 16. v.
240 930 1015 971 2. & 3. & insuper Evangelistam atque Episcopum Ephesinum, jam
243 960 1013 1008 propinqua morte Pauli, adhuc ignorasse Scripturam Novi Testa¬
236 996 1003 1034 menti. Alterum est: Non tantum veteris sed etiam Novi Testa
246 1026 1018 1065 menti Scriptura sapientem potest reddere ad salutem. Tertium est,
244 1066 1015 1103 Novum testamentum expresse docet, nos servari seu aeternam salu¬
245 1094 1015 1138 tem consequi per fidem quae est in Christo Jesu. Paulus ergo non de
249 1124 1023 1165 sola Veteris, verum etiam de Novi Testamenti Scriptura loquitur
241 1169 845 1204 cum ait, Totam Scripturam diuvinitus esse inspiratam.
271 1187 1023 1233 EXCIPIUNT Papistae, Paulum non dicere, Totam Scripturam esst.
249 1223 1024 1267 divinitus inspiratam, sed omnem scripturam, quia in Graeco sit, πατῳ,
251 1261 328 1304 λραφι.
283 1290 1016 1331 REPL. πεσα hoc loco Pauli idem est quod Sλn: quia non vult Pau
240 1323 1025 1364 lus, omnem Scripturam, id est, quamlibet. velut est Platonis, Aristo
255 1364 1024 1401 telis & caeterorum quorumcunque esse divinitus inspiratam: sed lo¬
250 1399 1021 1438 quitur de sacris literis de quibus praecedente versu verba fecerat eas
249 1424 1025 1467 que numero singulari Scripturam appellat καν ἔζοχλω seu αυτονομαι,
252 1457 1026 1500 σιαν. Unde necesse est, πεισαν significare σλλν id est, totam, quemad
243 1494 1025 1533 modum etiam Ephes. 2. v. 21. & 3. 15. & 4.16. & 1. Cor. 13. 2 Quit
252 1530 1026 1563 etiam si retinemus, Omnem Scripturam diuvinitus esse inspiratam, re¬
244 1557 1026 1597 stringenda erit particula universalis ad illam Scripturam de qua prae¬
248 1595 1027 1631 cedente versu sermo instituitur; non autem imperite extendenda ad
259 1625 1026 1664 quamcunque scripturam etiam humanam. Quicquid Prophetae &
253 1658 1026 1691 Apostoli testantur esse vere divinum, id profecto est tale. At Sacram
250 1687 1025 1724 Scripturam Prophetae & Apostoli testantur esse vere divinam: Est er¬
259 1719 1025 1767 go talis. Sic igitur ex Scripturae ipsius testimonio, cui citra contradi¬
255 1750 1022 1795 ctionem fides adhibenda est, nobis constat, totam Scripturam sa¬
255 1785 567 1829 cram esse a Deo profectam,
283 1822 575 1858 Rationes idem evincunt:
526 1867 759 1915 PRIMA
273 1903 1016 1947 Si ex solius Scripturae Sacrae testimonio cognoscitur certo atque indu¬
243 1941 1024 1984 bitato, JESUM Nazarenum vere esse a Deo missum: tum etiam ex
249 1981 1015 2015 eiusdem Scripturae testimonio constabit, ipsam esse a Deo. Quod antece
241 2015 1021 2049 dit verum est: nam Christus ad testimonium Scripturae. quod etiam
243 2049 1021 2092 Johannis Baptistae testimonio ptulit, provocavit Joh. 5. v. 39. Scruta¬
249 2082 1022 2120 mini Scripturas quia videmini vobis in ipsis vita aterna habere: & illae
246 2116 1021 2147 sunt quae testantur de me. Et Petrus Apostolus testimonium Scriptu¬
237 2147 1016 2186 rae testantis de Christo praefert quo ad firmitatem nostri respectu, vo¬
237 2181 1025 2213 ci quam ipse e coelo audiverat 2. Pet. 1. v. 17, 18, 19. Acceperat enim
238 2212 1029 2255 a Deo Patre honorem & gloriam, voce ad eum delata huiusmodi a¬
240 2245 1024 2280 magnifica illa gloria, Hic est Filius meus, dilectus ille, in quo acquiesco.
241 2279 1019 2312 Et hanc vocem nos audivimus e coelo delatam, quum essemus unam cum
231 2314 1028 2348 eo in monte illo sancto. Et habemus φεζαιὸτερον, firmiorem sermonem
238 2344 1019 2387 Propheticum: cui recte facitis quod attendatis velut lucernae splendent
239 2372 446 2415 in obscuro loco, &c.
280 2410 1026 2453 Sermonem Propheticum vocat firmiorem voce quam e coelo au¬
237 2437 1023 2486 diverat, quia firmior est sermo ἔτιραφος ἀλραφῳ, duplex autoritas
244 2472 1013 2516 simplice. Rei non scriptae, sed tantum auditae, simplex est autoritas
243 2511 1012 2543 nempe ab autore: Scriptae vero autoritas est duplex, ab autore
245 2546 1019 2586 modo. Hoc in testamentariis causis, in contractibus denique omni¬
236 2570 1032 2611 bus & pactis quis nescit observart? Promissio voce Principis facta
233 2606 1027 2652 habet autoritatem, sed firmior est promissio scripto facta & sigillo
231 2638 817 2675 Principis munita. Verum igitur est & quod sequitur
269 2666 1027 2706 SECUNDA RATIO: Scriptura Sacra est principium religio¬
233 2705 1021 2739 nis divinae: Ergo ipsa sibi testimonium abunde perhibet quod sit divi¬
243 2736 1030 2777 na. Nam principia sunt αυ τοπισο, & habent in se certam rationem
246 2765 566 2815 quae illis fidem facere possit.
276 2798 1028 2842 TERTIA RATIO: Si Scriptura Sacra tantae est autoritatis,
246 2833 1030 2869 ut qui illi fidem non habet, nec Christo ipsi coram praedicanti sit cre¬
246 2867 1019 2913 diturus, tum profecto ipsa se abunde confirmat quod sit divi¬
244 2903 1031 2948 na. Verum est antecedens: Ergo & consequens. Assumtum patet
238 2936 1024 2969 ex Johan 5. 46. & 47. Si enim crederetis Mosi crederetis mihi:
238 2964 1022 3012 nam ille de ne scripsit. Quod si scriptis illius non creditis, quomodo
243 3003 1023 3050 verbis meis credetis? Qui Scripturae Sacrae non credit, is nec Chri¬
237 3027 630 3075 sto ipsi coram praedicanti crederet.
281 3062 1011 3109 Quin ipseniet Bellarminus libro primo de Verbo Dei, capite secun¬
231 3101 1013 3140 do, fectione sexta & undecima docet, Scripturas quae Propheticis
241 3129 1036 3170 Apostolicis literis continentur, non humana inventa, sed oracula¬
231 3163 1018 3202 divina continere, testem esse ipsam Scripturam. Idem faretur libro
1068 154 1865 200 Veteris Testamenti a libris Novi Testamenti & plurima & luossa¬
1066 193 1865 233 lentissima suae autoritatis habere testimonia, libro primo de Verbo.
1062 228 1865 265 Dei, capite quinto, sectione quarta. Idem saepius eodem capite li¬
1068 259 1868 306 bros Veteris Testamenti, quos haeretici divinos esse negarunt testi¬
1069 292 1869 330 moniis Novi Testamenti divinos esse asserit. Ergo praeter testimo¬
1068 327 1862 365 nium Ecclesiae est aliud externum, nempe Scripturae ipsiusme
1060 366 1873 408 testimonium, quo constat libros sacros quos habemus, vere divi¬
1075 394 1163 435 nos esse.
1102 430 1868 472 Hoc testimonium Scripturae de seipsa est publicum, non priva¬
1071 469 1867 511 tum: & quia divinum est, inter omnia externa testimonia solum est.
1071 504 1866 538 praecipuum & infallibile & omnium luculentissimum, certissimum.
1069 540 1865 575 fide dignissimum, sic ut inter ea nullum sit eo principalius, infallibi.
1063 568 1870 610 lius, luculentius, certius & fide dignius: ac proinde est longissime
1062 604 1483 643 testimonio Ecclesiae anteferendum
1103 631 1829 681 Crediturque & acceptatur propter se, & per se fide dignum est
1094 662 1865 711 Porro Bellarminus libro quarto de verbo Dei, capite quarto, se¬
1066 702 1868 739 ctione decima quinta contendit, NuLLO MODO ex Scripturis ha¬
1065 734 1877 770 beri posse, libros Prophetarum & Apostolorum esse divinos. Idque his
1072 769 1430 816 argumentis evincere conatur:
1099 808 1877 859 I. Si non credimus Alcorano Mahumetico ipsum a Deo missum de¬
1078 843 1893 882 coelo, etiamsi in eo passim id logatur; tum quoque non cerro credam?
1066 876 1894 925 Scripturae, libros Prophetarum & Apostolorum esse divinos, etiamsi,
1072 913 1894 960 Scriptura id dicat, nisi prius credidero Scripturam quae hoc dicit, esse di¬
1074 949 1499 995 vinam. At prius est: Ergo & posterius.
1101 983 1871 1028 RESP. Propositio Bellarmini non tantum falsa est, sed etiam im¬
1081 1021 1879 1060 bia, blasphema & incredulitatis plusquam Mahumetanae testis. Falsa.
1074 1062 1876 1100 est, quia parem rationem esse statuit Alcorani Mahometis & Scri¬
1087 1093 1871 1136 turae Sacrae Dei, quod ad autoritatem seu testificationem utriusque
1077 1130 1873 1167 attinet, quum longissime sit impar. Impia est, quia animi impii in¬
1074 1163 1871 1199 dex est, & Mahumetanum agentis, ut principium Christianum non
1086 1193 1873 1228 Christiane labefactet. Sic Mahumetanus Scripturarum Sacrarum
1081 1223 1877 1260 divinitatem impugnaverit; Si tu non credis Alcoranum esse divi¬
1084 1265 1871 1300 num, etiamsi Alcoranus id dicat: tum nec ego credam Scriptura;
1089 1291 1870 1332 Propheticas & Apostolicas esse divinas, etiamsi id dicant. Putabam
1078 1322 1878 1366 rem nobis cum Christiano esse, non cum Mahumetano: jam vero
1090 1355 1882 1393 argumentatio loquitur Bellarminum Mahumetanum agere ut Chri¬
1083 1389 1873 1428 stianae religionis principium evertat. Atqui aliis oculis, alia luce
1086 1424 1870 1462 Christianus quam Mahumetanus videt. Blasphema est eadem pro¬
1092 1459 1883 1496 positio, quia non plus tribuit Deo vero loquenti in Scriptura Sacra,
1095 1489 1883 1529 quum quicquid Scriptura dicit Deus dicat, quam Deo ementito
1086 1527 1873 1565 Alcorani aut potius Mahometi, Deum in Alcorano loqui mentiens
1087 1555 1885 1595 ti. Quis vero Deum reverens & sancte colens, non facile agnoscat
1083 1588 1885 1625 ex genere doctrinae Mahumeticae, blasphemias in Deum, injusti¬
1092 1619 1876 1658 tiam in homines, rapinas & flagitia palam stabiliente, Christi vero
1092 1661 1873 1696 gratiam prorsus evertente, non Deum, sed satanam Alcorani auto
1093 1689 1874 1724 rem esse? Denique eadem propositio Bellarminiana increducitatis
1089 1722 1873 1756 plusquam Mahumetanae testis est: quia expresse Bellarminus ait
1085 1755 1873 1794 Etiamsi Scriptura dicat, libros Prophetarum & Apostolorum esse divi.
1092 1787 1882 1817 nos, tamen certo id NON CREDAM, nisi prius credidero Scriptu¬
1089 1818 1883 1862 ram quae hoc dicit, esse divinam. Quid enim hoc aliud est, quam si
1077 1853 1880 1895 diceret; Etiamsi Deus dicat (quia Scriptura est vox Dei: quicquid
1087 1886 1874 1921 Scriptura dicit, Deus dicit) libros Prophetarum & Apostolorum
1084 1920 1886 1955 esse divinos, tamen certo id non credam, &c. Atqui vel Iuris Cano¬
1083 1950 1883 1993 nici autoritate moveri debuerat, ut Scripturae Sacrae per se crederet:
1078 1984 1880 2025 Sic enim Distinctione nona, capitulo Noli meis. ex Augustini Prolo¬
1080 2026 1880 2060 go in librum tertium de Trinitate praecipit; In illis (scilicet Cano¬
1086 2052 1871 2091 nicis Scripturis) & quod non credebas, cum inveneris, INCUN
1089 2082 1876 2133 CTANTER CREDE, & capitulo Quis nesciat, ex Augustini libro se¬
1079 2118 1874 2163 cundo de Baptismo contra Donatistas cap. 3. inquit, Sanctam Scri¬
1081 2145 1871 2185 pturam Canonicam tam veteris quam novi Testamenti certis suis ter¬
1078 2186 1874 2223 minis contineri, eamque omnibus posterioribus Episcoporum (quante
1077 2217 1867 2257 magis Mahumetis?) literis ita praeponi, ut de illa omnino dubitari &
1080 2251 1880 2293 disceptari non possit, utrum verum vel utrum rectum sit, quicquid in
1086 2282 1883 2321 ea scriptum esse constiterit. Et Augustinus tomo primo, libro sexto¬
1083 2316 1880 2355 Confessionum, capite quinto, longissime aliter quam Bellarminus
1080 2350 1879 2388 sentiens ait ad Deum; Persuasisti mihi non qui crederent libris tuis, quos
1080 2387 1873 2421 tanta in omnibus fere gentibus autoritate fundasti, sed QUI NOR
1090 2414 1883 2454 EREPERENT ESSECULPANDOS: nec audiendos esse,
1080 2449 1879 2486 si qui forte mihi dicerent: UNDE SCIS illos libros unius veri & ve¬
1071 2483 1874 2520 racissimi Dei Spiritu esse humano generi ministratos? IDIPSUM ENIM
1086 2522 1478 2564 MAXIME CREDENDUM ERAT
1113 2556 1880 2593 II. Quicquid ex solo verbo Dei non scripto creditur, id nullo modo
1077 2589 1886 2628 ex Scriptura haberi potist: Sacram Scripturam esse vere divinam ex solo
1074 2626 1879 2666 verbo Dei non scripto creditur: Ergo Sacram Scripturam esse vere divi¬
1077 2657 1548 2704 nam nullo modo ex Scriptura haberi potest.
1113 2686 1875 2733 Minor probatur, quia cum fides nitatur verbo Dei, nisi habeamus
1078 2729 1880 2773 verbum Dei non scriptum, nulla in nobis erit fides, ait Bellarmin. dicto
1071 2764 1376 2807 libro & capite & sectione.
1108 2805 1873 2847 RESP. Mnor est falsa: probatio vero minoris partim vera est, par¬
1080 2839 1882 2882 tim falsa. Verum in illa est, fidem niti verbo Dei. Falsum vero in
1074 2876 1876 2917 eadem est, nisi habeamus verbum Dei non scriptum, nullam in no¬
1086 2908 1873 2940 bis esse fidem; quia hoc pugnat cum divina veritate Sic enim pro¬
1086 2939 1879 2973 nunciat Christus Johan. 5. v 46. & 47. St crederetis Mosi, crederetis
1077 2971 1883 3012 & mihi: nam ille de me scripsit. Quod si scriptis illius non creduis,
1079 3006 1877 3044 quomodo verbis meis credetis? Unde licet colligere, qui Scripturae
1087 3036 1882 3075 Sacrae non credunt, eos verbo Dei non scripto, quamvis a Chri¬
1078 3072 1880 3104 sto ipsomet illis annunciaretur, multo minus credituros. Sic Jo¬
1078 3103 1876 3140 hannes Evangelista & Apostolus cap. 20. 31. Haec SCRIPTA sum
1086 3138 1874 3169 ut credatis Iesum esse Christum illum, Filium illum Dei, & ut credente.
1086 3170 1876 3218 vita hubeatis per nome eius. Christo & Johanni assentitur Augustinus.
