2063 3473
222 181 1030 243 iustitia Dei his in locis accipitur pro fide, qua suos omnes tuetur; qui se¬
236 225 1023 282 ejus praesidio tutelaeque committunt. Ergo a natura Dei spem suam
225 260 1031 307 confirmat David, quia Deus seipsum abnegare nequeat. Idem facit?
234 291 1026 343 Daniel cum c. 9. v.16. ait: Domine, secundum totam iustitiam tuam
231 324 1025 379 summam auertatur obsecro ira tua & excandeoscentia tua, a civitate
232 356 1034 410 tua Ierosoymis. q. d. quoniam non tu falles eos qui in te confidunt, sed
236 401 575 451 quicquid promisisti praestabis
282 420 1031 478 Tertio prodest meditatio haec ad colligendos omnes sensus nostros
240 455 1028 507 ad unam Dei justitiam, ut ne varie spes nostras partiamur, sed relictis
237 489 1041 538 omnibus pravis fiduciis, quibus totus fere mundus circumagitur huc
240 531 1025 572 & iliuc; pro sus desixi simus in Dei voluntate propensissima ad ex
241 559 1025 606 hibendam nobis promissam salutem. Neque consilio proprio, ne¬
250 591 1029 647 que industriae, neque virtuti inniti, neque ullis opibus neque homi¬
247 622 1036 680 num auxiliis debemus, ut secure nobis salutem polliceamur; sed hoc
250 658 1046 713 unum nobis propositum esse debet, quia justus est Deus, fieri non
253 690 1043 739 posse, ut ab eo deseramur. Hoc pacto David cogitatione justitiae
250 727 1027 776 Dei, omnes alias fiducias abdicavit in sola Dei justitia recumbendo
255 764 1034 807 Psal 71. v.16. Incedam in sortitudinibus Dommi Thovae: recordabos
251 797 1036 846 iustitiae tuae solius. Solam Dei justitiam sibi in memoria fore dicit:
256 825 1040 877 quia nisi attente ad eam restringimus sensus omnes nostros mita ha¬
250 857 1036 904 bet vaframenta Satan. quibus nos in vanitatem abducat. Simul enim
261 891 1042 946 ac variae spes obrepserint, nihil proclivius est quam diffluere: & quis¬
254 929 1040 977 quis Dei justitia & praestandi promissam nobis fidem voluntate con¬
262 958 1046 1012 stantissima non contentus, vel tantillum subsidii aliunde accerset, do¬
255 1003 1033 1037 cumentum suo lapsu aliis praebebit, quam evandae sint omnes mun
261 1027 1038 1073 di fulturae, quae Dei auxilio miscentur. Incedam in fortitudinibus Dei
256 1058 1045 1112 mini Ichovae: recordabor iustitiae tuae solius. Sic Psalm. 116. v. 5. Cle¬
265 1092 1047 1140 mens Iehova & iustus, Deus, inquam, noster misericors, Custodien
270 1127 1046 1179 simplices Iehova. Nihil est tutius, quam sicut in clementia & miseri¬
268 1162 1052 1210 cordia, ita in justitia Dei acquiescere, ne alio nos quicquam rapiat
268 1197 1072 1243 nam qui consilio destituti, sibi ipsis prospicere nequeunt, qui objecti
277 1228 1055 1271 sunt injuriis, qui cavendis inj:riis minime sunt solertes, qui denique
276 1263 1058 1304 a filiis hujus mundi superantur astu & fraudibus: si solummodo in fi¬
273 1302 1051 1341 ducia justitiae Dei sunt firmi, neutiquam subvertentur. Justitia Dei
270 1332 1064 1378 exseret se ad ipsos tuendos: justitia Dei pericula quibus salus ipsorum
274 1368 485 1413 impeditur depelle¬
290 1382 1054 1432 Quatto animat nos consideratio hujus justitiae Dei ad fiduciam
288 1434 1064 1476 romissionum divinarum Qui enim non confidat, praestiturum.
268 1461 1064 1503 Deum quaecunque promisit, qui certo persuasus est justum esse Deum;
286 1496 1052 1534 Hoc est quod Israelitae reduces dicunt Nehem. 9. v. 7. & 8. Tues Ie¬
280 1529 1057 1566 hova Deus, qui eligens Abrahamum eduxisti eum Vre Chaldaeorum, &
274 1565 1057 1606 imposuist ei nomen Abraham. Et inveniens animam eius fidelem co¬
273 1594 1051 1633 ram te, etiam pepigisti cum eo fedus, te daturum terram Cananai
271 1627 1058 1673 Chitthaei, Emoreai, Perizzeique, ac lebusei, & Girgaschei, daturum, in¬
273 1666 1057 1705 quam, semini eius: & praestitisti verba tua, quia iustus es. Hoc ar¬
291 1691 1058 1742 gumentum fiduciam in nobis alere debet de certitudine remissioni¬
291 1731 1054 1764 peccatorum: Sicut dicitur 1. Joh 1. v 9. Si confiteamur peccata nostra
282 1757 1055 1799 fidelis est & iustus, ut remittat nobis peccata, & purget nos ab omni ini¬
273 1796 387 1841 quitate.
302 1819 1069 1869 Quinto servit consideratio hujus justitiae Dei consolationi. Nam
286 1855 1057 1903 quoniam Deus justus est, suorum miserias abolebit & cum optatissi¬
276 1895 1063 1928 ma quiete commutabit; tum nec operis nostri obliviscetur. Hoc ar¬
270 1922 1064 1975 gumento solatur Paulus fideles 2. Thess. 1. v. 6. Siquidem iustum est,
280 1954 1059 2003 apud Deum vicissia reddere iis, qui affligunt vos, afflictionem: vobis
282 1987 1056 2028 vero qui premimini, relaxationem nobiscum, quum patefiit Dominus.
280 2025 1064 2062 Iesus de coelo, cum Angelis siuis potentibus. Et Hebr. 6. v. 10. Non enim
274 2055 1046 2093 iniustus est Deus ut obliviscatur operis vestri, & laboriosae charitatis,
279 2089 1052 2134 quam demonstrastis erga ipsius nomen, ut qui ministraveritis sanctis &
267 2124 1061 2170 ministretis. Sic Psal. 103. v. 17. Benignitas Iehovae inde a seculo usque in
264 2162 925 2202 seculum est erga timentes ipsum, & iustitia eius erga nepotes.
307 2179 1049 2228 En quam eximios usus nobis praestet consideratio hujus justitiae
274 2217 1062 2265 Dei, quam in promissionum suarum impletione cultoribus suis probatis
379 2266 947 2322 Hactenus de iustitia gratiae: sequitur de
583 2321 745 2379 justitia trae¬
299 2388 1063 2431 Iustitia irae divinae, est qua Deus judicia sua certo atque aequissim:
261 2422 1060 2466 exercet, quomadmodum est comminatus. Inde etiam nuncupatur
270 2458 545 2500 iusticia comminationum.
307 2489 1074 2532 Estque vel castigans vel vindicans: Illa ad corrigendos electos. haec
258 2525 1052 2563 ad perdendos reprobos spectat. De utraque communiter dicitur Psal
268 2557 1048 2594 97. v. 2. Nubes & caligo circumstant eum, iustitia & iudicium locum¬
258 2588 1051 2632 solii eius. Et Psal. 88. v. 13. An cognosceretur in tenebris mirabile opus
254 2622 1045 2667 tuum & iustitia tua in terra oblivionis: Et Psal. 89. v. 15. Iustitia &
258 2661 998 2697 iudicium habitaculo solii tui, benignitas & fides praeeunt faciei tuae
289 2692 1059 2737 Ut ergo justus Deus est, quod bona side promissiones suas servat,
267 2719 998 2761 ita etiam justus est, quod bona fide comminationes suas impleti
297 2753 1043 2798 Justitia vero irae est aequissima atque integerrima; quod significat
264 2794 1049 2833 tum fuit in visione Prophetica, Dan. 7. v. 9. Vestimento Antiqui die
261 2829 1057 2866 rum & pilis capitis, e quibus illud ut nix album erat, hi ut lana munda.
271 2854 866 2891 Conspicitur tum quo ad electos, tum quo ad reprobos.
300 2885 1033 2926 Quo ad electos quidem tum in ipsismet, tum in Christo pro ipsis.
298 2920 1048 2958 In ipsismet electis conspicitur justitia Dei partim quod propter
268 2958 1052 2993 peccatum rei sunt facti mortis & maledictionis aeternae, junta coni¬
271 2991 1049 3024 minationem Gen. 2. v. 17. De fructu ve ô arboris scientiae boni & ma¬
277 3020 1050 3059 li; de isto ne comedas::am quo die comederis de eo, moriendo morteris; E¬
268 3052 1056 3098 Deiut. 27. v. 26. Maledictus qui non praestiterit verba Legis huius, fa¬
276 3091 1041 3133 ciendo ca: Partim quod subjecti sunt variis afflictionibus temporai
271 3114 1048 3168 bus, veluti morbis, paupertati, contemtui calumniis, oppressioni, ex
267 3151 1044 3197 siliis, bellis & aliis miseriis hujus vitae, denique morti ipsi temporali
272 3182 1070 3234 juxta comminationem quae exstat Deut. 28. a v. 15. usque ad finem
272 3209 607 3259 capitis, & passim in Scriptura
1120 179 1888 230 Eamque electi agnoscunt & confitentur: quemadmodum Davie¬
1089 221 1896 266 psal. 11v. 75. Agnosco Iehova insta esse iudicia tua. v. 137. Iustus es Ieho¬
1086 255 1888 292 va & rectum unumquodque iudiciorum tuorum. Principes Judaeorum
1083 291 1886 331 & Rex Rechabeamus, 2. Chron. 12. 5. & 6. Nam cum Schemahis
1077 322 1880 362 Propheta eis dixisset: Sic ait Iehova, vos dereliquistis me, ideo ego quoo
1090 357 1898 398 derelinquo vos tradendo vos in manum Schischalbi. Tum deprimentes se
1089 390 1892 432 Principes Israelis & Rex dixerunt, iustus est Iehova. Agnoscit & confi¬
1092 432 1891 463 tetur eandem Ecclesia Judaica Lament. Jer. cap. 1. 18. Iustus est Ieho¬
1090 466 1898 503 va, eo quod contra os eius rebellavi: audite quaeso omnes populi, & adspi¬
1088 499 1894 533 cite dolorem meum, virginum mearum & iuvenum meorum abeun¬
1098 527 1894 563 tium in captivitatem. Agnoscit & confitetur eam Dan c. 9. v. 7. Pene.
1098 560 1892 594 te, Domine, est iustitia, at penes nos pudor faciei. Et v. 14. Vigilavit Ie¬
1098 589 1892 628 hova ad illud malum quod adduxit super nos: nam iustus est Iehovi
1092 625 1903 660 Deus noster in omnibus factis suis quae fecit, quum non auscultaverimus
1094 659 1900 693 voci eius. Agnoscit & confitetur eandem Ezra c. 9. v. 15. Iehova Deus
1089 691 1895 731 Israelis iustus es, quod facti simus residui sicut est hodierno die: ecce no¬
1108 728 1906 762 pram te in reatibus nostris, quamvis non sit consistendum coram te cum
1098 758 1903 793 hoc. Agnoscit & confitetur eandem Nehemias cap. 9. 33. Tu iustus
1101 796 1907 835 es in omnibus quae obveniunt nobis: nam veritatem exercuisti, quia im¬
1104 824 1910 865 prole egimus. Sic pii tribuunt Deo laudem justitiae non tantum ubi¬
1099 862 1907 899 alios castigat aut punit, sed etiam quum ipsos affligit & corripit. Sic¬
1108 893 1907 938 ergo justitia comminationum divinarum conspicitur in ipsismet ele¬
1099 928 1147 970 ctis,
1123 949 1911 1002 In Christo vero pro electis conspicitur eadem omnium luculentis¬
1108 994 1907 1034 sime: nam Deus proprio Filio suo non pepercit, sed pro nobis omni¬
1113 1028 1900 1070 bus tradidit illum, Rom. 8 v. 52. Nullum exemplum justitiae irae &
1104 1060 1906 1101 comminationum divinarum est expressius, severius, horribilius, quam
1101 1099 1904 1133 in Christo. Nam quia omnes homines in Adamo peccaverunt, po¬
1111 1130 1904 1169 stulat justitia Dei, ut quod adversus summam atque infinitam Dei ma¬
1123 1161 1901 1199 estatem commissum est, id etiam summis atque infinitis, hoc est, sem¬
1121 1194 1903 1231 piternis cum animi tum corporis suppliciis luatur, ut sic proportio
1117 1228 1912 1267 culpae & poenae. Huic justitiae satisfaciendum est necessario. At quia
1113 1263 1909 1298 nemo hominum satisfacere posset in aeternum: ne totum humanum
1129 1295 1916 1331 penus interiret; sponsorem se ultro fecit unigenitus Filius Dei pro¬
1123 1323 1907 1365 illis quos Pater ipsi dederat, & ipse sese exinanivit forma servi accepta
1107 1365 1909 1401 similis hominibus factus: & habitu compertus ut homo, ipse se sub¬
1107 1396 1904 1442 misit, factus obediens usque ad mortem, mortem autem crucis, Philip.
1116 1434 1911 1474 2. 7. & 8. Quoniam ergo Filius Dei homo factus constituit se pro¬
1123 1464 1916 1498 electis sponsorem: Deus poenam quae electis in sempiternum perfe¬
1125 1498 1915 1544 enda fuisset, in ipsum transtulit sponsorem, & iram suam adversus.
1113 1530 1498 1573 peccata electorum in eum effudi¬
1153 1558 1907 1605 Ex hac doctrina ad multas difficiles quaestiones responderi potest.
1150 1596 1912 1631 Primo quaeritur, cum iustitia Dei requirat, ut peccatum aterna poena.
1113 1630 1910 1674 puniatur, nonne omnibus nobis sit pereundim, cum peccaverimus omnes:
1142 1661 1909 1701 RESP. Sane oporteret nos omnes perire, si Deus peccata in nobi
1133 1699 1916 1737 uniret. Verum non punit ea in nobis suppliciis aeternis, nec tamen
1119 1731 1912 1770 justitia ejus violatur, quoniam poena aequivalente aeternae nostra pec-
1114 1765 1574 1808 cata in Christo sponsore nostro punivit:
1144 1797 1926 1842 Secundo quaeritur: Si nobis non est aeternum supplicium luendum,
1122 1829 1561 1874 quomodo siet quod iustitia Dei postulat
1145 1860 1924 1899 RESP. Tum non fieret quod justitia Dei postulat, si prorsus nulla
1117 1892 1925 1933 infligeretur poena vel ipsi peccanti, vel alii pro ipso ad sustinenda poenam.
1107 1930 1907 1969 se offerenti. At Christo sponsori nostro poena pro nobis est inflicta.
1149 1964 1915 2002 Tert o quaeritur; Cum iustitia Dei aeterna poenam requirat, poena au¬
1113 1991 1920 2049 tem Christo imposita non fuerit aeterna, quomodo iustitiae Dei sit satis¬
1107 2023 1202 2072 factum,
1141 2063 1922 2103 RESP. Primo supplicium Christi fuit quidem tempore sinitum seu¬
1116 2094 1921 2128 temporale: valore vero est infinitum & aeternum, ac proinde aequiva¬
1116 2126 1916 2172 lens supplicio aeterno: quod evincit tum personae quae illud perpessa
1110 2164 1912 2201 est dignitas, tum ipsiusmet supplicii gravitas. Secundo justitia Dei
1113 2194 1918 2231 aeternam poenam requirit, videlicet nisi is cui imponitur poena, eam
1107 2232 1912 2267 vincat ac superet. At Christus eam vicit & superavit: unde merito
1118 2262 1447 2298 victor mortis aeternae dicitur.
1107 2314 1913 2368 Haec de iustitia irae seu comminationum Dei quoad ele¬
1228 2366 1805 2418 ctos; sequitur de eadem quoad reprobos.
1152 2421 1921 2466 Quae conspicitur tum in hominibus reprobis, tum in diabolo & an¬
1114 2453 1211 2508 gelis eius
1131 2485 1913 2534 In hominibus reprobis conspicitur justitia haec Dei, partim quod su¬
1119 2530 1916 2561 per eos manet ira Dei, Joh. 3. v. ult. ac proinde manent sub maledictio¬
1101 2564 1912 2599 ne & morte aeterna: partim quod in hac etiam vita judicia Dei horri¬
1101 2592 1922 2639 bilia in ipsos exercentur, suntque poenae quas in hac vita patiuntur prin¬
1108 2627 1921 2664 cipium aeternarum., Ps. 5. v 5, 6, 7. Nam non es Deus sortis, qui uelecte¬
1102 2661 1909 2697 tur improbitate: non est commoraturum apud te malum. Non consistum¬
1101 2693 1909 2732 insani e regione oculorum tuorum: odisti omnes qui operam dant iniqui¬
1107 2730 1909 2771 tati. Perditurus es loquentes mendacium: virum sanguinarium & do¬
1108 2757 1402 2797 losum abominetur Iehova.
1136 2782 1907 2835 Haec justitia adversus improbos aeque minus impediri potest atq
1101 2828 1919 2872 amnis exundans sisti: sicut dicitur Jes. 10. v. 22. Consummationem
1108 2860 1577 2905 praecisam corsummabit exundans iustitia.
1137 2893 1910 2933 Fam consiteri coguntur etiam improbi ipsi, quamvis inviti, velus
1111 2918 1912 2967 Pharao Exod. 9. vers. 27. Quum misisset Pharao, accersivit Mosen &
1110 2964 1909 3002 Aaronem & dixit eis, peccavi hac vice: Iehova iunstissimus, ego vero &
1107 2991 1484 3036 populus meus improbissimi sumus
1137 3019 1904 3069 In diabolo & angelis eius conspicitur justitia Dei, tum in deturba¬
1110 3046 1919 3106 tione ejus de coelo & privatione perpetua aeternae beatitudinis, tum
1110 3090 1910 3135 in supplicio ignis aeterni, qui patatus est diabolo & angelis ejus
1107 3126 1915 3159 Lucae cap. 10. vers. 18. Spectabam Satanam ut fulgur e coelo caden¬
1104 3161 1912 3202 tem. Apocal. 12. v. 8, 9. Nequo locus eorum amplius inventus est in¬
1110 3193 1909 3230 coelo. Et proiectus est Dra oille magnis, serpens ille antiquus, qui vocatur
1099 3227 1906 3266 diabolus & Satanas, qui seducit cotum terrarum orbemi protectus est in
