2063 3465
450 180 856 244 CAPUT XXXII.
309 253 972 320 In quo secunda distinctio propriorum attribu¬
505 309 794 365 torum Dei traditur.
316 365 991 441 Hucusque prima distinctio attributorum
479 420 801 487 DEI propriorum.
291 479 1036 536 ECUNDO propria attributa DEI vel absolata sunt vel rela¬
246 518 360 588 Qoo¬
316 542 1043 602 Absoluta attributa Dei, sunt quae Deo ab aeterno competunt et¬
256 585 1037 643 iam absque creaturarum respectu, qualia sunt quae secundum essenti
249 627 1049 671 am Deo conveniunt: cujusmodi sunt nomina lehova, Tah, El, Elo¬
261 665 652 705 him. & pleraque supra enumerata.
291 685 1046 738 Relativa attributa Dei, sunt quae lo tempore Deo competunt cum
264 720 1049 772 telatione quadam ad creaturas, reali quidem in creaturis, sed rationis
264 754 1046 805 duntaxat in Deo; qualia sunt omnia quae non secundum essentiam
259 789 1046 839 Deo competunt, sed certum aliquod in creaturis ipsis opus Dei & in¬
264 821 1048 871 eas beneicivis, significant; ac proinde distinguuntur in Deo, non
266 860 1049 904 essentiae sed eifectuum ratione: ut cum Deus dicitur Creator, Guber¬
271 885 1049 934 nator mundi, Dominus coeli & terrae; Deus noster, Redemtor noster, Li¬
262 918 1058 970 berator noster, custos uniuscujusque. custos Israelis, Psal. 121. 3. 4. Rex, Ps.
273 957 1052 1007 5. v. 3. Vindex Israeiis, Sanctus Israelis, Sanctificator, Iudex totius mun¬
269 986 1043 1038 di. Sic relativa attributa Dei sunt, cum dicitur quod sit adorandus re¬
261 1021 1046 1073 ligiose, ac proinde adoratur, quod sit laudandus & celebrandus, benedi¬
271 1053 1045 1104 ctus, elatus supra omnes Gentes, Psal. 113. 4. quod sic laudatus, Psal. 18.
270 1087 1049 1136 4. Laudatum invocabo Iehovam: quod nemo ei par sit, Ps. 113. 5. quo-
271 1124 1058 1178 sit superior Lege & Dominus Legis, quod sit mirificus. Ps. 86. 9. ac sum¬
270 1159 1055 1204 matim tota illa majestas Dei, quae ei respectu creaturarum & supra
279 1192 790 1242 eas adscribitur, est attributum ejus relativum
309 1222 1063 1267 Etsi autem talia tribuantur Deo cum relatione tantum rationis, si
280 1259 1058 1301 Deum spectes: nam mutatio non sit ulla in Deo, sed tantum in crea¬
273 1291 1051 1331 turis: tamen realiter, id est, vere Deo comperunt: nam vere est crea¬
273 1323 1052 1368 tor, vere redemtor, &c. Hoc potest ex similibus exemplis intelligi
273 1364 1060 1395 Quum columna dicitur alicui dextra aut sinistra, & Sol est tibi supra
277 1386 1061 1434 zenith aut non; nulla sit in columna aut in Sole mutatio, sed tantum in
274 1422 1055 1466 hom, ne ad columnam sese convertente, in te peregrinante ultra AE¬
289 1455 1051 1507 quatorem: & tamen reipsa dicitur columna dextra aut sinistra, & Sc¬
282 1487 1057 1531 reipsa dicitur esse supra zenith, aut non. Idem de Deo fatendum est.
279 1532 664 1569 etsi nulla in eo mutatio contingat
471 1629 881 1683 CAPUT XXXIII.
411 1710 938 1769 In quo de metonymicis attributis Dei.
334 1783 1007 1850 Hactenus explicata sunt attributa DEI
459 1839 889 1907 propria: sequuntur figu¬
633 1892 710 1938 rata.
285 1958 1063 2012 TIGURAT A attributa Dei, sunt quae per figuram aliquam, seu
273 1995 811 2058 Ttropum Rhetoricum de Deo praedicantur.
343 2038 1049 2081 Eaque vel singula distincte adhibentur: vel plura conjunctim.
304 2061 1055 2112 Singula distincte sunt vel metonymica, vel Ironica, vel metaphorica.
270 2102 460 2147 vel Synes dochicat
315 2133 1054 2171 Mitenymica attributa Dei, sunt quae tropo metonymiae de Deo.
274 2169 1082 2203 dicuntur: veluti cum Deus dicitur firmitas nostra, id est, qui dat nobis ¬
273 2202 1051 2242 firmitatem, sicut David Psal. 18. v. 2. ait; ex intimis visceribus diligam
267 2235 1061 2271 te Iehova firmitas mea. Simili modo loquendi Deus est virtus seu¬
261 2272 1049 2313 fortitudo nostra Psal. 22. 20, quia nobis vires & fortitudinem largitur?
271 2301 1046 2338 Est salus nostra, id est, autor salutis nostrae, Psal. 27. 1. Iehova lux mea
268 2335 1051 2373 & salus mea est, a quo timerem? Itemiest robur vitae nostrae, id est, lar¬
276 2367 1058 2416 gitur nobis robur & conservat vitam nostram diutissime, Psal. 27. 1.
273 2400 1045 2443 Iehova robur vitae meae est, a quo expavescerem? Est auxilium nostris
261 2431 1051 2472 id est, dator auxilii quo conservamur, Psal. 27. 9. Auxilium meum fu¬
261 2467 1049 2502 isti, ne deseras me, neque derelinquas me, Deus salutis meae. Hoc invita¬
263 2509 1055 2543 mur ad spem in Deo collocandam Psal. 33. v. 20. Et Psal. 46. 2. Deus
271 2520 1088 2578 nobis est receptus & robur, auxilium in angustuis praesentissimum. Psal.
270 2565 994 2609 70. v. 6. Auxilium meum & liberator meus es; Iehova ne tardes.
297 2597 1063 2641 Sic dicitur Deus carmen nostrum, Exod. 15. v. 2. quia est subjectum
268 2630 1049 2674 & argumentum carminis nostri, est is, de quo religiose, sancteque ca¬
271 2666 1055 2706 nimus & canere debemus. Psalm. 118. 14. Robur meum & carmen
260 2697 313 2739 Iah.
310 2719 1055 2774 Similiter Deus est laus nostra, id est, is quem laudamus & laudare
260 2757 1048 2800 debemus, is de quo certa fiducia gloriamur & gloriari debemus: sic
267 2798 1043 2840 ut Jetemias ait capit. 17. 14. Sana me Iehova & sanabor, serva me &
274 2831 1051 2869 servabor, quia laus mea es. Est vita nostra & longitudo dierum nostro.
271 2864 1058 2906 rum, id est, is qui dat & conservat vitam nostram, & prorogat eam
283 2898 1058 2939 quam longissime, Deuter. 30. 19, 20. Vitam electurus es, ut vivas tu¬
270 2932 1054 2970 cum semine tuo, Diligendo Iehovam Deum tuum, auscultando voci e¬
277 2959 1057 3003 jus, & adhaerendo ei: nam ipse est vita tua & longitudo dierum tuorum.
271 2994 1052 3034 Est gloria nostra, Psal. 3. v. 4. id est is de quo gloriamur, & qui veram
277 3028 1046 3074 ploriam nobis tribuit adversus ignominiam qua impii nos afficiunt
279 3060 1042 3101 Est honos noster Psal. 166. 20. quia eo nudati omnem ignominiam
276 3093 1049 3138 apud inimicos subeamus oportet Est fiducia omnium excremitatum
277 3121 1046 3171 terrae & maris longinquarum. Psal. 65. 5. id est, is in quo confidunt o¬
273 3161 1045 3196 mnes extremitates terrae & maris longinquae. Jerem. 17. v. 17. Bene
276 3187 1051 3233 dictus vir ille, qui fiduciam habet in lehova, & cujus confidentia est le¬
272 3215 346 3258 hova.
1132 168 1909 220 Est spes nostra, 1. Tim. 1. v. 1. id est, is in quo spem ponimus. Jerem:
1092 213 1903 253 14. 8. O spes Israelis, servator ejus tempore angustiae. Est exspictatio fide¬
1098 249 1901 285 lium, quia is est cujus auxilium exspectant fideles. Jer. 17. 13. O ex.
1105 279 1895 326 pectatio Israelis Iehova, omnes delinquentes te crubescant. Est robur Ie
1101 313 1900 354 novae, 1. Chron. 16. 11. & Psal. 78. 61. Est arca federis, nam illa erat
1105 346 1778 398 tymbolum praesentiae DEI robustissimi, 2. Chron. 6. 41.
1227 398 1768 454 Sic fuerunt attributa Dei metonymica.
1293 509 1711 577 CAPUT XXXIV.
1227 598 1772 650 In quo de Ironicis attributis DEI.
1116 675 1898 715 PRONICA attributa Dei, sunt quae tropo Ironiae de Deo enun¬
1131 715 1900 747 ciantur: veluti cum Deus dicit Genes. 3 vers. 22. Ecce homo factus
1135 753 1898 794 est sicut unus ex nobis, utitur Ironica exprobratione; quam cor ho¬
1107 784 1909 817 minis non tantum pungere, sed penitus confodere voluit: nequa¬
1107 816 1900 865 quam enim Deo aequalis factus erat homo. Nec vero crudeliter mi¬
1101 848 1904 887 sero insultavit, sed pro morbi necessitate violentius remedium adhi¬
1104 882 1916 924 buit. Nam etsi confusus erat Adam & attonitus sua calamitate: mali¬
1104 920 1897 963 tamen causam non satis reputabat, ut superbiae pertaesus, veram hu¬
1110 948 1910 989 militatem amplecti disceret, ut Cal vinus in Commentariis hunc lo¬
1106 987 1904 1025 cum exponit. Ac certe Ironia non tantum adhibetur in derisionibus.
1101 1017 1904 1057 sed etiam in reprehensionibus justis, seriis & gravibus, in querelis, in
1113 1052 1910 1095 commiseratione. &c. Sensus igitur verborum Dei est: q. d. longe ali¬
1107 1092 1907 1136 ter se res habet, quam putavit homo futurum degeptus a serpente¬
1122 1117 1913 1163 qui dixerat, eos fore sicut deos, scientes boni & man. Nunc non est.
1107 1150 1903 1187 homo factus sicut unus ex nobis, sed factus est rriste & horrendum
1107 1183 1903 1221 spectaculum, &c. MichaJehu Propheta 1. Reg. 22. 15. ironice Pseus
1122 1215 1904 1256 loprophetas fingens ait ad Achabum: Adscende & prosperare, scilicet
1117 1254 1904 1290 tradet Iehova in manum regis. Sic Jobo cap. 38. 3. & 70. v. 2. dicit
1112 1284 1912 1329 quod interrogabo te, notum fac mihi. Quid enim Deo absconditum
1113 1319 1904 1358 esse queat, quod ei homo notum faciat? Psalm. 73. 11. Quomode cog.
1122 1351 1915 1387 nesceret Deus fortis? aut esset notitia in excelso? verba ista sunt pio¬
1123 1384 1915 1419 rum, certamen carnis & spiritus experientium, qui attoniti rerum
1119 1418 1912 1454 gravitate & infirmitate carnis quasi in dubium vocant providentiam
1123 1454 1908 1491 Dei, quam tamen revera in dubium non vocant Jerem. 4. vers. 10.
1126 1487 1904 1520 Et dixi, Aha Domine Iehovi, certe decipiendo decepisti populum hunt &
1119 1516 1906 1553 Ierosolymam dicendo, Pax erit vobis: & pertingit gladius usque ad ani¬
1113 1555 1912 1586 mam. Tribuit Deo Jeremias, sed Ironice, quod certum est num consi¬
1129 1588 1909 1621 petere nisi in pseudoprophetas & impostores, qui Judae os vinis no¬
1122 1616 1917 1650 missionibus mulcebant. Vide Commentarium Iohunnis Ge faluunis
1119 1650 1921 1690 hunc locum. 1. Corinth. 1. vers. 21. Libuit Deo per siultau ndin
1122 1683 1914 1716 tionem servare credentes. & vers 25. Stultitia Dei sapientior estqu am
1128 1714 1913 1751 homines: & infirmitas Dei validior est quam homines. In his verlas.
1119 1748 1912 1785 ironica concessione Paulus utitur: nemini enim obscurum est, quam
1122 1782 1921 1818 improprie Evangelium Dei vocetur stultitia praedicationis, quam
1119 1816 1915 1850 improprie item vel stultitia vel infirmitas Deo adscribatur; sed ne¬
1114 1847 1907 1883 cesse fuit talibus ironiis insanam carnis arrogantiam refutare, quae
1120 1882 1916 1926 Deum omni sua gloria spoliare non dubitat, ut ad hunc locum notat
1114 1916 1552 1951 Iohannes Calvinus in Commentariis.
1150 1940 1915 1983 Sic per Ironiam loqui solemus; Deus non videt ebrios, scortato¬
1122 1981 1916 2013 res aut alios impios in occulto peccantes: Cum tamen significare ve¬
1110 2014 1920 2057 limus, etsi homines lateant, etsi coram hominibus se occultent impii,
1107 2051 1918 2082 eos tamen minime occultos esse Deo. Tali ironia utimur ad repre¬
1114 2080 1907 2123 hendendas impias opiniones & cogitationes hominum nimis stupi¬
1117 2111 1910 2151 dorum & perperam sentientium de Deo. Sic dicimus κατ ειρωανίαν,
1113 2153 1906 2192 quum de impiis divitibus loquimur: Deus eget divitibus, sine eit
1113 2182 1919 2223 beatus esse non potest, rogabit eos ut haereditatem coelestem acce¬
1117 2216 1175 2258 ptent.
1310 2300 1712 2353 CAPUT XXXV.
1194 2388 1813 2447 In quo de metaphoricis attributis DEI.
1111 2458 1913 2553 DETAPHORIC A attributa Dei, sunt quae propria qui¬
1207 2500 1919 2539 dem sunt rerum creatarum, Deo autem per Metaphoram
1200 2533 1918 2573 seu similitudinem tribuuntur: qualia sunt quaecunque per se
1110 2568 1922 2609 & immediate sua propria significatione eas significant res, quae in
1108 2601 1906 2640 Deum cadere non possunt sed primo in rebus creatis exsistunt, atqui
1110 2636 1922 2673 inde propter similitudinem quandam ad Deum transferuntur, ad
1114 2670 1910 2704 varias ejus actiones nobis hoc pacto adumbrandas. Scriptura enim
1113 2702 1908 2740 saepe de Deo loquitur secundum captum nostrum, & ex imbecilla
1116 2735 1906 2772 cognitionis nostrae sensu. Ea Patres dicunt attribui Deo non Theo¬
1112 2768 1911 2819 logice, sed Oeconomice: qua de re Theodoretus, Dialogo secundo
1119 2799 1418 2844 qui inscribitur Inconfusus.
1131 2833 1909 2873 Eorum quaedam ab homine sumuntur, quaedam ab aliis creaturi¬
1125 2864 1914 2917 Quae ab homine sumuntur, dicuntur Deo attribui per ανυοωπομοςφα¬
1117 2898 1365 2943 τον vel ανορωποπαδειαν,
1134 2940 1916 2984 Aνορωπομορσωσις & αυυρωποπεδεια, est metaphera, quam ea quae
1102 2963 1792 3004 hominis sunt, Deo per similitudinem quandam tribuuntur?
1139 2997 1913 3047 Cujusmodi sunt hominis partes, membra corporis, sensus, affectus,
1108 3029 1442 3074 actiones, subjecta & adjuncta.
1147 3062 1910 3106 Anima, quae hominis pars est, tribuitur Deo Jesa. 1. 14. novilunia.
1110 3101 1901 3147 vestra, & statas ferias vestras odit anima mea, sunt mihi laborio
1116 3133 1901 3177 sae, &c. Jerem. 5. vers. nono & vigesimo nono, an degente hujus¬
1107 3167 1901 3202 modi non sumerit ultionem anima mea? & 9. 9. Amos 6. 8. jura
1111 3202 1916 3234 DOMINUS Jehovi per animam suam, ubi per animam vita.
1105 3232 1910 3280 DEI intelligitur, hoc est, ipsamet Dei essentia seu ipse DEUS. Vel
