2063 3426
248 165 1040 229 eos, ita ut non consumserim filios Israelis Xelotypia mea. Deuternom.
260 227 326 267 432. 21.
284 235 1042 292 Aut vehemens amor erga Ecclesiam, quo adductus ex oratuito
252 266 1040 328 federe, benefacit Ecclesiae suae, eamque asserit & vindicat ab adver¬
258 306 1046 364 sariis, ut Zach. 8. 2. Sic ait Iehova exercituum, zelotypus fui Tgiionis
257 346 964 396 zelotypia magna, & excandescentia magna zelotypus fui ipsius.
291 374 1036 420 Qdium Dei vel est negatio benvolentiae, seu reprobatio aut decre
258 408 1036 457 tum non eligendi ad vitam aeternam, Malach. 1. v. 2, 3. Rom. 9. v. 13
270 448 1043 494 Hujus odii divini causa in Deo tantum est, ipsius nimirum benepla¬
270 488 346 530 citum.
310 499 1044 558 Vel est displicentia, detestatio, abominatio, aversatio, Jes. 1. v. 14.
268 545 1037 588 Novilunia vestra & statas ferias vestras odit anima mea. Hujus vero
278 576 668 626 odii causa haeret in ipsis hominibus.
306 598 1046 656 Vel est exsequutio decreti puniendi atque perdendi improbos., Ps.
273 637 1052 689 5. v.6. Odisti onines qui operam dant iniquitati: hoc est, punis & perdis
267 670 1051 721 improbos, sicut punire & perdere constituisti. Hujus etiam odii causa
276 713 562 763 in ipsis hominibus haeret.
318 740 1045 794 Poenitentia Dei, non est perturbatio & dolor, ex agnitione errori¬
294 789 1049 831 ericulum secum trahentis oriens; nec consilii & decreti divini, quod
281 816 1051 863 est immutabile, 1. Sam. 15. v. 29. sed operum Dei mutatio, immutabile
288 848 1057 894 consilio manente divino. Gen. 6. v. 6. Poenituit Iehovam quod fecisset
279 883 1051 927 hominem in terra, hoc est, hominem quem prius creaverat, delere sta¬
286 922 1058 960 tuit, tanquam si poenituisset facti. 1. Sam. 15. 11. Poenitet me, quod con¬
282 949 1054 998 stituerim Saulem Regem, hoc est, constitui Sauli, quem Regem anter
284 982 856 1034 creavi, regnum abrogare. Jer. 18. v. 8. Psalm. 135. 24.
315 1014 922 1057 Ejus causae sunt vel peccata, vel resipiscentia hominum.
318 1045 1055 1090 Attamen hujusmodi mutatio a Deo ab aeterno est decreta. Nam
301 1082 1061 1124 atrumque Deus decrevit, & facere aliquod opus, & illud rursus mu¬
291 1111 1068 1157 tare, propter peccata vel resipiscentiam hominum. Ea mutatio operis
294 1133 1088 1192 vocatur poenitentia Dei. Quaecunque igitur mutantur, certis & fixis
292 1181 1067 1225 omnibus circumstantiis non sine immutabili ipsius decreto mu¬
303 1221 377 1260 tantur.
333 1269 1040 1330 Explicatum est, quo sensu affectus humani Deo tribuan¬
375 1314 982 1375 tur: sequitur quo sensu actiones humanae eidem
607 1357 783 1410 adscribantur.
336 1423 1062 1475 Actiones humanae quae Deo καν αυθρωποπαδειαν tribuuntur, tum
300 1464 589 1507 internae sunt, tum externae.
332 1489 1069 1533 Internae sunt, cogitare, cognoscere, numerare, &c. Jerem 4. ver. 28.
304 1532 1060 1565 dicitur Deus cogitasse, id est, decrevisse. Psalm. 92. 6. dicitur; valde pro¬
300 1558 1070 1600 fundas esse cogitationes Dei, id est, inscrutabilia esse consilia Dei Inter¬
291 1589 1061 1628 dum per cogitationes Dei intelligitur natura Dei seu proprietate
299 1623 1066 1663 Dei essentiales, veluti Jesa. 55. 8, 9. dicit Jehova: Non enim cogitatione
300 1654 1061 1693 mea sunt ut cogitationes vestrae, neque ut viae vestrae viae meae, dictum Ie¬
304 1686 1075 1731 hovae, sed ut alti sunt coeli supra terram; ita aliae sunt viae meae super vias
304 1719 1069 1758 vestras, & cogitationes meae super cogitationes vestras. His enim verbi.
308 1749 1075 1794 docet Deus, se natura & proprietatibus suis longe dissimilem esse ab
301 1786 1066 1825 hominum natura & affectibus: se quamvis graviter offensum peccati
292 1816 1070 1858 hominum, si resipiscant, non praebere se durum & implacabile, sed esst
295 1853 1072 1894 clementem & ad ignoscendum propensum, ac proinde longe alium
300 1884 1060 1926 quam homines, quorum animi sunt irritabiles & difficillime placam
301 1914 1073 1951 tur. Cogitationes Dei sunt etiam ipsius sapientia insinita & immensa.
298 1950 1073 1988 veluti Ps. 139. v. 7, 18. Quamobrem apud me, o quam pretiosae sunt co¬
290 1975 1070 2023 gitationes tuae. o Deus fortis, quam numerosae sunt summae earum: Nar¬
291 2012 641 2056 rarem illas, sed orena plures sum
324 2045 1060 2082 Cognoscere Deus dicitur quasi in tempore, Gen. 22. v. 12. Nunc cog¬
297 2072 1073 2115 novi timentem Dei esse te: Humanitus hoc dictum: notitiae enim Dei.
300 2107 1065 2145 nihil accrescit in tempore: neque Deus ratiocinatur & aliud ex alis
292 2144 1057 2182 colligit, alioquin alia essent ipsi notiora aliis, sed una simplici intello
300 2176 1066 2211 ctione omnia cognoscit sine discursu. Neque etiam pro immensa sua
294 2207 1066 2246 sapientia, sed pro nost: a infirmitite nobiscum Deus loquitur, mori¬
304 2247 1067 2278 bus hominum se conformans, & quod experimento probavit, & ut
288 2275 1064 2314 aliis innotesceret fecit, id sibi nunc dicit esse cognitum. Simplicite
288 2304 1075 2354 autem intelligit Abrahamum reipsa testatum, quam serio Deum ti¬
299 2344 377 2380 meret.
321 2365 1067 2410 Numerat Deus, id est, novit exactissime & velut in numerato habe¬
291 2404 1060 2453 omnia vel minutissima: sicut legitur numerare stellas, Ps. 147. 4. pile
301 2436 923 2471 capitis nostri, Matth. 10. 30 lacryias nostras, Ps. 16. v. 9.
327 2468 1072 2508 Externae actiones, quae Deo humanitus tribuuntur, plurimae sunt: ut
292 2500 944 2540 dicere, clevare lucem faciei, respirare, abscondere faciem, &c.
333 2534 1072 2569 Deum dicere seu dixisse, occurrit subinde in Scriptura: veluti Gen¬
297 2565 1064 2607 I. v. 3. Dixit Deus, esto lux. Sic v. 6. Dixit Deus: & saepius eodem ca¬
291 2603 1060 2642 pite. Caeterum Dixit Deus non temporaliter, nam etiam diceret mu¬
300 2636 1075 2673 tabiliter: non instrumentaliter, nam Deus apud se & unaquaeque per¬
300 2663 1075 2700 sona Trinitatis in Trinitate non agit instrumentaliter, quia spiritus
297 2698 1067 2737 est: sed vοητός Deum ergo dicere in creatione, est exsequi decretum ae
298 2730 1076 2768 ternum & producere ad Esse quicquid se producturum ab aeterno de¬
301 2762 395 2805 creverat
331 2791 1078 2838 Deus elevat lucem faciei, Ps. 4. v. 7 cum declarat gratiam & boni¬
310 2825 1070 2859 iatem suam erga nos, conferendo in nos dona sua, quae sunt nobis quo
310 2860 1075 2898 dammodo instar radiorum divini cultus, quibus illuminemur ac
303 2892 941 2930 summam illam bonitatis divinae lucem contemplandam
343 2930 1070 2970 Respicit seu videt, quum non aversatur, sed approbat, savore prose¬
310 2967 1072 3005 quitur & acceptum habet, tanquam si quis in tem sibi gratam oculos
312 3005 1077 3038 teneret defixos, Humanitus dictum a Principum consuetudine, ut
303 3033 1076 3082 Gen. 4. v 4. Respexit Iehova ad Abelum & ad munus eius. Johan. 3. 11
312 3059 905 3104 Quum vidisset opera Ninevitarum, id est, approbasset.
349 3094 1093 3129 abscondit faciem suam, quum declarat severitatem & iram suam
307 3128 1079 3178 poenis quas imponit, Psalm. 30. 8. vel cum non affici nostra miseria
315 3155 529 3210 tidetur. Psalm. 13. 2.
1143 157 1907 226 Senes. 2. v. 2. dicitur Deus sufflasse in nares hominis halitum vit apla
1102 207 1601 245 est, animam vitalem corpori ipsius indidisse
1132 243 1898 280 Est a dextera piorum, quum defendit, asserit & cripit pibs, ope &
1101 278 1903 317 protectione sua in periculis praesto est piis, & se veluti dexterae eorum
1098 310 1903 350 conjungit, ad eos servandos & liberandos. Ps. 16. v. 8. Per assistentiam
1108 341 1903 386 a dextera significatur divinae protectionis gratia in omnibus pericu¬
1099 372 1298 418 lis praesentissima.
1135 398 1906 450 Adest Deus fidelibus, Psal 124. v. 1. cum illis defensionem, patroci¬
1107 439 1903 480 nium & liberationem praestat contra furorem & insidias Satane, con¬
1095 474 1903 515 tra astutias & vim mundi, hoc est, Regum, Principum, populorum at¬
1107 509 1681 554 que hypocritatum, qui Ecclesiam delete conantur
1138 533 1911 576 Praesentiae Dei sunt quatuor gradus, ut optime Philippus Melanch.
1110 570 1274 616 thon distinguit.
1138 597 1911 639 Primus gradus, est praesentiae universalis, qua Deus omnibus crea¬
1107 639 1911 682 turis adest etiam malis, ita ut conservet eas tantisper donec vult; sicut
1108 673 1901 707 dicit Deus Jer. 23. Nonne coelum & terram ego impleo? De hac praesen¬
1101 708 1903 740 tia usitate dicitur; Enter, praesenter, Deus hic & ubique potenter. Juxta
1113 737 1907 779 munc gradum separabiliter rebus adest, quia destruit quas vult destruere,
1101 773 1906 811 ut maximam partem generis humani in diluvio, ut Sodomitas &
1113 806 1897 846 Gomorrhaeos, ut Pharaonem & ÆEgyptios. Nominatur etiam prae¬
1102 836 1273 882 sentia potentiae.
1138 861 1907 908 Secundus gradus, est quo adest beatis Angelis & hominibus, & non
1106 904 1910 945 tantum vitam eorum naturalem conservat, sed etiam vita supernatu¬
1107 937 1895 971 rali atque aeterna vivificat, & implet eos sua luce & justitia, & visibili
1116 969 1903 1006 ter atque immediate ab eis conspicitur, & quanquam ab eis non dis¬
1113 1002 1901 1039 cedit, tamen adest eis tantum societate. Nuncupatur praesentia gloriae
1147 1036 1898 1070 Tertius gradus, quo adest in hac vita renatis, dum non tantum vi¬
1119 1068 1900 1105 tam eorum conservat, sed etiam in eis motus sibi placentes efficit, &
1113 1103 1902 1147 tamen non conspicitur ab eis visibiliter, sicut in vita aeterna conspi¬
1125 1133 1468 1170 cietur. Vocatur praesentia gratis
1150 1167 1907 1210 Quartus gradus, est plane singularis, & ab omnibus aliis praesentiae
1119 1201 1901 1240 gradibus longissime diversus, quo sola persona secuda Deitatis, nem
1120 1236 1910 1277 pe Sermo ille aeternus humanam naturam ex Maria Virgine assum¬
1122 1269 1902 1306 sit sibique univit, non solum inseparabiliter, sed etiam tali ratione, ut
1122 1297 1906 1337 Sermo ille & natura assumta sint una persona. Haec dicitur praesentia
1126 1329 1313 1371 Vnionis personalis
1162 1356 1904 1403 Deus tentat homines, cum explorans ipsorum fidem & obediens
1116 1398 1906 1430 tiam, facit ut ipsi prodant quales sint & innotescant sibi & aliis: tenta¬
1132 1429 1910 1463 tio enim a Deo sit non ipsius causa cui omnia retecta sunt, sed nostra
1131 1464 1912 1495 & aliorum hominum, nempe ut excitemur ipsi ad probationem no¬
1125 1498 1915 1532 stri, & cognoscamus palamque profiteamur infirmitatem nostram:
1126 1530 1778 1562 ut Gen. 22 1. Exod. 15. 25. & 16. 5. & c. 19. v. 20. Deut 8.
1147 1556 1915 1606 Probat homines, quia certo novit & rebus adversis vel secundis pa¬
1134 1595 1904 1631 cefacit, qualis unusquisque sit, pius an impius, bonus an malus, since¬
1126 1628 1912 1661 rus an hypocrita, constans an inconstans, nocens an innocens; sicut
1135 1660 1910 1697 aurifaber igne confians autum & argentum, quale sit cognoscit, ve¬
1131 1693 1906 1730 rum an falsum, purum an mistum: Imo multo certius Deus novit u¬
1125 1727 1909 1762 numquemque hominem, quam ullus autifabrorum autum & argen¬
1135 1757 1337 1796 cum. Psalm. 17. v. 3.
1158 1780 1915 1832 Ponderat spiritus hominum, Proverb. 16. 2. id est, explorat & dijudi¬
1128 1828 1903 1865 cat, an sint puri vel impuri, sancti vel prophani, quasi pondere perno¬
1134 1860 1897 1897 vit, qualis sit quisque, ut qui est potentior corde nostro, 1. Joh. 3. 20.
1164 1886 1909 1926 Refert manum contra aliquem, Jes. 1. v. 25. cum ferulas subductas
1122 1918 1568 1959 reperit, & contumacibus denuo infligit
1155 1949 1917 1993 Convertit se ad nos vel reuertitur, Zachat. 1. 5. Ps. 6. 5. cum se nobis
1128 1981 1903 2025 benevolum ac propitium testatur, ablatis irae suae documentis, mor
1135 2016 1776 2058 bis, bello & aliis calamitatibus, & restituto statu prospero.
1155 2047 1918 2104 Deus venit ad nos, quum facit ut sentiamus in nobis gratiam ejus
1132 2080 1648 2124 residere, & magis magisque augeti, Joh. 4. 23.
1149 2109 1915 2161 Mansionem facit apud nos, cum in perpetua gratiae fiducia nos
1132 2146 1368 2188 confirmat. Joh. 14. 23.
1156 2180 1922 2221 Descendit, non quod se de, loco in locum moveat, qui coelum &
1116 2217 1915 2249 terram implet; sed vel quando aliquid novum, quod antea non fece¬
1129 2251 1911 2290 rat, in terra operatur, ut Genes 11. 7. Sic Filius Dei descendit de coelo
1135 2281 1912 2317 non mutatione loci, sed assumtione carnis & patefactione sui in ea¬
1134 2315 1915 2352 Vel quando quasi cognitionem instituit rerum quae in terra fiunt, &
1125 2347 1909 2381 adhibet examen, antequam ad poenas sumendas veniat, Gen. 18. v 21.
1134 2380 1913 2412 &, ut clarius dicatur, cum facto ipso ostendit, sibi non esse incognitum
1137 2411 1915 2454 quid in terris fiat, ut Gen. 11. v. 5. Descendit Iehova ad videndum ur¬
1128 2444 1912 2488 bem illam & turrim, quam exstruebant filii hominum: tanquam si quio
1134 2475 1915 2509 Princeps de arce sua descenderet, cogniturus & quaestionem habitu¬
1132 2509 1910 2546 tus accuratissime, de negotiis subditorum suorum, & postea de illis
1129 2542 1915 2583 statuturus. Vel cum reipsa virtutem suam profert, seque nobis pro¬
1125 2576 1547 2618 pinquum esse ostendit, ut Exod 3. v. 8
1159 2597 1909 2650 In altum reuertitur, cum quasi conscendit judiciale solium. Psalm.
1128 2638 1258 2683 7. versicul.o
1161 2666 1912 2714 Ambulat temere cum hominibus; Levit. 26. ver. 24. quum sine ullo
1122 2707 1912 2748 personarum discrimine seu respectu, & non adhibita plagis modera¬
1119 2737 1432 2775 tione, habenas irae suae laxa¬
1164 2765 1910 2816 Parit hominibus pro iniquitate. Psalm. 56. v. 8. quum facit, ut ipsis
1129 2797 1916 2842 laboriosa atque aerumnosa sit ipsorum iniquitas. Nam istos labores
1134 2841 1916 2876 iniquitatis poenas, modo patere dicitur Deus ut illorum autor: modo
1125 2869 1903 2910 improbus ipse, qui sibi sua improbitate generat malum, Psalm. 7. 15.
1168 2905 1919 2938 Ponit unamquamque latrymam nostram in utre suo. Ps. 56. 9. quum
1132 2930 1571 2970 non patitur inaniter in terram decidere
1162 2958 1904 3009 Dat bibendum tanquam vinum horrorem. Psalm. 60. 5. cum terro
1125 2997 1391 3038 rem incutit hominibus
1158 3036 1917 3081 Dat timentibus se vex illum. Ps. 60. 6. quum victoria illis largitur.
1162 3069 1879 3104 Erigitur e pulvere tenuens, e sterquiliniis elevat egentem. Ps. 113. 7.
1165 3101 1913 3133 Fetit impios iaculis, Ps. 64. 8. quum judicia sua velocissima in eos
1137 3135 1924 3178 exserit: nam judicia Dei velocissima comparantur sagittis repentinis
1126 3164 1376 3202 seu subito volantibus.
