2063 3480
205 170 1003 225 nae est in se, id est, modo subsistendi est a se, quia in se & per se sub¬
204 215 258 258 sistit
244 236 997 289 Adhaec Pater gignit Filium, & cum Filio spirat Spiritum San¬
214 281 1003 322 ctum Quod Pater gignat Filium, liquet ex Psal. 2. v. 7. Heb. 1. ver. 5.
219 314 1010 354 tubi Pater ipse ad Filium dicit: Filius meus es tu, ego hodie genui te. Gi¬
216 342 1000 394 gnit illum ab aeterno: quamvis Filium suum esse, a se ab aeterno geni¬
222 379 1003 419 tum, patefecit in tempore, nimirum tum quum ipsum in orbem ter¬
216 411 1010 466 rarum introduxit, Heb. 1. v. 6. tum quum ipsum potenter suscitavit
225 454 659 497 ex mortuis, Rom 1. v. 4. Act. 13. 32, 33.
256 480 588 518 Patet idem ex his rationibus.
258 507 1009 554 I. Quia Pater natura vere, univoce & propriissime dicitur Pater.
225 541 1016 585 Ergo genuit Filium. Is enim natura pater alicujus dicitur esse, qui
220 583 832 626 eum non sibi adoptavit in Filium, sed genuit ex sese
261 610 1022 660 II. Quia Filium habet μόνοyοs, unigenitum Joh. 1. v. 14. & 18. &
222 641 770 685 ιδεον, proprium, Rom. 8. 32. Ergo genuit Filium
267 679 832 728 III. Quia si mens generat, etiam generat Deus.
258 708 1014 752 IV. Quia quicquid perfectionem in nobis significat, id Deo con¬
230 752 1021 794 petit: At generatio perfectionem in nobis significat: nam nihil ge¬
225 784 1022 828 nerat, nisi quatenus est actu: & generatio filiorum inter benedictio¬
232 818 725 859 nes Dei numeratur: Ergo & Deo competi¬
279 837 1030 890 Porro quoniam difficillimum est intellectu, quum dicitur quod
240 884 1016 924 Deus Pater ab aeterno genuerit Filium: & Judaei, Ariani atque Sa¬
245 917 1025 953 mosateniani in hac doctrinae parte multum turbent; ut Christiana
237 948 1030 993 juventus adversus eorum sophismata muniatur, id aliquo saltem
246 982 1022 1025 modo declarandum, quantum gratia Spiritus Sancti conces¬
241 1018 299 1069 serit.
261 1036 1028 1086 .Generatio, est productio qua gignens e sua substantia prolem sibi
251 1084 1030 1123 sim. lem generat. Productio, tanquam genus generationis latius pa¬
247 1121 1022 1155 tet quam generatio: nam omne quod gignitur, producitur & proce¬
255 1148 1061 1192 dit: sed non omne quod producitur seu procedit, gignitur, ut ranae
261 1192 1040 1232 procedunt ex aere, mures in AEgypto ex limo terrae: pediculi e capi¬
258 1221 1027 1257 te, lumbrici ex intraneis, ex asini cadavere crabrones, ex hominis cor¬
258 1250 1030 1295 pore vermes & sexcenta alia producuntur seu procedunt, non gi¬
252 1289 1039 1332 gnuntur: dissimilia enim sunt ab aliis ex quibus producuntur seu
255 1319 384 1364 procedunt.
292 1345 1042 1403 Quicquid ergo ab altero proprie generatur, proles est gene¬
250 1387 326 1421 rantis:
286 1410 1037 1454 In eo differt generatio a creatione, quod generatio est productio rei si¬
261 1452 1036 1486 milis: Creatio non est productio rei similis, siquidem creatio est actis
261 1477 1071 1530 qua creator producit creaturam, id est, dissimilis dissimilem. Quicquid
262 1513 716 1561 enim generat, generat sibi similem prolem.
287 1554 758 1585 Generatio vel corporea est vel incorporea.
292 1573 1042 1618 Vt subjectum cui generandi actus tribuitur vel corporeum est vel in¬
265 1616 1045 1650 corporeum: ita & generatio duplex. Unde gignendi verbum sumitur ae¬
255 1647 1040 1690 qui voce pro natura ac diversitate subjectorum quibus generandi actus
255 1679 373 1721 tribuitur.
303 1714 1039 1761 Generatio corporea est rerum corporearum quae per se & de se pro¬
261 1742 1045 1784 ducunt per potentiam extra se similem sini substantiam corpoream:
258 1783 1040 1826 & in iis homines personam. Vocatur etiam generatio physica, mate
256 1814 633 1854 rialis, Logica, & praedicamentalis.
294 1847 1053 1888 Estque motus a non esse ad esse: seu productio de non esse ad esse.
297 1879 1041 1931 Haec genitura physica, ne metaphysicis quidem rebus proprie a¬
254 1909 571 1958 ptari potest, nedum divinis
286 1939 1040 1984 Fitque ut dictum per potentiam tum activam, tum passivam. Unde
258 1974 932 2013 dupex quoque est genitura Physica, nempe activa & passiva.
286 2006 1034 2049 Activa genitura, est ejus qui gignit secundum corpus porentia a¬
257 2036 1039 2089 ctiva naturaliter. Nam physica substantia una sensibilis, alteram ge¬
261 2077 730 2115 nerat sensibilem substantiam naturaliter
291 2111 918 2155 Genitura passiva, est ejus qui gignitur potentia passiva
302 2140 1073 2181 Caeterum genitura haec physica est actio & passio transiens ex po¬
258 2181 1035 2232 tentia. Ideo omnis generatio Physica transit: nam simul atque produ¬
258 2207 675 2247 ctus est terminus illius, conquiescit.
289 2242 801 2281 Estque materialis, fit in materia & ex materia.
294 2278 1040 2322 Ea gignens producit al quid extra se, essentiam ab essentia: ita u¬
252 2314 626 2355 genitum subsistat extra gignens
289 2342 1032 2398 De non esse ad esse: sicut liberi qui non erant producuntur a pa
256 2378 1018 2422 rentibus de non esse ad esse, & habent utrique suum ipsorum esse.
279 2411 1043 2449 Ideo qui generat physice per motum, prior est causa & tempore: &
259 2445 1040 2493 qui generatur per motum, posterior est causa & tempore. Omne e¬
259 2481 1065 2518 nim quod generatur Physica generatione, quae sit per motum habet
249 2509 1044 2559 fontem, originem, principium, causam sui esse priorem tempore. Di¬
256 2546 1049 2593 co diserte per motum: Nam alia est ratio generantis per emanatio¬
251 2579 1044 2619 nem, ut Sol semper gignit ex se radios, & simul ac creatus fuit, radios
259 2606 1036 2650 statim ex se genuit, non igitur omnis generans est genito prior ali¬
258 2644 1044 2688 quo temporis intervallo seu aeternitatis gradu. Producit etiam So¬
259 2682 1040 2731 radios sine immutatione aut corruptione sui. Non igitur omnis ge¬
256 2706 596 2752 neratio sit cum corruptione.
300 2744 1044 2796 Axiomata quibus Samosateniani & Ariani adversus genera.
264 2765 1042 2827 tionem divinam utuntur, quae de rebus seu corporibus physicis ve¬
256 2807 335 2850 ra sunt
294 2840 925 2898 I. Quod semper est, ad ipsum esse produci non potest.
291 2876 1052 2921 II. Omnis productio aliquid novum necessario significat. Da¬
266 2908 1048 2961 tur de aliqua productione physica substantiarum corporearum ac
262 2936 320 2973 esse.
309 2971 1040 3025 III. Unius rei unicus est ortus, unicusque interitus. Hoc de phy¬
268 2996 1046 3051 sicis rebus verum est, quae aliter se a natura habere non possunt, quae
271 3037 1046 3083 cunque in rerum natura sunt, naturae ordine. Hoc certum indubitatum
274 3073 1055 3129 que est principium naturae ac necessarium, unius rei unicum esse or¬
301 3132 1091 3194 IV. In generatione sit mutatio essentialis, qua essentia rei muta¬
269 3105 586 3142 tum atque unicum interitum
270 3157 848 3221 tur in se Hoc locui habet in generatione physicat
310 3198 1058 3258 V. Generans & generatus habent divisam essentiam. Hoc verum
1056 165 1874 212 est de generante & generato physice: Deinde generans & gehera:
1059 212 1878 249 tus physice habent divisam essentiam, scil. singularem, non autem
1068 243 1874 280 communem: ac similia principia aut axiomata physica, non debent
1071 280 1871 313 rebus metaphysicis & divinis tribui: quia physicarum rerum natu¬
1065 312 1861 351 ra, facultates, actiones, passiones, toto genere a metaphysicis & de
1069 347 1867 380 vinis differunt. Alienum est, naturale axioma rei supernatur ali &
1077 378 1874 413 summe quidem supernaturali accommodare. Non prout sunt principia¬
1075 406 1880 447 ita esse actiones & ros singulas ipsorum constat. Alia autem esse prin¬
1066 444 1882 485 cipia rerum corruptibilium atque incorruptibilium, Aristoteles ipse
1068 480 1873 518 docet. Qua igitur mente leges illorum his aptarentur? Rerum diversa¬.
1078 510 1883 555 rum & oppositarum diversa atque opposita sunt principia. Physica infe¬
1065 544 1875 580 rior scientia, non dat rebus superior ac potius supremae omnium scien¬
1077 578 1877 618 tiae modum. Ex superioribus scientiis inferiores, non ex his illae judi¬
1084 615 1157 650 antur.
1191 630 1787 690 Dictum est de generatione corporea: sequitur
1388 682 1562 736 de spirituali.
1108 717 1877 763 Generatio spiritualis, est spirituum qui per se gignunt spiritualem
1077 759 1885 804 genituram de se, sed non extra se, verum in se: non per potentiam, sed
1076 793 1226 839 per naturam
1123 818 1886 862 Haec generatio est actus semper permanens, non transit ut corpo¬
1090 860 1371 905 ea ac physica generatio.
1112 893 1879 935 Nec ullo modo est passiva, cum res metaphysicae & divinae sint ad
1076 926 1891 968 ctus puri, ac propterea generatio passiva illis tribui nequeat. Qui
1080 968 1885 1007 genitura spirituali gignit, is ea potentia non gignit, secundum quam
1083 1000 1892 1040 potest gignere, aut potest non gignere; sed gignit natura, secundum
1092 1028 1895 1070 quam ita est ut est, nec aliter se habere potest. Generatio spiritualis
1092 1065 1895 1112 usque adeo est de natura gignentis & geniti, ut semper simul sint, nec
1083 1093 1553 1138 unum sine altero esse aut interire possit.
1131 1124 1895 1168 Seneratio spiritualis est immutabilis: quia non est potentialis, sed
1084 1160 1889 1199 naturalis utraque (id est, respectu & gignentis & geniti) nec a natura
1087 1196 1889 1242 divelli potest, sine corruptione illius. Est immaterialis quoque & incor¬
1101 1227 1417 1272 porea. Subsistit in generante
1126 1255 1568 1298 Estque vel metaphysica vel hyperphysica,
1126 1293 1889 1338 Generatio metaphysica, est secundum quam mens giguit ratio:
1102 1328 1898 1364 nem tanquam essentialem & specificam suam fa ultatem seu pro¬
1107 1359 1892 1396 prietatem. Sic nostra mens sive intelligentia gignit in se λόόγον ἔα¬
1101 1402 1898 1438 φυτον & essentialem suum. Mens enim sui cogitatione se quodam¬
1098 1426 1886 1472 modo in suo conspectu constituit. Gignit ergo mens de seipsa cogi¬
1105 1466 1901 1507 ians, intellectum hunc & recognitionem suam, Augustin. lib. 4. de
1105 1498 1286 1539 Trinitate, cap. 6.
1150 1532 1901 1570 Quapropter haec etiam genitura mentalis dicitur; item transcen¬
1092 1555 1895 1597 dentalis seu cranscendens. Res metaphysice sunt simplices & puri a¬
1096 1600 1840 1638 ctus, quos eυδελιχειας vocant, mentes, intellectus, intelligentias
1140 1622 1892 1663 Intellectus dum intelligit, gignit alium quasi intellectum sibi si¬
1104 1662 1901 1699 milem: quem hanc ob causam nos conceptum mentis, Platonici
1096 1698 1892 1737 mentem genitam a mente, Patres Verbum & λόοον mentis appella¬
1104 1729 1904 1769 runt. Et illum gignit intra se, non extra se, sicut Sol ratios: & nunqua
1095 1758 1906 1809 intellectus est actu intelligens, & ideo vere intellectus, sine hoc geni¬
1100 1795 1798 1838 to altero intellectu: & quidem sine ulla sui mutatione gignit.
1135 1828 1910 1869 Mens itaque gignit λόγον, nec potest non gignere, quia est partus
1107 1859 1900 1898 vel genimen naturale mentis, & quidem (ut Aristoteles loquitur) τῳ
1106 1892 1910 1928 υσί συυκιδιον, id est, coaeternum menti: nunquam fuit, est aut erit mes,
1104 1925 1897 1971 quin fuerit, sit & futura sit in ea ratio; nec ratio unquam dari potest.
1113 1966 1904 2004 uin sit mens ratione instructa, eamque obtinens. Ergo mens gi¬
1095 1990 1901 2039 gnens, nunquam desinit gignere: & ratio genita nunquam desinit
1095 2032 1901 2072 gigni. Mens generat genimen coaeternum. Generat in se, non
1101 2061 1898 2103 extra se: Nam si extra se gigneret, simplex & pura esse desineret, ver
1101 2095 1903 2137 potius non esset: quia productio extrinseca non est simplicium, sed
1105 2126 1910 2178 compositatum substantiarum. Generat similem sibi partum: Gene¬
1092 2161 1685 2206 rat simpliciter & immutabiliter: Generat perfecte
1138 2183 1904 2234 Ratio est de esse mentis producentis ipsam. Ideo ratio non subsi¬
1098 2225 1902 2266 stit in se, ut mens, se subsistit in mente. Ita anima hominis semper ra¬
1093 2269 1891 2312 tionem de se genuit, simplex simplicem, perfecta perfectam, semper
1102 2295 1217 2343 que gigni¬
1135 2325 1901 2379 Distincta est mens seu intelligentia: ratio & voluntas: & distingui
1101 2366 1798 2410 oportere, ostendit natura, ratio, usus, communis experientia.
1230 2401 1756 2463 Axiomata de generatione Metaphy¬
1480 2446 1533 2487 sica.
1122 2476 1904 2521 I. Qui generat metaphysice, prior est; & qui generatur, posterior
1105 2515 1910 2559 est causa vel origine, non autem tempore. In hoc enim genere, gene¬
1101 2553 1900 2596 rans & generatus sunt inter se, non dico συγχρονoι, sed (ut Aristotelesi
1101 2590 1759 2633 pse loquitur) συναίδιoς, non contemporales, sed coaeterni¬
1131 2619 1903 2666 2. Omne quod metaphysice generatur, habet fontem, origine
1098 2652 1904 2699 principium, causam sui esse, simul tempore, quamvis priorem ordi¬
1099 2689 1208 2738 ne causae.
1134 2723 1900 2761 3. Omne quod metaphysice generatur, semper generatur: nec
1110 2755 1907 2797 propterea habet imperfectum esse atque successivum, nec permanens.
1113 2790 1909 2828 emper. Nam generationis metaphysicae hoc est perpetuum, quod
1117 2829 1908 2866 generans & generatum, sempur simul sint, & perfecte sint simul, nec
1108 2854 1370 2901 aliter se habere possint
1143 2884 1916 2933 4. Substantiae metaphysicae, quia sunt formae subsistentes, quae se
1113 2922 1903 2962 nabent ad esse suum, sicut potentia ad actum, non patiuntur mutatio¬
1101 2962 1909 3004 nem substantiae: quia esse consequitur formam, & nihil corrumpitur;
1101 2986 1444 3026 nisi eo quod amittit formam
1131 3020 1903 3069 5. Metaphysicarum rerum ea natura est, ut una gignat duntaxa
1101 3061 1906 3106 unam: unus intellectus rationem unam, ut fons perennis unius per¬
1107 3088 1217 3129 ennis rivi¬
1138 3117 1901 3157 6 Mens, & ratio a mente genita, sunt essentia unum, sed modo
1095 3156 1906 3191 differunt: quandoquidem in cognoscendi & intelligendi modo men
1117 3189 1916 3226 seu intellectus cognoscit simplici intuitu. ratio vero discutrendo (ut
1102 3222 1459 3270 loquuntur) de uno ad alterum
