2063 3366
214 158 983 200 verus natura Deus. Assumtionem probant subjecta testimonia. Ge¬
216 200 971 235 nes. 16. versicul. 13. Angelus Jehovae (is autem fuit aeternus Filiu
208 233 974 266 Dei,) nominatur Jehova: Tum vocavit Hagar nomen Iehovae allo
217 267 980 306 quentis ipsam, tues fortis Deus visionis. In hoc versu est Jehova, qui in
219 296 976 335 praecedentibus versibus semper appellatus fuit Angelus Jehovae: und
205 332 985 378 colligitur, non esse creatum Angelum, quia Jehova non est Angelus
201 365 289 400 creatus.
249 387 986 430 Gen. 18. Jehova apparens Abrahamo & repetens promissionem de¬
208 425 989 467 nascituro Isaaco, & consilium de subversione Sodomae retegens fuit.
214 444 1010 498 aeternus Filius Dei: quia a Paulo Hebr. 13. v. 2. Angelus nominatur,
207 490 847 534 quum dicit, quod Abrahamus nescius Angelos exceperis
244 517 977 558 Gen 28. Jehova specie visibili & ab Angelis creatis distinctus ap¬
207 553 989 595 paruit Jacobo: At cap. 31. dicitur Angelum Jehovae dixisse Jacobo, E¬
211 587 980 628 go sum Deus Bethel, ubi vovisti mihi votum. Clare hoc docet Propheti
213 619 985 650 Hoseas cap. 12. 5. 6. Principem se gessis lacobus cum Angelo, & poten¬
201 649 976 686 tia valuit, flevit & supplex oravit eum: Bethele invenit eum, & ibi lo¬
210 681 986 722 quutus est nobiscum. Atqui Iehova Deus exercituum, Iehova est me¬
201 712 344 753 moriale eius.
243 741 976 780 Exod. 3. & 4. apparuit Mosi Angelus Jehovae in rubo ardente, &
204 773 980 818 ibidem idem Angelus vocatur Jehova, atque ea de illo praedicantur
216 812 985 852 quae nonnisi de vero Deo intelligi possunt. Conferatur concio Ste¬
213 843 553 890 phani protomartyris Actor. 7.
243 869 977 909 Exod. 13. v. 21. legitur, Iehova antecedebat eos interdiu in columne
216 904 980 945 nubis, &c. At c. 14. 19. Tum profectus Angelus ipse Dei, qui antecedebat
208 938 437 979 castra Israelitarum.
250 958 983 1005 Josu. 6. v. 2. Princeps militiae Iehovae, (id est, Filius Dei, ut interpre¬
217 1005 983 1034 catur Iustinus Martyr Dialogo cum Ttyphone Judaeo, pag. ducentes.
213 1033 991 1069 vigesimaprima, Tertullianus libro de Carne Christi;) vocatur versus
214 1068 986 1107 quinto Jehova; Dixit Iehova Iosuae, vide trado in manum tuam Ieri¬
210 1099 357 1136 chuntem, &c.
243 1129 992 1171 Jud.6. Angelus Gideoni apparens nominatur Jehova v. 23, 24, 25.
210 1157 980 1202 Et c. 13. Angelus Jehovae apparens parentibus Simsonis nominatur
208 1196 905 1235 itidem Jehova, & sacrificium illorum acceptat. 2. Sam. 12. v. 25.
240 1225 989 1269 Jes. 25. 9. dicitur de Rege Messia: hic est Iehova quem exspectamus.
207 1258 985 1298 Jer. 23. 5, 6. Ecce dies uenturi sunt, dictum Iehovae, quibus excitabo Da¬
216 1291 979 1330 vidi germen iustum: qui regnabit rex, secundabiturque, ac exercebit in
207 1323 986 1361 & iustitiam in terra. Diebus eius servabitur Iuda & Israel habitabit se¬
205 1355 980 1408 cure: atque hoc nomen eius est quo vocabit eum (nempe Israel) o Iehova.
213 1388 372 1430 iustitia nostra.
228 1413 998 1462 Zach. 2. Angelus creatus dicit de Angelo Jehovae mittente ipsum
201 1453 992 1484 v. 12. Sic ait Ieho va exercituum, qui post gioriam inisit me contra gentes.
207 1482 985 1525 istas quae depraedatae sunt ves: quia qui tangit vos, tangit pupillam oculo
213 1515 982 1551 mei. Nam ecce ego agitaturus sum manum meam contra illas, & erunt.
205 1552 989 1591 praedae servis suis: ita agnoscetis, Iehovam exercituum misisse me. Et de
211 1580 990 1619 eodem legitur c 3. v. 1, 2. Postea ostendit mihi Iehosuam Sacerdotem ma¬
213 1620 977 1653 ximum, stantem coram Angelo Iehovae: & Satanam stantem ad dexte
210 1653 986 1685 ram eius ut adversaretur ei. Dicebat autem Iehova Satanae, Increpet Ie¬
210 1675 977 1716 hovate, o Satan, increpet, inquam, te Ichova. Hic idem nominatur it
201 1714 970 1748 epistola Judae v. 9. Archangelus Michael, qui non est alius nisi aeternt
214 1742 685 1781 Filius Dei, Princeps Angelorum Dan. 12.
244 1772 983 1814 Ex his & similibus testimoniis veteres Patres, Justinus Martyra
213 1805 976 1840 trenaeus Martyr, Tertullianus, Cyprianus, qui ante Concilium Ni¬
210 1841 979 1880 cenum primum vixerunt, comprobarunt, Filium Dei esse Deum na¬
208 1874 970 1912 tura, qui veluti vit apparere solitus est, ut Mediatoris officio fungere
213 1907 983 1938 tur: & quia familiarius ad fideles accedebat, & Dei Patris consilia at¬
214 1938 791 1980 que arcana eis nunciabat, id ei nomen Angeli dedit.
246 1960 977 2002 Recitata sunt testimonia, in quibus Filius Dei nominatur absolus
219 1997 839 2036 te Deus & Jehova: ac proinde est verus Deus & Jehova.
236 2039 953 2089 Sequuntur iam alia argumenta ex Scripturis depromta
253 2092 787 2136 Primum argumentum ducitur a causa generanter
251 2117 988 2159 Qui proprius & naturalis est Filius Dei, is etiam proprie & natura
214 2152 985 2197 Deus est: Quemadmodum qui proprius est hominis filius, is etiam
226 2188 416 2233 roprie homo est,
244 2216 983 2258 At Christus est proprius & naturalis Filius Dei Rom. 8. 32. Si Deus
207 2248 992 2295 pro nobis, quis contra nos? Is quidem qui proprio Filio suo non pepercit, sed
207 2286 985 2330 pro nobis omnibus tradidit eum, qui non etiam cum eo omnia nobis gra¬
213 2315 989 2366 tificabitur? Hinc etiam Iustinus Martyr Apolog. 1. pag. 34. ait: Filius Dei
204 2347 509 2394 solus proprie dicitur Filius.
249 2367 1003 2417 Ergo est proprie & natura Deus. Hoc argumentum diximus a
211 2412 983 2454 causa generante duci, secuti Graecos Patres qui Patrem appellant &¬
219 2444 992 2492 χινκιαίτίαν Filii: velut Cyrillus lib. 2. de Ttinit. Damascen. lib. 1. de
213 2475 994 2516 fide orthod. cap. 8. 11. 15 &16. & lib. 3. cap. 24. & lib. 4. cap. 19. post
216 2506 983 2553 Dionys. Arcopagitam, quem citat in dicto cap. 15. lib. 1. Utitur hoc
217 2538 988 2583 argumento Justinus Martyr, apologia secunda pro Christianis, pagi¬
214 2571 986 2618 nam septuagesimaquinta: ας κι λόιος πξωτότόκος κν το θεοό, κι θεός ὑπαρ¬
222 2604 890 2652 χe: Qui quod Verbum & Primogenitus Dei sit, Deus etiam est.
255 2635 608 2673 Secundum ductum est a forma:
255 2662 844 2707 Qui est in forma Dei, is etiam natura verus est Deus.
258 2703 546 2741 Christus est in forma Dei.
252 2735 350 2778 Ergo, &c.
258 2756 992 2809 Propositionis declaratio & probatio. Deus quicquid est, forma est
219 2795 1000 2829 simplicissima & essentialis, non composita, non accidentatia: nam in
228 2827 1003 2872 Deo nihil est compositum, nihil accidentale. Ideo forma etiam Dei
228 2861 784 2898 nihil est aliud, quam ipsa Dei essentia simplicissima
246 2893 859 2929 Proinde qui est in forma Dei, is etiam est verus Deus.
259 2917 1004 2962 Assumtio est Apostoli Pauli, qui Philipp. 2. v. 5, 6. ait; Is sit affectus
228 2960 994 2994 in vobis, qui fuit & in Christo Iesu: qui quum esset in forma Dei, non
225 2991 605 3036 duxit rapinam, parem esse cum Deo,
254 3013 1016 3057 Excipiunt Samosateniani, forma Dei non esse ipsam essentiam Dei,
227 3052 985 3090 sed imaginem: & Christum dici ideo in forma Dei esse, quod potestate
229 3088 1006 3138 mortuos excitandi, aegrotos sanandi, a Patre accepta, sermone, vita (uam
1024 162 1821 210 pcrinde ut Pater, a quo acceperat, habuit in semetipso) & aliis operibus;
1037 200 1651 242 quae in eo Pater manens fecit, ipsum Patrem repraesentaris
1063 228 1808 276 RESP. Istam emendicatam aequivocatiouem nominis formae
1037 258 1815 306 negamus ex mente Pauli esse. Nos statuimus hanc Dei formam es¬
1036 295 1814 336 se essentialem, esse ipsam essentiam Dei: Samosateniani dicunt esse
1033 326 1808 369 imaginem, quia Christus potestate, sermone, vita, operibus reprae
1042 359 1817 398 sentarit Patrem, hoc. est, esse accidentatiam formam. At contextus
1033 391 1819 425 Paulinus neutiquam admiitit, ut forma accidentatia hic intelliga¬
1031 425 1814 468 tur. Idque sic ostendo. Primo: Qui est in forma Dei accidentaria, is
1035 460 1817 492 nunquam est aequalis Deo: nam essentialis tantum forma aequalita¬
1044 493 1817 534 tem importat; accidentaria minime. At Christus est aequalis Deo:
1038 524 1807 563 Ergo non est in forma Dei accidentaria. Secundo: Si Dei forma tan¬
1044 553 1814 590 um est essentialis, tum Christus non est in forma Dei accidentaria:
1045 588 1810 624 At illud est: nam quicquid Deus est, & quicquid in Deo est, nihil est
1035 620 1816 656 aliud, quam ejus essentia simplicissima, semper eadem, nunquam
1047 651 1814 694 alia; nec aliud potest esse, quam ejus essentia; aut Deus erit composi¬
1029 685 1811 721 tus. Tertio: Si hominis forma, quam Christus assumsit, non est ac¬
1036 715 1807 750 cidentaria, sed essentialis: tum certe & forma Dei in qua Christus
1045 750 1810 786 erat, non est accidentaria, sed essentialis. Verum est antecedens: Er¬
1035 782 1814 820 go & consequens. Propositionis tam firma est connexio, ut Ter¬
1048 814 1819 851 ullianus ex ea non dubitarit alterum ex altero probare libr. 5. adver¬
1045 842 1810 881 us Marcionem cap. 20. ubi sic scribit explicans hunc Pauli locum,
1047 879 1813 906 Aeque non erit Deus Christus vere, si nec homo vere fuit in effigie ho¬
1048 910 1806 951 ninis constitutus. Utrobique enim veritas necesse habebit excludi, si effi¬
1035 942 1814 984 gies & similitudo & figura phantasmati vindicabitur. Quod si in effigit
1042 975 1819 1011 & in imagine, qua Filius Patris vere Dei praedicatus est, etiam in effigie
1036 1009 1804 1045 & imagine hominis, qua filius hominis, vere hominem inventum: nam
1045 1038 1808 1073 & inventum ratione posuit, id est, certissime hominem: quod enim inve¬
1044 1070 1808 1101 nitur, constat esse. Hactenus Tertullianus. Objiciunti Atqui dicitus
1047 1099 1814 1146 Christus in similitudine hominum factus, Similitudo autem non est es¬
1035 1131 1113 1178 sentia.
1062 1157 1819 1202 RESP. Similitudo, sicut & imago, alia essentialis est, alia acci¬
1047 1189 1819 1234 dentatia. Proinde videndum, ubi de essentiali, ubi vero de accidenta¬
1040 1229 1817 1272 ria similitudine agatur. Marcion haereticus de accidentaria accipie:
1041 1259 1819 1299 bat hoc in loco, & inde concludebat, Christum non inventum fuisse
1050 1299 1805 1332 hominem substantia & vera carne, At Tertullianus dicto loco re¬
1050 1323 1804 1364 pondeti Quasi non & figura & similitudo, & effigies subsiantiae quoque
1047 1357 1804 1391 accedunt. Quarto ipsamet exceptio Samosatenianorum pro nobis fa¬
1045 1389 1804 1425 cit: Nam quicunque Deum Patrem repraesentat potestate, sermone
1047 1421 1811 1456 vita, operibus, eum unius & ejusdem essentiae cum Patre & in forma
1041 1451 1819 1489 Dei essentiali, non autem accidentaria esse oportet: At Christus Deum
1041 1483 1814 1519 Patrem repraesentavit potestate, sermone, vita, operibus. Ergo est,
1044 1518 1807 1553 unius & ejusdem essentiae cum Patre & in forma Dei essentiali, non
1051 1549 1804 1587 autem accidentaria. Major est exploratissimae veritatis: nam unius
1035 1584 1807 1624 essentiae proprias operationes aequaliter nemo praestare potest, nis
1047 1620 1814 1652 qui ejusdem est essentiae: hoc natura docet, ratio confirmat, commu¬
1044 1646 1817 1682 nis & singularis sensus convincit. Assumtio vera est vel Samosatenia¬
1038 1677 1226 1730 nis ipsis testibus.
1191 1732 1654 1785 Hucusque secundum argumentum.
1066 1773 1804 1826 Tertium argumentum pro Deitate Christi ducimus ex effectis pro¬
1048 1820 1813 1854 riis solius Dei. Quicunque creavit coelum & terram, & omnia quae¬
1029 1854 1808 1894 in eis sunt visibilia & invisibilia, qui providentia sua gubernat & con¬
1041 1876 1807 1919 servat omnia, qui scrutatur renes & corda, qui justificat nos, propria
1038 1920 1804 1957 autoritate peccata remittit, qui Spiritum Sanctum dedit Prophetis &
1039 1949 1811 1978 Apostolis & dat aliis etiam electis, miracula propria virtute edit, con¬
1030 1978 1801 2015 fert potestatem edendi miracula, dat ministros Ecclesiae, eosque in
1039 2010 1810 2046 struit donis necessariis, instituit Sacramenta gratiae divinae, revelat
1029 2045 1807 2078 futura, illustrat mentes vera agnitione Dei, regenerat electos, donal
1035 2077 1805 2113 regeneratos fide salvifica, gubernat vitam & actiones piorum, exaudi
1029 2111 1813 2146 nostras preces, dat credentibus jus ut fiant filii Dei, donat vitam aeter¬
1041 2143 1510 2178 nam, &c. Is profecto est verus Deus natura
1074 2162 1805 2210 At Filius Dei creavit coelum & terram & omnia quae in eis sunt,
1057 2202 1613 2247 sibilia & invisibilia; & commemorata omnia facit:
1068 2234 1306 2276 Est igitur verus Deus
1068 2259 1808 2301 Assumtio pluribus membris constat, quae omnia ordine probabi¬
1036 2298 1802 2334 mus. Primo quod Filius Dei creaverit coelum & terram & omnia quae
1041 2328 1810 2365 in eis sunt, expresse traditur in Scriptura: velut Hebr. 1. v. 8, 9, 10. Ad
1032 2361 1802 2400 Filium autem (dicit,) Thronus tuus, Deus, in saculum seculi: virga recta.
1036 2399 1805 2432 virga regnitui. Dilexisti institia & odisti iniquitate: propterea unxit te, o
1038 2428 1814 2461 Deus, Deus tuus oleo exsultationis, ultra consortes tuos. Et, Tu ininitio
1038 2457 1798 2496 Domine terram fundasti, & opera manuum tuarum sunt coeli. Johan¬
1047 2491 1798 2526 1. v.3. Omnia per hunc (Sermonem) facta sunt, & absque eo factum est.
1042 2523 1802 2558 nihil, quod factum est, & vers. 10. Mundus per cum factus est, & mundus
1047 2555 1804 2590 ium non cognovit. Coloss. 1. v. 16. Per eum condita sunt omnia quae in coe¬
1044 2585 1801 2622 lis sunt & quae in terra, visibilia & invisibilia, sivethroni, sive domi¬
1045 2621 1814 2661 nia, sive imperia, sive potestates, omnia, inquom, per eum & eius respe¬
1041 2649 1804 2690 ctu condita sunt: Idem crediderunt & docuerunt viri Apostolici & eo
1045 2683 1769 2722 rum discipuli, qui ante Concilium Nicenum primum floruerunt.
1071 2718 1810 2767 IGNATIUS epistola ad Tarsenses scribit de Christo: Sed nequi
1047 2754 1812 2793 homo merus est, per quem & in quo facta sunt omnia. Omnia enim per
1049 2793 1822 2830 ipsum facta sunt. Quando faciebat coelos, una ipsi aderam, & ibi aderam
1051 2830 1814 2860 illi coaptans singula. Et mox: De quo porro homine dicebat: Erat lux ve¬
1047 2854 1823 2892 ra, quae illuminat omnem hominem venientem in hunc mundum: in
1042 2889 1823 2925 mundo erat & mundus per ipsum factus est, & mundus illum non agno¬
1053 2917 1827 2958 vit? Item ad Philadelphienses: Sanctum illud Verbum Filius Patris,
1053 2954 1826 2990 per quem Pater fecit omnia, omnibusque providet. Item epistolam ad He¬
1054 2986 1838 3026 tonem diaconum Antiochiae: Decebat Creatorem non consueto, sed pe¬
1041 3014 1666 3057 regrino & admirando uti parti, utpote omnium opifitem,
1077 3037 1840 3090 Item in epistola ad Ephesios paulo ante finem scribit: Filius Dei
1053 3079 1832 3128 ante secula genitus, ι3 τα πάντα γνώμς το πατξος συσκσυμδος, id ust
