<?xml version="1.0" encoding="UTF-8" standalone="yes"?>
<PcGts xmlns="http://schema.primaresearch.org/PAGE/gts/pagecontent/2013-07-15" xmlns:xsi="http://www.w3.org/2001/XMLSchema-instance" xsi:schemaLocation="http://schema.primaresearch.org/PAGE/gts/pagecontent/2013-07-15 http://schema.primaresearch.org/PAGE/gts/pagecontent/2013-07-15/pagecontent.xsd">
    <Metadata>
        <Creator>prov=University of Rostock/Institute of Mathematics/CITlab|PLANET AI GmbH/Gundram Leifert/gundram.leifert@planet-ai.de:name=cod-MkL9py-m2(htr_id=30048)::::v=2.6.7
prov=University of Rostock/Institute of Mathematics/CITlab|PLANET AI GmbH/Tobias Gruening/tobias.gruening@planet-ai.de:name=de.uros.citlab.module.baseline2polygon.B2PSeamMultiOriented:v=2.6.7
prov=University of Rostock/Institute of Mathematics/CITlab|PLANET AI GmbH/Tobias Gruening/tobias.gruening@planet-ai.de:name=/net_tf/LA73_249_0mod360.pb:de.uros.citlab.segmentation.CITlab_LA_ML:v=2.6.6
Transkribus</Creator>
        <Created>2021-01-14T09:11:37.509-05:00</Created>
        <LastChange>2021-02-14T07:20:28.810+01:00</LastChange>
        <TranskribusMetadata docId="572044" pageId="23601930" pageNr="235" tsid="52625581" status="IN_PROGRESS" userId="25065" imgUrl="https://files.transkribus.eu/Get?id=GYPIAHIQIKUBQXCDLWRWXCJT&amp;fileType=view" xmlUrl="https://files.transkribus.eu/Get?id=AQQCTQZKNPTRDHTIMQUBIAVM" imageId="18118184"/>
    </Metadata>
    <Page imageFilename="cod-MkL9py-0235.jpg" imageWidth="2063" imageHeight="3488">
        <ReadingOrder>
            <OrderedGroup id="ro_1613394028848" caption="Regions reading order">
                <RegionRefIndexed index="0" regionRef="TextRegion_1611321511241_1882"/>
                <RegionRefIndexed index="1" regionRef="TextRegion_1611321511241_1883"/>
            </OrderedGroup>
        </ReadingOrder>
        <TextRegion orientation="0.0" id="TextRegion_1611321511241_1882" custom="readingOrder {index:0;}">
            <Coords points="198,114 1019,114 1020,117 1057,881 1094,1829 1094,2363 1108,3251 1108,3274 198,3274"/>
            <TextLine id="r1l6" custom="readingOrder {index:0;}">
                <Coords points="193,207 1028,202 1027,169 974,156 193,179"/>
                <Baseline points="198,198 239,198 280,197 321,196 362,195 404,194 445,194 486,193 527,192 568,192 610,191 651,191 692,191 733,191 774,189 816,189 857,189 898,189 939,189 980,189 1022,189"/>
                <TextEquiv>
                    <Unicode>subi iuxta Patris uoluntatem omnia condidisset, is in utero gestatus est, ex</Unicode>
                </TextEquiv>
            </TextLine>
            <TextLine id="r1l8" custom="readingOrder {index:1;}">
                <Coords points="207,243 703,229 673,205 624,199 207,208"/>
                <Baseline points="212,233 237,233 263,231 288,231 314,231 339,230 365,230 391,229 416,228 442,228 467,228 493,228 518,227 544,227 570,228 595,228 621,228 646,228 672,230 698,230"/>
                <TextEquiv>
                    <Unicode>Maria iuxta dispensationem natus est, &amp;c.</Unicode>
                </TextEquiv>
            </TextLine>
            <TextLine id="r1l10" custom="readingOrder {index:2;}">
                <Coords points="241,282 1004,266 1004,233 241,240"/>
                <Baseline points="246,267 283,267 321,266 358,266 396,264 434,264 471,263 509,263 547,261 584,261 622,260 660,260 697,258 735,257 773,257 810,257 848,255 886,255 923,255 961,255 999,255"/>
                <TextEquiv>
                    <Unicode>JUSTINUS Martyr in prima oratione Paraenetica ad Graecos,</Unicode>
                </TextEquiv>
            </TextLine>
            <TextLine id="r1l12" custom="readingOrder {index:3;}">
                <Coords points="213,318 1001,298 1000,269 956,261 213,278"/>
                <Baseline points="218,302 256,302 295,300 334,300 373,299 412,298 451,297 490,297 529,296 568,295 607,294 645,294 684,293 723,291 762,291 801,291 840,290 879,290 918,289 957,288 996,288"/>
                <TextEquiv>
                    <Unicode>pag duodecima ait per λόγον coelum &amp;terram &amp; universam conditam.</Unicode>
                </TextEquiv>
            </TextLine>
            <TextLine id="r1l14" custom="readingOrder {index:4;}">
                <Coords points="210,354 230,354 251,340 345,343 371,339 370,310 360,308 347,313 337,309 259,311 246,319 236,311 226,311 209,318"/>
                <Baseline points="215,338 240,335 265,332 290,332 315,333 340,333 365,332"/>
                <TextEquiv>
                    <Unicode>esse creaturam.</Unicode>
                </TextEquiv>
            </TextLine>
            <TextLine id="r1l16" custom="readingOrder {index:5;}">
                <Coords points="241,379 867,374 1001,361 1001,332 240,342"/>
                <Baseline points="246,368 283,367 321,366 358,365 396,365 433,363 471,363 508,362 546,362 583,360 621,360 658,359 696,359 733,359 771,357 808,357 846,357 883,356 921,356 958,356 996,354"/>
                <TextEquiv>
                    <Unicode>Item Apologia prima pro Christianis pag. trigesimaquinta: Filius</Unicode>
                </TextEquiv>
            </TextLine>
            <TextLine id="r1l18" custom="readingOrder {index:6;}">
                <Coords points="205,407 1008,396 1007,364 947,362 205,374"/>
                <Baseline points="210,402 249,400 289,399 328,398 368,396 408,396 447,395 487,395 526,393 566,393 606,393 645,392 685,392 724,392 764,392 804,392 843,392 883,391 922,390 962,390 1002,390"/>
                <TextEquiv>
                    <Unicode>eius, qui solus proprie dicitur Filius, Sermo simul cum illo (Patre) ante</Unicode>
                </TextEquiv>
            </TextLine>
            <TextLine id="r1l20" custom="readingOrder {index:7;}">
                <Coords points="219,443 990,434 997,393 218,412"/>
                <Baseline points="224,434 262,434 300,432 339,431 377,431 416,429 454,429 492,428 531,428 569,428 608,427 646,426 684,426 723,426 761,426 800,425 838,425 876,425 915,423 953,423 992,422"/>
                <TextEquiv>
                    <Unicode>creaturas exsistens &amp; nascens quoniam primitus per eum cuncta condi¬</Unicode>
                </TextEquiv>
            </TextLine>
            <TextLine id="r1l22" custom="readingOrder {index:8;}">
                <Coords points="220,476 424,474 424,444 401,440 366,449 283,445 273,439 262,446 220,444"/>
                <Baseline points="225,468 252,466 280,465 308,464 335,464 363,465 391,465 419,464"/>
                <TextEquiv>
                    <Unicode>dit &amp; ornuvit, &amp;c.</Unicode>
                </TextEquiv>
            </TextLine>
            <TextLine id="r1l24" custom="readingOrder {index:9;}">
                <Coords points="250,513 1034,498 1033,456 936,453 250,475"/>
                <Baseline points="255,501 293,500 332,500 371,498 409,498 448,497 487,497 525,495 564,495 603,495 642,494 680,494 719,493 758,492 796,492 835,491 874,491 912,491 951,489 990,489 1029,489"/>
                <TextEquiv>
                    <Unicode>Idem in Dialogo cum Tryphone Judaeo pag. ducentesima sexage¬</Unicode>
                </TextEquiv>
            </TextLine>
            <TextLine id="r1l26" custom="readingOrder {index:10;}">
                <Coords points="223,544 1005,537 1004,500 959,497 223,500"/>
                <Baseline points="228,534 266,534 305,533 343,531 382,531 420,530 459,530 497,528 536,528 574,527 613,527 652,527 690,525 729,525 767,525 806,525 844,525 883,525 921,525 960,526 999,527"/>
                <TextEquiv>
                    <Unicode>simasexta: Hic est a quo &amp; coelum &amp; terram factam scimus; &amp; pe¬</Unicode>
                </TextEquiv>
            </TextLine>
            <TextLine id="r1l28" custom="readingOrder {index:11;}">
                <Coords points="219,594 259,575 381,577 401,565 657,573 664,536 218,545"/>
                <Baseline points="224,572 249,569 275,567 300,567 326,564 351,563 377,563 403,561 428,561 454,561 479,560 505,560 531,560 556,560 582,560 607,560 633,560 659,558"/>
                <TextEquiv>
                    <Unicode>quem coelum &amp; terram Pater innovabi</Unicode>
                </TextEquiv>
            </TextLine>
            <TextLine id="r1l30" custom="readingOrder {index:12;}">
                <Coords points="256,610 863,594 928,611 1012,591 1012,563 256,576"/>
                <Baseline points="261,600 298,599 335,599 372,599 410,597 447,597 484,596 522,596 559,594 596,594 634,593 671,593 708,593 745,592 783,591 820,591 857,591 895,590 932,590 969,590 1007,590"/>
                <TextEquiv>
                    <Unicode>Idem in epistola ad Diognetum pag. trecentesima octogesima¬</Unicode>
                </TextEquiv>
            </TextLine>
            <TextLine id="r1l32" custom="readingOrder {index:13;}">
                <Coords points="232,652 1011,628 1010,593 232,613"/>
                <Baseline points="237,636 275,634 313,632 352,631 390,629 429,629 467,628 505,627 544,627 582,626 621,626 659,626 697,626 736,626 774,624 813,624 851,624 889,624 928,623 966,623 1005,621"/>
                <TextEquiv>
                    <Unicode>quinta ait: Deum ad homines misisse non Angelum aliquem; απι αυτὸ,</Unicode>
                </TextEquiv>
            </TextLine>
            <TextLine id="r1l34" custom="readingOrder {index:14;}">
                <Coords points="220,678 962,675 1018,665 1018,631 220,652"/>
                <Baseline points="225,669 264,668 303,667 343,666 382,665 422,664 461,663 500,662 540,662 579,662 619,660 658,660 697,660 737,659 776,659 816,658 855,657 894,657 934,657 973,656 1013,656"/>
                <TextEquiv>
                    <Unicode>τὸν τεχειτλον κι δημικρρον τ ολαν, id est, Sed ipsum opificem &amp; creatorem</Unicode>
                </TextEquiv>
            </TextLine>
            <TextLine id="r1l36" custom="readingOrder {index:15;}">
                <Coords points="231,714 866,708 924,698 925,671 230,678"/>
                <Baseline points="236,701 270,699 304,699 338,698 372,697 407,696 441,696 475,695 509,695 543,695 578,693 612,693 646,693 680,692 714,692 749,692 783,692 817,690 851,690 885,690 920,689"/>
                <TextEquiv>
                    <Unicode>pmnium, quo coelos condidit, quo mare suis terminis conclusit, &amp;c.</Unicode>
                </TextEquiv>
            </TextLine>
            <TextLine id="r1l38" custom="readingOrder {index:16;}">
                <Coords points="274,738 1025,735 1025,696 273,718"/>
                <Baseline points="279,737 316,735 353,733 390,732 427,731 464,731 501,729 538,729 575,729 612,728 649,728 686,728 723,728 760,728 797,727 834,726 871,726 908,725 945,724 982,722 1020,720"/>
                <TextEquiv>
                    <Unicode>RENAEUS libro secundo adversus haereses, cap. secundo: Idoneus</Unicode>
                </TextEquiv>
            </TextLine>
            <TextLine id="r1l40" custom="readingOrder {index:17;}">
                <Coords points="229,782 1020,758 1019,733 894,730 228,741"/>
                <Baseline points="234,771 273,768 312,767 351,765 390,764 429,762 468,762 507,762 546,761 585,761 624,761 663,761 702,761 741,759 780,759 819,759 858,759 897,758 936,758 975,756 1014,755"/>
                <TextEquiv>
                    <Unicode>&amp; suffi. iens est ad formationem omnium proprium eius Verbum, quem¬</Unicode>
                </TextEquiv>
            </TextLine>
            <TextLine id="r1l42" custom="readingOrder {index:18;}">
                <Coords points="228,808 981,805 1021,800 1021,771 228,786"/>
                <Baseline points="233,803 272,800 311,800 350,798 389,797 428,797 467,796 507,795 546,795 585,795 624,794 663,794 702,794 741,793 781,792 820,792 859,792 898,791 937,790 976,789 1016,788"/>
                <TextEquiv>
                    <Unicode>admodum &amp; Iehannes Domini discipulus ait de eo, Omnia per ipsum</Unicode>
                </TextEquiv>
            </TextLine>
            <TextLine id="r1l44" custom="readingOrder {index:19;}">
                <Coords points="232,852 993,837 1048,828 1049,797 231,815"/>
                <Baseline points="236,836 276,836 316,834 357,833 397,833 438,831 478,831 518,830 559,828 599,828 640,827 680,827 720,826 761,825 801,825 842,824 882,824 922,824 963,824 1003,824 1044,824"/>
                <TextEquiv>
                    <Unicode>facta sunt, &amp; sine ipso factum est nihil. In omnibus autem est &amp; hic qui</Unicode>
                </TextEquiv>
            </TextLine>
            <TextLine id="r1l46" custom="readingOrder {index:20;}">
                <Coords points="249,881 980,869 1024,858 1024,830 248,840"/>
                <Baseline points="254,869 292,866 330,866 368,864 407,863 445,863 483,862 521,861 560,861 598,861 636,861 674,861 713,861 751,860 789,860 827,860 866,858 904,858 942,857 980,855 1019,854"/>
                <TextEquiv>
                    <Unicode>est secund τ nos mundus. Et hic ergo a Verbo eius factus est, sicut Scri¬</Unicode>
                </TextEquiv>
            </TextLine>
            <TextLine id="r1l48" custom="readingOrder {index:21;}">
                <Coords points="246,907 1031,901 1030,861 246,881"/>
                <Baseline points="251,900 289,900 328,899 367,899 406,899 444,897 483,897 522,897 561,896 599,896 638,896 677,894 716,894 754,894 793,893 832,893 871,891 909,891 948,890 987,890 1026,888"/>
                <TextEquiv>
                    <Unicode>ptura Genescos dicit, omnia quae sunt, secundum nos fecisse Deum per</Unicode>
                </TextEquiv>
            </TextLine>
            <TextLine id="r1l50" custom="readingOrder {index:22;}">
                <Coords points="243,947 272,947 287,939 295,945 300,941 333,950 355,938 384,948 398,939 406,941 406,910 396,907 370,916 351,906 340,915 306,917 290,906 280,916 260,910 242,915"/>
                <Baseline points="248,935 273,933 299,932 324,932 350,932 375,932 401,932"/>
                <TextEquiv>
                    <Unicode>Verbum suum.</Unicode>
                </TextEquiv>
            </TextLine>
            <TextLine id="r1l52" custom="readingOrder {index:23;}">
                <Coords points="273,979 874,978 1028,966 1027,923 272,943"/>
                <Baseline points="278,968 315,967 352,966 389,966 426,965 464,964 501,963 538,963 575,963 612,962 650,962 687,962 724,960 761,960 798,960 836,959 873,959 910,959 947,957 984,957 1022,956"/>
                <TextEquiv>
                    <Unicode>Idem libro quarto adversus haereses, cap. trigesimoseptimo: Adesu</Unicode>
                </TextEquiv>
            </TextLine>
            <TextLine id="r1l54" custom="readingOrder {index:24;}">
                <Coords points="247,1012 1037,1001 1036,966 1004,964 247,981"/>
                <Baseline points="252,1002 291,1001 330,999 369,999 408,998 447,997 486,996 525,996 564,995 603,995 642,995 681,994 720,993 759,993 798,992 837,992 876,991 915,990 954,990 993,989 1032,987"/>
                <TextEquiv>
                    <Unicode>enim ci semper Verbum &amp; Sapientia Filius, &amp; Spiritus, per quos &amp; in</Unicode>
                </TextEquiv>
            </TextLine>
            <TextLine id="r1l56" custom="readingOrder {index:25;}">
                <Coords points="243,1050 1021,1035 1027,1002 243,1015"/>
                <Baseline points="248,1037 286,1035 325,1034 364,1032 402,1031 441,1031 480,1029 518,1029 557,1029 596,1028 635,1028 673,1028 712,1028 751,1028 789,1026 828,1026 867,1026 905,1025 944,1024 983,1023 1022,1022"/>
                <TextEquiv>
                    <Unicode>quibus omnia libere &amp; sponte fecit, ad quos &amp; loquitur, dicens: Facia¬</Unicode>
                </TextEquiv>
            </TextLine>
            <TextLine id="r1l58" custom="readingOrder {index:26;}">
                <Coords points="244,1078 985,1073 1034,1062 1034,1037 243,1054"/>
                <Baseline points="249,1068 288,1067 327,1065 366,1064 405,1064 444,1062 483,1062 522,1061 561,1061 600,1061 639,1061 678,1061 717,1059 756,1059 795,1059 834,1059 873,1058 912,1058 951,1058 990,1056 1029,1056"/>
                <TextEquiv>
                    <Unicode>mus hominem ad imaginem &amp; similitudinem nostram. Et capite quin¬</Unicode>
                </TextEquiv>
            </TextLine>
            <TextLine id="r1l60" custom="readingOrder {index:27;}">
                <Coords points="243,1109 1006,1103 1024,1063 242,1081"/>
                <Baseline points="248,1103 286,1101 325,1100 363,1098 402,1098 440,1097 479,1097 517,1097 556,1095 594,1095 633,1095 672,1095 710,1094 749,1094 787,1094 826,1092 864,1092 903,1091 941,1091 980,1089 1019,1088"/>
                <TextEquiv>
                    <Unicode>quagesimosecundo: Si autem credat quis unum Deum, &amp; qui verb</Unicode>
                </TextEquiv>
            </TextLine>
            <TextLine id="r1l62" custom="readingOrder {index:28;}">
                <Coords points="250,1144 996,1138 1035,1135 1034,1098 249,1121"/>
                <Baseline points="255,1134 293,1133 332,1132 371,1131 409,1131 448,1130 487,1128 525,1128 564,1128 603,1127 642,1127 680,1127 719,1125 758,1125 796,1125 835,1124 874,1124 912,1124 951,1123 990,1122 1029,1122"/>
                <TextEquiv>
                    <Unicode>omnia fecit, quemadmodum ipse Moses ait, Dixit Deus, Fiat lux: &amp; fa¬</Unicode>
                </TextEquiv>
            </TextLine>
            <TextLine id="r1l65" custom="readingOrder {index:29;}">
                <Coords points="255,1216 1045,1197 1044,1168 891,1163 254,1176"/>
                <Baseline points="260,1200 299,1200 338,1199 377,1197 416,1196 455,1196 494,1194 533,1194 572,1194 611,1194 650,1193 689,1193 728,1193 767,1193 806,1193 845,1191 884,1191 923,1191 962,1190 1001,1189 1040,1188"/>
                <TextEquiv>
                    <Unicode>ipso factum est nihil. Et Apostolus Paulus similiter, Vnus Dominus, una</Unicode>
                </TextEquiv>
            </TextLine>
            <TextLine id="line_1611509183349_5045" custom="readingOrder {index:30;}">
                <Coords points="264,1177 1001,1173 1055,1166 1055,1139 264,1141"/>
                <Baseline points="269,1166 350,1164 431,1163 512,1163 593,1161 675,1160 756,1158 837,1158 918,1157 999,1157 1050,1157"/>
                <TextEquiv>
                    <Unicode>cta est lux. Et in Evangelio legimus; Omnia per ipsum facta sunt, &amp; sine</Unicode>
                </TextEquiv>
            </TextLine>
            <TextLine id="r1l67" custom="readingOrder {index:31;}">
                <Coords points="255,1250 987,1243 1037,1233 1037,1202 254,1215"/>
                <Baseline points="260,1233 298,1233 337,1231 375,1230 414,1229 453,1229 491,1228 530,1227 568,1227 607,1227 646,1226 684,1226 723,1226 761,1226 800,1226 839,1226 877,1224 916,1224 954,1224 993,1223 1032,1223"/>
                <TextEquiv>
                    <Unicode>fides, unum baptisma, unus Deus, &amp; Pater qui est super omnes &amp; per o¬</Unicode>
                </TextEquiv>
            </TextLine>
            <TextLine id="r1l69" custom="readingOrder {index:32;}">
                <Coords points="262,1276 890,1265 883,1236 261,1250"/>
                <Baseline points="267,1266 297,1265 328,1265 359,1265 390,1263 421,1263 452,1263 482,1262 513,1262 544,1260 575,1260 606,1259 637,1259 668,1259 698,1259 729,1258 760,1257 791,1258 822,1259 853,1259 884,1259"/>
                <TextEquiv>
                    <Unicode>mnia &amp; in omnibus nobis. Hic primo erit tenens caput, &amp;c.</Unicode>
                </TextEquiv>
            </TextLine>
            <TextLine id="r1l71" custom="readingOrder {index:33;}">
                <Coords points="301,1308 1040,1297 1039,1258 1020,1257 301,1275"/>
                <Baseline points="306,1299 342,1299 378,1298 415,1296 451,1296 488,1295 524,1295 560,1295 597,1294 633,1293 670,1293 706,1293 742,1293 779,1292 815,1292 852,1292 888,1292 924,1291 961,1290 997,1290 1034,1289"/>
                <TextEquiv>
                    <Unicode>ATHENAGORAS Atheniensis Philosophus Christianus in</Unicode>
                </TextEquiv>
            </TextLine>
            <TextLine id="r1l73" custom="readingOrder {index:34;}">
                <Coords points="270,1338 946,1340 1036,1331 1036,1298 689,1317 270,1302"/>
                <Baseline points="275,1334 312,1332 350,1331 388,1329 426,1329 464,1328 501,1328 539,1326 577,1326 615,1326 653,1326 690,1326 728,1325 766,1325 804,1325 842,1325 879,1325 917,1323 955,1323 993,1322 1031,1322"/>
                <TextEquiv>
                    <Unicode>Apologia pro Christianis ad Mar. Antoninum Philosophum &amp;</Unicode>
                </TextEquiv>
            </TextLine>
            <TextLine id="r1l75" custom="readingOrder {index:35;}">
                <Coords points="270,1375 1009,1366 1048,1338 270,1340"/>
                <Baseline points="275,1364 313,1364 351,1363 390,1362 428,1362 467,1362 505,1361 543,1361 582,1361 620,1359 659,1359 697,1359 735,1359 774,1358 812,1358 851,1358 889,1356 927,1356 966,1356 1004,1355 1043,1355"/>
                <TextEquiv>
                    <Unicode>Commodum Imperatores, pag. nonagesim. secunda editionis Hen¬</Unicode>
                </TextEquiv>
            </TextLine>
            <TextLine id="r1l77" custom="readingOrder {index:36;}">
                <Coords points="256,1410 1043,1399 1042,1361 256,1377"/>
                <Baseline points="261,1398 299,1397 338,1396 377,1395 416,1395 455,1394 493,1394 532,1393 571,1392 610,1392 649,1392 687,1392 726,1391 765,1391 804,1391 843,1390 881,1389 920,1389 959,1388 998,1386 1037,1385"/>
                <TextEquiv>
                    <Unicode>tici Stephani Auno 1557. Sed Filius Dei est Sermo Patris, in idea &amp; ef¬</Unicode>
                </TextEquiv>
            </TextLine>
            <TextLine id="r1l79" custom="readingOrder {index:37;}">
                <Coords points="261,1443 957,1442 1055,1432 1055,1402 260,1407"/>
                <Baseline points="266,1428 305,1428 344,1428 383,1428 422,1428 462,1428 501,1428 540,1427 579,1427 618,1427 658,1425 697,1425 736,1425 775,1424 814,1424 854,1424 893,1422 932,1422 971,1422 1010,1422 1050,1422"/>
                <TextEquiv>
                    <Unicode>ficacia: ab ipso enim &amp; per ipsum facta sunt omnia, quum Pater &amp; Filius</Unicode>
                </TextEquiv>
            </TextLine>
            <TextLine id="r1l81" custom="readingOrder {index:38;}">
                <Coords points="261,1475 291,1475 305,1470 343,1479 349,1474 398,1474 399,1449 364,1445 354,1435 339,1444 261,1444"/>
                <Baseline points="267,1464 292,1462 317,1461 342,1461 367,1462 393,1464"/>
                <TextEquiv>
                    <Unicode>unum sint.</Unicode>
                </TextEquiv>
            </TextLine>
            <TextLine id="line_1611509174044_5036" custom="readingOrder {index:39;}">
                <Coords points="291,1507 1009,1509 1072,1489 1072,1460 290,1477"/>
                <Baseline points="296,1496 335,1496 374,1496 413,1494 453,1494 492,1493 531,1493 571,1493 610,1491 649,1491 689,1491 728,1490 767,1490 806,1490 846,1490 885,1490 924,1490 964,1490 1003,1490 1042,1490 1067,1490"/>
                <TextEquiv>
                    <Unicode>CLEMENSALEXANDRINUS libro primo Paedagogi:</Unicode>
                </TextEquiv>
            </TextLine>
            <TextLine id="r1l85" custom="readingOrder {index:40;}">
                <Coords points="261,1548 1045,1529 1028,1495 261,1509"/>
                <Baseline points="266,1530 304,1529 343,1529 382,1527 420,1527 459,1526 498,1526 536,1526 575,1526 614,1526 653,1524 691,1524 730,1524 769,1524 807,1524 846,1523 885,1523 923,1522 962,1521 1001,1521 1040,1520"/>
                <TextEquiv>
                    <Unicode>cap. secundo: δ δε αγαθος παξδαγαγος, α σαφια, α ν αος το Πατζος, ὀ δν</Unicode>
                </TextEquiv>
            </TextLine>
            <TextLine id="r1l87" custom="readingOrder {index:41;}">
                <Coords points="271,1569 935,1568 1039,1563 1042,1533 270,1545"/>
                <Baseline points="276,1563 314,1562 352,1562 390,1560 428,1560 466,1559 504,1559 542,1559 580,1557 618,1557 656,1557 694,1557 732,1557 770,1557 808,1557 846,1556 884,1556 922,1556 960,1554 998,1553 1037,1553"/>
                <TextEquiv>
                    <Unicode>μικργησασ τν αυθρωπον, δλον κηδεταμ το πλασματος, hoc est, Bonus au¬</Unicode>
                </TextEquiv>
            </TextLine>
            <TextLine id="r1l89" custom="readingOrder {index:42;}">
                <Coords points="260,1609 1059,1600 1058,1559 260,1582"/>
                <Baseline points="266,1595 305,1593 344,1592 384,1592 423,1590 462,1590 502,1590 541,1590 580,1590 620,1590 659,1589 698,1589 738,1590 777,1590 816,1590 856,1590 895,1589 934,1589 974,1589 1013,1589 1053,1587"/>
                <TextEquiv>
                    <Unicode>tem paedagogus, qui est Sapientia, qui Verbum Patris, qui fabricatus est</Unicode>
                </TextEquiv>
            </TextLine>
            <TextLine id="r1l91" custom="readingOrder {index:43;}">
                <Coords points="274,1642 463,1644 527,1629 615,1642 686,1634 686,1604 273,1611"/>
                <Baseline points="279,1628 304,1628 329,1628 354,1627 379,1626 404,1626 429,1625 454,1625 480,1624 505,1623 530,1623 555,1623 580,1623 605,1623 630,1623 655,1624 681,1625"/>
                <TextEquiv>
                    <Unicode>coelum, universi figmenti curam gerit.</Unicode>
                </TextEquiv>
            </TextLine>
            <TextLine id="r1l93" custom="readingOrder {index:44;}">
                <Coords points="304,1669 1053,1661 1052,1621 304,1637"/>
                <Baseline points="309,1661 345,1661 382,1659 419,1659 456,1658 493,1658 530,1658 567,1657 604,1656 641,1656 678,1656 714,1656 751,1655 788,1655 825,1655 862,1655 899,1655 936,1653 973,1653 1010,1653 1047,1653"/>
                <TextEquiv>
                    <Unicode>TERTULLIANUS Apologetico adversus Gentes capite vi¬</Unicode>
                </TextEquiv>
            </TextLine>
            <TextLine id="r1l95" custom="readingOrder {index:45;}">
                <Coords points="270,1703 1058,1695 1048,1661 269,1676"/>
                <Baseline points="275,1695 313,1694 352,1692 391,1692 430,1691 469,1689 508,1689 546,1689 585,1688 624,1688 663,1688 702,1688 741,1688 780,1688 818,1687 857,1686 896,1686 935,1686 974,1686 1013,1685 1052,1685"/>
                <TextEquiv>
                    <Unicode>cesimoprimo: Iam ediximus Deum universitatem hanc mundi Verbo</Unicode>
                </TextEquiv>
            </TextLine>
            <TextLine id="r1l96" custom="readingOrder {index:46;}">
                <Coords points="285,1736 1005,1748 1063,1727 1063,1696 285,1702"/>
                <Baseline points="290,1727 328,1727 366,1725 405,1724 443,1722 482,1722 520,1722 558,1722 597,1721 635,1721 674,1721 712,1721 750,1722 789,1722 827,1722 866,1722 904,1722 942,1722 981,1722 1019,1722 1058,1721"/>
                <TextEquiv>
                    <Unicode> Ratione &amp; virtute molitum. Pet verbum &amp; rationem, intelligit Fi¬</Unicode>
                </TextEquiv>
            </TextLine>
            <TextLine id="r1l99" custom="readingOrder {index:47;}">
                <Coords points="279,1771 778,1766 778,1740 738,1729 279,1737"/>
                <Baseline points="284,1760 309,1760 335,1760 361,1759 386,1758 412,1758 438,1757 464,1757 489,1756 515,1755 541,1755 567,1755 592,1754 618,1754 644,1754 670,1754 695,1754 721,1755 747,1755 773,1755"/>
                <TextEquiv>
                    <Unicode>lium Dei, ut consequentia declarant ibidem</Unicode>
                </TextEquiv>
            </TextLine>
            <TextLine id="r1l100" custom="readingOrder {index:48;}">
                <Coords points="300,1807 1041,1801 1054,1759 299,1774"/>
                <Baseline points="305,1793 342,1791 379,1791 416,1790 453,1790 491,1790 528,1788 565,1788 602,1788 639,1788 677,1788 714,1788 751,1788 788,1788 825,1788 863,1787 900,1787 937,1787 974,1786 1011,1785 1049,1784"/>
                <TextEquiv>
                    <Unicode>Idem libro adversus Hermogenem, capite vicesimo: In principi¬</Unicode>
                </TextEquiv>
            </TextLine>
            <TextLine id="r1l103" custom="readingOrder {index:49;}">
                <Coords points="274,1838 1012,1830 1054,1826 1054,1797 274,1805"/>
                <Baseline points="279,1826 317,1824 356,1823 394,1823 433,1821 471,1821 510,1821 548,1820 587,1820 625,1820 664,1820 702,1820 741,1820 779,1821 818,1821 856,1820 895,1820 933,1820 972,1820 1010,1818 1049,1817"/>
                <TextEquiv>
                    <Unicode>erat Sermo. In quo principio scilitet Deus fecit coelum &amp; terram. Et Ser¬</Unicode>
                </TextEquiv>
            </TextLine>
            <TextLine id="r1l105" custom="readingOrder {index:50;}">
                <Coords points="269,1870 1071,1871 1071,1838 958,1825 269,1838"/>
                <Baseline points="275,1857 314,1857 354,1856 393,1854 433,1854 472,1854 512,1854 551,1853 591,1853 630,1853 670,1853 709,1853 749,1853 788,1853 828,1853 867,1854 907,1854 946,1854 986,1854 1025,1854 1065,1854"/>
                <TextEquiv>
                    <Unicode>mo erat apud Deum, &amp; Deus erat Sermo. Omnia per ipsum facta sunt,</Unicode>
                </TextEquiv>
            </TextLine>
            <TextLine id="r1l107" custom="readingOrder {index:51;}">
                <Coords points="277,1901 301,1908 317,1898 365,1905 383,1895 414,1902 424,1893 477,1894 489,1903 511,1894 563,1898 569,1865 509,1864 485,1875 429,1861 341,1874 327,1863 277,1869"/>
                <Baseline points="282,1893 307,1891 333,1889 358,1889 384,1887 410,1887 435,1887 461,1886 487,1886 512,1886 538,1886 564,1887"/>
                <TextEquiv>
                    <Unicode>&amp; sine ipso factum est nihili</Unicode>
                </TextEquiv>
            </TextLine>
            <TextLine id="r1l109" custom="readingOrder {index:52;}">
                <Coords points="299,1929 1012,1932 1054,1924 1054,1892 299,1907"/>
                <Baseline points="305,1923 342,1923 379,1923 416,1922 453,1922 491,1922 528,1922 565,1920 602,1920 639,1920 677,1920 714,1919 751,1919 788,1919 825,1919 863,1919 900,1917 937,1917 974,1917 1011,1916 1049,1916"/>
                <TextEquiv>
                    <Unicode>Item libro de Resurrectione carnis, capite sexto: Sic enim praefati¬</Unicode>
                </TextEquiv>
            </TextLine>
            <TextLine id="r1l111" custom="readingOrder {index:53;}">
                <Coords points="276,1972 1070,1960 1070,1927 276,1926"/>
                <Baseline points="281,1955 320,1955 359,1954 398,1953 437,1953 477,1953 516,1953 555,1953 594,1953 633,1953 673,1952 712,1952 751,1952 790,1952 829,1952 869,1952 908,1952 947,1952 986,1952 1025,1951 1065,1950"/>
                <TextEquiv>
                    <Unicode>Patris ad Filium: Faciamus hominem ad imaginem &amp; similitudinem</Unicode>
                </TextEquiv>
            </TextLine>
            <TextLine id="r1l113" custom="readingOrder {index:54;}">
                <Coords points="273,2003 286,2001 296,2005 312,1996 327,1993 338,2002 343,1997 351,1996 357,2001 367,1998 366,1970 353,1963 337,1974 331,1974 319,1964 312,1964 307,1969 299,1966 289,1973 279,1965 272,1965"/>
                <Baseline points="278,1989 306,1987 334,1985 362,1989"/>
                <TextEquiv>
                    <Unicode>nostram.</Unicode>
                </TextEquiv>
            </TextLine>
            <TextLine id="r1l115" custom="readingOrder {index:55;}">
                <Coords points="300,2033 1063,2034 1063,1988 300,2000"/>
                <Baseline points="305,2021 342,2021 380,2021 417,2021 455,2019 493,2019 530,2019 568,2019 606,2019 643,2019 681,2019 719,2019 756,2019 794,2019 832,2019 869,2019 907,2019 945,2019 982,2019 1020,2019 1058,2019"/>
                <TextEquiv>
                    <Unicode>Item lib. quinto adversus Marcionem, capit. decimonono, probat</Unicode>
                </TextEquiv>
            </TextLine>
            <TextLine id="r1l117" custom="readingOrder {index:56;}">
                <Coords points="270,2073 866,2068 987,2060 988,2033 270,2037"/>
                <Baseline points="275,2055 310,2055 345,2055 381,2055 416,2055 452,2055 487,2055 522,2054 558,2054 593,2054 629,2054 664,2053 699,2052 735,2052 770,2052 806,2052 841,2052 876,2051 912,2051 947,2051 983,2051"/>
                <TextEquiv>
                    <Unicode>multis. Filium Dei Sermonem illum esse creatorem omnium.</Unicode>
                </TextEquiv>
            </TextLine>
            <TextLine id="r1l119" custom="readingOrder {index:57;}">
                <Coords points="306,2093 972,2102 1058,2091 1058,2062 306,2069"/>
                <Baseline points="312,2087 349,2088 386,2088 423,2088 460,2088 497,2088 534,2088 571,2087 608,2087 645,2087 682,2087 719,2085 756,2085 793,2085 830,2084 867,2084 904,2084 941,2084 978,2085 1015,2085 1053,2085"/>
                <TextEquiv>
                    <Unicode>CTPRIANUS libro secundo Testimoniorum adversus Judaeos</Unicode>
                </TextEquiv>
            </TextLine>
            <TextLine id="r1l121" custom="readingOrder {index:58;}">
                <Coords points="280,2131 994,2136 1061,2123 1061,2100 279,2093"/>
                <Baseline points="285,2121 323,2121 362,2121 400,2120 439,2120 477,2120 516,2120 554,2119 593,2118 631,2118 670,2118 709,2118 747,2118 786,2118 824,2118 863,2117 901,2117 940,2117 978,2117 1017,2118 1056,2118"/>
                <TextEquiv>
                    <Unicode>fectione prima, probat Christum primogenitum esse, &amp; ipsum esse Sa¬</Unicode>
                </TextEquiv>
            </TextLine>
            <TextLine id="r1l124" custom="readingOrder {index:59;}">
                <Coords points="276,2169 1057,2168 1057,2129 276,2135"/>
                <Baseline points="281,2156 319,2154 358,2153 396,2153 435,2151 473,2151 512,2151 550,2151 589,2151 627,2153 666,2153 705,2153 743,2154 782,2154 820,2154 859,2154 897,2154 936,2154 974,2153 1013,2151 1052,2150"/>
                <TextEquiv>
                    <Unicode>pientiam Dei per quam omnia facta sunt. Loquitur autem de creatio¬ </Unicode>
                </TextEquiv>
            </TextLine>
            <TextLine id="r1l126" custom="readingOrder {index:60;}">
                <Coords points="276,2202 638,2200 638,2172 603,2159 561,2168 546,2160 527,2172 492,2159 470,2172 365,2173 339,2162 276,2170"/>
                <Baseline points="281,2189 306,2187 331,2187 356,2187 381,2186 406,2186 431,2186 456,2186 481,2186 506,2187 531,2187 556,2187 581,2187 606,2186 632,2186"/>
                <TextEquiv>
                    <Unicode>ne prima, ut tota ostendit sectio¬</Unicode>
                </TextEquiv>
            </TextLine>
            <TextLine id="r1l128" custom="readingOrder {index:61;}">
                <Coords points="306,2231 1055,2234 1063,2193 306,2202"/>
                <Baseline points="311,2222 348,2220 385,2220 423,2220 460,2220 497,2219 535,2219 572,2219 609,2219 647,2219 684,2219 721,2219 759,2219 796,2220 833,2220 871,2220 908,2220 945,2220 983,2220 1020,2219 1058,2219"/>
                <TextEquiv>
                    <Unicode>Hoc argumentum oppugnant Samosateniani per inficationem</Unicode>
                </TextEquiv>
            </TextLine>
            <TextLine id="r1l130" custom="readingOrder {index:62;}">
                <Coords points="270,2265 1060,2269 1042,2227 270,2238"/>
                <Baseline points="275,2255 314,2254 353,2253 392,2253 431,2253 470,2252 509,2252 548,2252 587,2252 626,2252 665,2252 704,2252 743,2252 782,2253 821,2253 860,2253 899,2253 938,2253 977,2253 1016,2252 1055,2252"/>
                <TextEquiv>
                    <Unicode>assumtionis: negant enim, Filium Dei esse creatorem machinae istius</Unicode>
                </TextEquiv>
            </TextLine>
            <TextLine id="r1l132" custom="readingOrder {index:63;}">
                <Coords points="276,2299 1035,2299 1067,2294 1067,2268 276,2269"/>
                <Baseline points="281,2288 320,2286 359,2286 398,2286 437,2286 476,2285 515,2285 554,2285 593,2285 632,2285 671,2285 710,2285 749,2285 788,2286 827,2286 866,2286 905,2286 944,2286 983,2286 1022,2286 1062,2286"/>
                <TextEquiv>
                    <Unicode>toeli &amp; terrae &amp; rerum caeterarum quae factae sunt. Ad testimoniorum</Unicode>
                </TextEquiv>
            </TextLine>
            <TextLine id="r1l134" custom="readingOrder {index:64;}">
                <Coords points="271,2332 1024,2335 1061,2324 1061,2295 271,2300"/>
                <Baseline points="276,2322 315,2321 354,2319 393,2319 432,2318 471,2318 510,2318 549,2318 588,2319 627,2319 666,2319 705,2321 744,2321 783,2321 822,2321 861,2322 900,2321 939,2321 978,2321 1017,2319 1056,2318"/>
                <TextEquiv>
                    <Unicode>vero, quibus assumtionem probamus, allegationem dupliciter exci¬</Unicode>
                </TextEquiv>
            </TextLine>
            <TextLine id="r1l136" custom="readingOrder {index:65;}">
                <Coords points="276,2364 1050,2366 1058,2327 276,2330"/>
                <Baseline points="281,2352 319,2352 358,2352 396,2352 435,2351 473,2351 512,2351 550,2352 589,2352 627,2352 666,2352 705,2352 743,2352 782,2354 820,2354 859,2354 897,2354 936,2354 974,2354 1013,2354 1052,2354"/>
                <TextEquiv>
                    <Unicode>piunt. Nam primo ad testimonium ex Hebr. 1. versicul. 8, 9. 10. di¬</Unicode>
                </TextEquiv>
            </TextLine>
            <TextLine id="r1l138" custom="readingOrder {index:66;}">
                <Coords points="269,2397 912,2404 1057,2397 1057,2370 269,2371"/>
                <Baseline points="275,2387 313,2386 352,2385 391,2385 430,2385 469,2385 508,2384 546,2384 585,2384 624,2384 663,2384 702,2384 741,2384 780,2385 818,2385 857,2385 896,2385 935,2385 974,2385 1013,2384 1052,2384"/>
                <TextEquiv>
                    <Unicode>tunt, verba illa, Tu in initio Domine terram fundasti &amp; opera manuum</Unicode>
                </TextEquiv>
            </TextLine>
            <TextLine id="r1l140" custom="readingOrder {index:67;}">
                <Coords points="268,2431 1070,2432 1046,2392 268,2404"/>
                <Baseline points="273,2418 312,2418 352,2417 391,2417 431,2417 471,2417 510,2417 550,2418 589,2418 629,2418 669,2418 708,2420 748,2420 787,2420 827,2420 867,2420 906,2420 946,2420 985,2420 1025,2420 1065,2420"/>
                <TextEquiv>
                    <Unicode>tuarum sunt roeli; de solo Patre debere intelligi: quia voluerit Paulus</Unicode>
                </TextEquiv>
            </TextLine>
            <TextLine id="r1l141" custom="readingOrder {index:68;}">
                <Coords points="277,2466 978,2470 1050,2465 1065,2433 277,2434"/>
                <Baseline points="282,2453 320,2453 359,2451 398,2451 437,2451 476,2451 515,2453 553,2453 592,2453 631,2453 670,2453 709,2453 748,2453 787,2454 825,2454 864,2454 903,2454 942,2454 981,2454 1020,2453 1059,2453"/>
                <TextEquiv>
                    <Unicode>ostendere, Christum esse Filium veri Dei, &amp; ideo Apostrophen fe¬</Unicode>
                </TextEquiv>
            </TextLine>
            <TextLine id="line_1611509147437_5018" custom="readingOrder {index:69;}">
                <Coords points="283,2498 1089,2496 1059,2458 283,2461"/>
                <Baseline points="288,2486 369,2486 450,2486 531,2486 612,2486 693,2486 774,2486 856,2486 937,2487 1018,2487 1084,2487"/>
                <TextEquiv>
                    <Unicode>cisse ad Patrem dicendo: Et tu Domine in initio terram fundasti, &amp;</Unicode>
                </TextEquiv>
            </TextLine>
            <TextLine id="r1l144" custom="readingOrder {index:70;}">
                <Coords points="286,2531 1005,2538 1064,2529 1065,2502 286,2501"/>
                <Baseline points="291,2519 329,2517 367,2517 406,2516 444,2516 483,2516 521,2516 559,2517 598,2517 636,2517 675,2519 713,2519 751,2520 790,2520 828,2522 867,2522 905,2523 943,2523 982,2522 1020,2522 1059,2522"/>
                <TextEquiv>
                    <Unicode>tera manuum tuarum sunt coeli. Sic excipiunt ministri Transsylvan</Unicode>
                </TextEquiv>
            </TextLine>
            <TextLine id="r1l146" custom="readingOrder {index:71;}">
                <Coords points="285,2559 1070,2569 1054,2529 285,2532"/>
                <Baseline points="290,2552 328,2552 367,2552 406,2552 445,2552 483,2552 522,2553 561,2553 600,2553 638,2553 677,2555 716,2555 755,2555 793,2555 832,2555 871,2556 910,2556 948,2556 987,2556 1026,2556 1065,2555"/>
                <TextEquiv>
                    <Unicode>libro 2. capit. ultim. &amp; Franciscus David disputatione Albana tertiae</Unicode>
                </TextEquiv>
            </TextLine>
            <TextLine id="r1l148" custom="readingOrder {index:72;}">
                <Coords points="274,2592 282,2591 292,2594 302,2592 304,2594 316,2593 318,2595 323,2595 323,2559 312,2560 308,2558 304,2562 300,2560 295,2562 291,2561 286,2562 279,2568 274,2568"/>
                <Baseline points="279,2586 318,2586"/>
                <TextEquiv>
                    <Unicode>die:</Unicode>
                </TextEquiv>
            </TextLine>
            <TextLine id="r1l150" custom="readingOrder {index:73;}">
                <Coords points="307,2630 1066,2633 1066,2589 307,2597"/>
                <Baseline points="312,2618 349,2618 386,2618 424,2618 461,2618 499,2618 536,2618 574,2618 611,2619 649,2619 686,2619 723,2619 761,2619 798,2621 836,2621 873,2621 911,2621 948,2621 986,2622 1023,2622 1061,2622"/>
                <TextEquiv>
                    <Unicode>RESP. Verba illa ad Hebraeos primo capite, non referuntur ad</Unicode>
                </TextEquiv>
            </TextLine>
            <TextLine id="r1l152" custom="readingOrder {index:74;}">
                <Coords points="280,2661 1064,2666 1064,2632 1037,2628 280,2621"/>
                <Baseline points="285,2651 323,2651 362,2651 401,2651 439,2652 478,2652 517,2652 555,2652 594,2654 633,2654 672,2654 710,2654 749,2654 788,2655 826,2655 865,2655 904,2655 942,2655 981,2655 1020,2654 1059,2654"/>
                <TextEquiv>
                    <Unicode>Patrem per Apostrophen, id quod contextus dupliciter manifest.</Unicode>
                </TextEquiv>
            </TextLine>
            <TextLine id="r1l154" custom="readingOrder {index:75;}">
                <Coords points="275,2694 1060,2696 1060,2668 990,2662 276,2665"/>
                <Baseline points="281,2685 319,2685 358,2685 397,2684 435,2684 474,2684 513,2684 551,2685 590,2685 629,2685 668,2685 706,2687 745,2687 784,2687 822,2687 861,2688 900,2688 938,2688 977,2688 1016,2687 1055,2687"/>
                <TextEquiv>
                    <Unicode>ostendit. Nam primo sicut versicul7. citatur dictum ad Angelos per</Unicode>
                </TextEquiv>
            </TextLine>
            <TextLine id="r1l156" custom="readingOrder {index:76;}">
                <Coords points="280,2726 1020,2735 1061,2730 1062,2699 280,2699"/>
                <Baseline points="285,2718 323,2718 362,2718 400,2717 439,2717 477,2717 516,2717 554,2717 593,2718 631,2718 670,2718 709,2718 747,2720 786,2720 824,2720 863,2721 901,2721 940,2721 978,2721 1017,2721 1056,2721"/>
                <TextEquiv>
                    <Unicode>tinens: ita in sequetibus afferuntur varia loca ad Filium Dei dicta</Unicode>
                </TextEquiv>
            </TextLine>
            <TextLine id="r1l158" custom="readingOrder {index:77;}">
                <Coords points="277,2761 864,2771 1064,2762 1065,2739 277,2728"/>
                <Baseline points="282,2751 320,2751 359,2750 398,2750 437,2750 476,2751 515,2751 553,2751 592,2752 631,2753 670,2753 709,2754 748,2754 787,2756 825,2756 864,2756 903,2756 942,2756 981,2756 1020,2756 1059,2754"/>
                <TextEquiv>
                    <Unicode>&amp; inter alia iste locus, ut patet ex conjunctione copulativa ET. Sec</Unicode>
                </TextEquiv>
            </TextLine>
            <TextLine id="r1l160" custom="readingOrder {index:78;}">
                <Coords points="282,2793 1069,2796 1052,2762 282,2765"/>
                <Baseline points="287,2784 325,2784 364,2783 403,2783 442,2783 481,2783 520,2783 558,2784 597,2784 636,2784 675,2786 714,2786 753,2786 792,2787 830,2787 869,2787 908,2787 947,2787 986,2787 1025,2787 1064,2787"/>
                <TextEquiv>
                    <Unicode>audiatur integer contextus: Et de Angelis quidem dicit: Qui Angelos</Unicode>
                </TextEquiv>
            </TextLine>
            <TextLine id="r1l162" custom="readingOrder {index:79;}">
                <Coords points="284,2831 1072,2831 1059,2796 285,2796"/>
                <Baseline points="290,2817 328,2817 367,2816 406,2816 445,2816 484,2816 523,2816 561,2816 600,2817 639,2817 678,2817 717,2819 756,2819 795,2819 833,2819 872,2820 911,2820 950,2820 989,2820 1028,2820 1067,2820"/>
                <TextEquiv>
                    <Unicode>suos facit spiritus, &amp; ministros suos ignis flammam. Ad Filium autem,</Unicode>
                </TextEquiv>
            </TextLine>
            <TextLine id="r1l164" custom="readingOrder {index:80;}">
                <Coords points="279,2857 947,2868 1060,2862 1069,2828 279,2835"/>
                <Baseline points="284,2850 323,2850 362,2849 401,2849 440,2849 479,2849 518,2849 557,2849 596,2850 635,2850 674,2850 713,2850 752,2851 791,2852 830,2852 869,2852 908,2852 947,2853 986,2853 1025,2853 1064,2853"/>
                <TextEquiv>
                    <Unicode>Throunus tuus, Deus, in saculum seculi: virga recta, virga regni tui. Di¬</Unicode>
                </TextEquiv>
            </TextLine>
            <TextLine id="r1l166" custom="readingOrder {index:81;}">
                <Coords points="287,2891 1069,2895 1069,2865 1041,2860 288,2858"/>
                <Baseline points="293,2883 331,2883 370,2882 408,2882 447,2882 485,2882 524,2882 562,2883 601,2883 639,2883 678,2884 717,2885 755,2885 794,2885 832,2886 871,2886 909,2886 948,2888 986,2888 1025,2888 1064,2888"/>
                <TextEquiv>
                    <Unicode>lexisti iustitiam, &amp; odisti iniquitatem: propterea unxit te S Deus, Deus</Unicode>
                </TextEquiv>
            </TextLine>
            <TextLine id="r1l168" custom="readingOrder {index:82;}">
                <Coords points="292,2925 1067,2930 1067,2898 1039,2895 292,2898"/>
                <Baseline points="297,2915 335,2915 373,2916 411,2916 450,2916 488,2916 526,2916 564,2917 603,2918 641,2918 679,2918 717,2918 756,2919 794,2919 832,2919 870,2919 909,2919 947,2919 985,2919 1023,2919 1062,2919"/>
                <TextEquiv>
                    <Unicode>tuus oleo exsultationis, ultra consortes tuos. Et, Tu in initio Domine.</Unicode>
                </TextEquiv>
            </TextLine>
            <TextLine id="r1l170" custom="readingOrder {index:83;}">
                <Coords points="289,2953 1075,2963 1075,2932 1015,2925 289,2931"/>
                <Baseline points="294,2948 332,2948 371,2948 410,2948 449,2948 488,2948 526,2948 565,2948 604,2949 643,2949 682,2950 720,2951 759,2951 798,2952 837,2952 876,2952 914,2954 953,2954 992,2954 1031,2955 1070,2955"/>
                <TextEquiv>
                    <Unicode>terram fundasti, &amp; opera manuum tuarum sunt coeli; &amp;c. Quis non</Unicode>
                </TextEquiv>
            </TextLine>
            <TextLine id="r1l172" custom="readingOrder {index:84;}">
                <Coords points="294,2993 686,2978 721,3003 1068,2997 1076,2964 294,2954"/>
                <Baseline points="299,2979 337,2979 376,2979 414,2981 453,2981 491,2982 530,2982 568,2983 607,2984 645,2984 684,2984 723,2985 761,2985 800,2985 838,2987 877,2987 915,2987 954,2987 992,2987 1031,2988 1070,2988"/>
                <TextEquiv>
                    <Unicode>videt alienissimum esse hoc loco Apostrophen ad Deum Patrem</Unicode>
                </TextEquiv>
            </TextLine>
            <TextLine id="r1l174" custom="readingOrder {index:85;}">
                <Coords points="285,3027 939,3037 1070,3029 1071,2997 286,2996"/>
                <Baseline points="291,3011 329,3011 368,3012 407,3012 445,3014 484,3014 523,3015 561,3015 600,3017 639,3017 678,3018 716,3018 755,3019 794,3020 832,3020 871,3020 910,3021 948,3021 987,3021 1026,3021 1065,3020"/>
                <TextEquiv>
                    <Unicode>constituere? Deinde versus 8. ostendit, non esse apostrophen ad Pa¬</Unicode>
                </TextEquiv>
            </TextLine>
            <TextLine id="r1l176" custom="readingOrder {index:86;}">
                <Coords points="300,3059 1079,3061 1079,3029 301,3026"/>
                <Baseline points="305,3045 343,3044 381,3044 420,3045 458,3045 497,3045 535,3047 574,3048 612,3048 651,3050 689,3050 727,3051 766,3051 804,3053 843,3053 881,3054 920,3054 958,3054 997,3054 1035,3053 1074,3053"/>
                <TextEquiv>
                    <Unicode>trem, sed ad Filium verba ista dici: Ad quem enim dicitur, Thronus</Unicode>
                </TextEquiv>
            </TextLine>
            <TextLine id="r1l179" custom="readingOrder {index:87;}">
                <Coords points="294,3090 1073,3097 1073,3067 1037,3060 295,3057"/>
                <Baseline points="299,3078 337,3077 375,3077 414,3077 452,3077 491,3078 529,3078 568,3080 606,3080 645,3081 683,3083 721,3084 760,3084 798,3086 837,3086 875,3087 914,3087 952,3087 991,3087 1029,3086 1068,3086"/>
                <TextEquiv>
                    <Unicode>tuus, Deus, in seculum seculi: ad eundem dicitur; Tu in initio Domine.</Unicode>
                </TextEquiv>
            </TextLine>
            <TextLine id="r1l181" custom="readingOrder {index:88;}">
                <Coords points="288,3121 1026,3136 1064,3128 1065,3103 288,3092"/>
                <Baseline points="293,3108 331,3108 369,3108 407,3109 446,3110 484,3110 522,3111 561,3113 599,3113 637,3114 676,3115 714,3116 752,3117 790,3117 829,3119 867,3119 905,3120 944,3120 982,3120 1020,3120 1059,3120"/>
                <TextEquiv>
                    <Unicode>terram fundasti. Tertio introducit Apostolus ipsum Patrem loquet </Unicode>
                </TextEquiv>
            </TextLine>
            <TextLine id="r1l183" custom="readingOrder {index:89;}">
                <Coords points="291,3153 1075,3162 1075,3135 1041,3129 292,3124"/>
                <Baseline points="296,3143 334,3143 373,3142 412,3143 450,3143 489,3143 528,3144 566,3144 605,3146 644,3146 683,3147 721,3148 760,3149 799,3150 837,3150 876,3152 915,3152 953,3153 992,3153 1031,3153 1070,3153"/>
                <TextEquiv>
                    <Unicode>tem, &amp; haec ipsa verba dicentem ad Filium, ut perlegenti ca¬</Unicode>
                </TextEquiv>
            </TextLine>
            <TextLine id="r1l185" custom="readingOrder {index:90;}">
                <Coords points="303,3182 915,3213 1082,3202 1083,3173 990,3153 935,3171 303,3156"/>
                <Baseline points="308,3177 346,3176 384,3176 423,3176 461,3176 500,3176 538,3177 577,3177 615,3179 654,3180 692,3182 730,3183 769,3184 807,3185 846,3186 884,3188 923,3188 961,3189 1000,3189 1038,3189 1077,3188"/>
                <TextEquiv>
                    <Unicode>but est manifestum: non est igitur hic Apostrophe Apostoli ad Pa¬</Unicode>
                </TextEquiv>
            </TextLine>
            <TextLine id="r1l187" custom="readingOrder {index:91;}">
                <Coords points="299,3215 304,3215 306,3218 315,3214 321,3217 326,3215 329,3218 336,3215 341,3217 348,3214 349,3216 356,3216 357,3190 340,3189 335,3192 324,3185 314,3191 309,3188 306,3190 300,3189"/>
                <Baseline points="305,3207 351,3209"/>
                <TextEquiv>
                    <Unicode>trem.</Unicode>
                </TextEquiv>
            </TextLine>
            <TextEquiv>
                <Unicode>subi iuxta Patris uoluntatem omnia condidisset, is in utero gestatus est, ex
Maria iuxta dispensationem natus est, &amp;c.
JUSTINUS Martyr in prima oratione Paraenetica ad Graecos,
pag duodecima ait per λόγον coelum &amp;terram &amp; universam conditam.
esse creaturam.
Item Apologia prima pro Christianis pag. trigesimaquinta: Filius
eius, qui solus proprie dicitur Filius, Sermo simul cum illo (Patre) ante
creaturas exsistens &amp; nascens quoniam primitus per eum cuncta condi¬
dit &amp; ornuvit, &amp;c.
Idem in Dialogo cum Tryphone Judaeo pag. ducentesima sexage¬
simasexta: Hic est a quo &amp; coelum &amp; terram factam scimus; &amp; pe¬
quem coelum &amp; terram Pater innovabi
Idem in epistola ad Diognetum pag. trecentesima octogesima¬
quinta ait: Deum ad homines misisse non Angelum aliquem; απι αυτὸ,
τὸν τεχειτλον κι δημικρρον τ ολαν, id est, Sed ipsum opificem &amp; creatorem
pmnium, quo coelos condidit, quo mare suis terminis conclusit, &amp;c.
RENAEUS libro secundo adversus haereses, cap. secundo: Idoneus
&amp; suffi. iens est ad formationem omnium proprium eius Verbum, quem¬
admodum &amp; Iehannes Domini discipulus ait de eo, Omnia per ipsum
facta sunt, &amp; sine ipso factum est nihil. In omnibus autem est &amp; hic qui
est secund τ nos mundus. Et hic ergo a Verbo eius factus est, sicut Scri¬
ptura Genescos dicit, omnia quae sunt, secundum nos fecisse Deum per
Verbum suum.
Idem libro quarto adversus haereses, cap. trigesimoseptimo: Adesu
enim ci semper Verbum &amp; Sapientia Filius, &amp; Spiritus, per quos &amp; in
quibus omnia libere &amp; sponte fecit, ad quos &amp; loquitur, dicens: Facia¬
mus hominem ad imaginem &amp; similitudinem nostram. Et capite quin¬
quagesimosecundo: Si autem credat quis unum Deum, &amp; qui verb
omnia fecit, quemadmodum ipse Moses ait, Dixit Deus, Fiat lux: &amp; fa¬
ipso factum est nihil. Et Apostolus Paulus similiter, Vnus Dominus, una
cta est lux. Et in Evangelio legimus; Omnia per ipsum facta sunt, &amp; sine
fides, unum baptisma, unus Deus, &amp; Pater qui est super omnes &amp; per o¬
mnia &amp; in omnibus nobis. Hic primo erit tenens caput, &amp;c.
ATHENAGORAS Atheniensis Philosophus Christianus in
Apologia pro Christianis ad Mar. Antoninum Philosophum &amp;
Commodum Imperatores, pag. nonagesim. secunda editionis Hen¬
tici Stephani Auno 1557. Sed Filius Dei est Sermo Patris, in idea &amp; ef¬
ficacia: ab ipso enim &amp; per ipsum facta sunt omnia, quum Pater &amp; Filius
unum sint.
CLEMENSALEXANDRINUS libro primo Paedagogi:
cap. secundo: δ δε αγαθος παξδαγαγος, α σαφια, α ν αος το Πατζος, ὀ δν
μικργησασ τν αυθρωπον, δλον κηδεταμ το πλασματος, hoc est, Bonus au¬
tem paedagogus, qui est Sapientia, qui Verbum Patris, qui fabricatus est
coelum, universi figmenti curam gerit.
TERTULLIANUS Apologetico adversus Gentes capite vi¬
cesimoprimo: Iam ediximus Deum universitatem hanc mundi Verbo
 Ratione &amp; virtute molitum. Pet verbum &amp; rationem, intelligit Fi¬
lium Dei, ut consequentia declarant ibidem
Idem libro adversus Hermogenem, capite vicesimo: In principi¬
erat Sermo. In quo principio scilitet Deus fecit coelum &amp; terram. Et Ser¬
mo erat apud Deum, &amp; Deus erat Sermo. Omnia per ipsum facta sunt,
&amp; sine ipso factum est nihili
Item libro de Resurrectione carnis, capite sexto: Sic enim praefati¬
Patris ad Filium: Faciamus hominem ad imaginem &amp; similitudinem
nostram.
Item lib. quinto adversus Marcionem, capit. decimonono, probat
multis. Filium Dei Sermonem illum esse creatorem omnium.
CTPRIANUS libro secundo Testimoniorum adversus Judaeos
fectione prima, probat Christum primogenitum esse, &amp; ipsum esse Sa¬
pientiam Dei per quam omnia facta sunt. Loquitur autem de creatio¬ 
ne prima, ut tota ostendit sectio¬
Hoc argumentum oppugnant Samosateniani per inficationem
assumtionis: negant enim, Filium Dei esse creatorem machinae istius
toeli &amp; terrae &amp; rerum caeterarum quae factae sunt. Ad testimoniorum
vero, quibus assumtionem probamus, allegationem dupliciter exci¬
piunt. Nam primo ad testimonium ex Hebr. 1. versicul. 8, 9. 10. di¬
tunt, verba illa, Tu in initio Domine terram fundasti &amp; opera manuum
tuarum sunt roeli; de solo Patre debere intelligi: quia voluerit Paulus
ostendere, Christum esse Filium veri Dei, &amp; ideo Apostrophen fe¬
cisse ad Patrem dicendo: Et tu Domine in initio terram fundasti, &amp;
tera manuum tuarum sunt coeli. Sic excipiunt ministri Transsylvan
libro 2. capit. ultim. &amp; Franciscus David disputatione Albana tertiae
die:
RESP. Verba illa ad Hebraeos primo capite, non referuntur ad
Patrem per Apostrophen, id quod contextus dupliciter manifest.
ostendit. Nam primo sicut versicul7. citatur dictum ad Angelos per
tinens: ita in sequetibus afferuntur varia loca ad Filium Dei dicta
&amp; inter alia iste locus, ut patet ex conjunctione copulativa ET. Sec
audiatur integer contextus: Et de Angelis quidem dicit: Qui Angelos
suos facit spiritus, &amp; ministros suos ignis flammam. Ad Filium autem,
Throunus tuus, Deus, in saculum seculi: virga recta, virga regni tui. Di¬
lexisti iustitiam, &amp; odisti iniquitatem: propterea unxit te S Deus, Deus
tuus oleo exsultationis, ultra consortes tuos. Et, Tu in initio Domine.
terram fundasti, &amp; opera manuum tuarum sunt coeli; &amp;c. Quis non
videt alienissimum esse hoc loco Apostrophen ad Deum Patrem
constituere? Deinde versus 8. ostendit, non esse apostrophen ad Pa¬
trem, sed ad Filium verba ista dici: Ad quem enim dicitur, Thronus
tuus, Deus, in seculum seculi: ad eundem dicitur; Tu in initio Domine.
terram fundasti. Tertio introducit Apostolus ipsum Patrem loquet 
tem, &amp; haec ipsa verba dicentem ad Filium, ut perlegenti ca¬
but est manifestum: non est igitur hic Apostrophe Apostoli ad Pa¬
trem.</Unicode>
            </TextEquiv>
        </TextRegion>
        <TextRegion orientation="0.0" id="TextRegion_1611321511241_1883" custom="readingOrder {index:1;}">
            <Coords points="1019,114 1940,114 1940,3274 1108,3274 1108,3251 1094,2363 1094,1829 1057,881 1020,117"/>
            <TextLine id="r1l5" custom="readingOrder {index:0;}">
                <Coords points="1071,194 1849,199 1862,149 1071,159"/>
                <Baseline points="1076,186 1115,185 1154,185 1193,185 1232,185 1271,185 1310,185 1349,185 1388,185 1427,185 1466,185 1505,185 1544,186 1583,186 1622,186 1661,186 1700,188 1739,188 1778,188 1817,188 1856,188"/>
                <TextEquiv>
                    <Unicode>INSTANT &amp; esse apostrophen ad Patrem his rationibus ni¬</Unicode>
                </TextEquiv>
            </TextLine>
            <TextLine id="r1l7" custom="readingOrder {index:1;}">
                <Coords points="1059,225 1852,229 1852,198 1766,193 1059,197"/>
                <Baseline points="1064,219 1103,219 1142,218 1181,218 1220,216 1259,216 1298,216 1338,216 1377,216 1416,216 1455,216 1494,216 1533,216 1572,217 1612,218 1651,219 1690,219 1729,221 1768,222 1807,223 1847,225"/>
                <TextEquiv>
                    <Unicode>cuntur probare: primo quia alioqui pugnaret Paulus cum Symbolo</Unicode>
                </TextEquiv>
            </TextLine>
            <TextLine id="r1l9" custom="readingOrder {index:2;}">
                <Coords points="1053,267 1855,269 1865,232 1053,234"/>
                <Baseline points="1058,255 1098,254 1138,254 1178,254 1218,252 1258,252 1298,252 1338,251 1378,251 1418,251 1459,251 1499,251 1539,251 1579,252 1619,252 1659,252 1699,254 1739,255 1779,256 1819,257 1860,260"/>
                <TextEquiv>
                    <Unicode>Apostolorum, ubi Pater solus dicitur creator coeli &amp; terrae. Si cundo,</Unicode>
                </TextEquiv>
            </TextLine>
            <TextLine id="r1l11" custom="readingOrder {index:3;}">
                <Coords points="1056,302 1865,301 1865,269 1787,260 1056,268"/>
                <Baseline points="1061,288 1103,287 1145,287 1187,285 1229,285 1271,285 1313,285 1355,284 1397,284 1439,284 1481,284 1523,285 1565,285 1607,285 1649,287 1691,287 1733,288 1775,290 1817,290 1860,293"/>
                <TextEquiv>
                    <Unicode>pugnaret cum Christo, qui saepissime Patrem suum vocat creatorem</Unicode>
                </TextEquiv>
            </TextLine>
            <TextLine id="r1l13" custom="readingOrder {index:4;}">
                <Coords points="1057,330 1565,319 1827,340 1858,331 1858,299 1057,304"/>
                <Baseline points="1062,321 1101,321 1141,320 1180,320 1220,320 1259,318 1299,318 1338,318 1378,317 1417,317 1457,317 1497,317 1536,317 1576,318 1615,318 1655,318 1694,320 1734,321 1773,323 1813,324 1853,327"/>
                <TextEquiv>
                    <Unicode>coeli &amp; terrae Matth. 11. Confiteor tibi Pater coeli &amp; terrae. Tertio, quis</Unicode>
                </TextEquiv>
            </TextLine>
            <TextLine id="r1l15" custom="readingOrder {index:5;}">
                <Coords points="1062,367 1864,372 1864,337 1839,333 1062,333"/>
                <Baseline points="1067,354 1106,354 1146,354 1185,354 1225,354 1265,353 1304,353 1344,353 1383,353 1423,353 1463,353 1502,353 1542,353 1581,353 1621,353 1661,354 1700,354 1740,355 1779,356 1819,358 1859,360"/>
                <TextEquiv>
                    <Unicode>pugnaret secum, qui jam dixit, secula esse facta per Filium: non ergo</Unicode>
                </TextEquiv>
            </TextLine>
            <TextLine id="r1l17" custom="readingOrder {index:6;}">
                <Coords points="1062,393 1865,398 1865,375 1738,359 1062,367"/>
                <Baseline points="1067,387 1106,387 1146,387 1185,387 1225,387 1265,386 1304,386 1344,386 1384,386 1423,386 1463,386 1503,386 1542,387 1582,387 1622,387 1661,387 1701,389 1741,389 1780,390 1820,390 1860,392"/>
                <TextEquiv>
                    <Unicode>Filius condidit coelum, sed per Filium Pater. Quarto, quia inepte con¬</Unicode>
                </TextEquiv>
            </TextLine>
            <TextLine id="r1l19" custom="readingOrder {index:7;}">
                <Coords points="1053,428 1873,443 1873,397 1053,399"/>
                <Baseline points="1058,422 1098,421 1139,420 1179,420 1220,420 1260,420 1301,419 1341,419 1382,419 1422,420 1463,420 1503,420 1544,420 1584,420 1625,421 1665,422 1706,422 1746,423 1787,423 1827,424 1868,425"/>
                <TextEquiv>
                    <Unicode>ferret Filium cum Angelis, si Filius esset creator: cum inter creatorem</Unicode>
                </TextEquiv>
            </TextLine>
            <TextLine id="r1l21" custom="readingOrder {index:8;}">
                <Coords points="1063,467 1358,458 1379,468 1401,457 1459,466 1459,434 1062,430"/>
                <Baseline points="1068,456 1093,456 1119,455 1145,454 1170,453 1196,453 1222,453 1248,452 1273,452 1299,452 1325,452 1351,452 1376,452 1402,452 1428,452 1454,452"/>
                <TextEquiv>
                    <Unicode>&amp; creaturam nulla sit comparatio¬</Unicode>
                </TextEquiv>
            </TextLine>
            <TextLine id="r1l23" custom="readingOrder {index:9;}">
                <Coords points="1105,497 1865,500 1865,465 1806,453 1105,463"/>
                <Baseline points="1110,489 1147,489 1185,488 1222,488 1260,488 1297,486 1335,486 1372,486 1410,486 1447,486 1485,486 1522,486 1560,486 1597,488 1635,488 1672,488 1710,488 1747,488 1785,489 1822,489 1860,489"/>
                <TextEquiv>
                    <Unicode>RESP. Quatuor rationibus probatur, esse hic apostrophen ad</Unicode>
                </TextEquiv>
            </TextLine>
            <TextLine id="r1l25" custom="readingOrder {index:10;}">
                <Coords points="1059,531 1867,532 1867,501 1823,495 1458,512 1424,491 1059,487"/>
                <Baseline points="1064,522 1103,522 1143,522 1183,521 1223,521 1263,521 1303,521 1343,521 1383,521 1423,521 1463,521 1502,521 1542,521 1582,521 1622,521 1662,521 1702,521 1742,522 1782,522 1822,524 1862,525"/>
                <TextEquiv>
                    <Unicode>Patrem: sed omnes sunt falsae. Prima est falsa: quia in Symbolo¬</Unicode>
                </TextEquiv>
            </TextLine>
            <TextLine id="r1l27" custom="readingOrder {index:11;}">
                <Coords points="1062,563 1873,561 1823,529 1062,533"/>
                <Baseline points="1067,557 1107,556 1147,555 1187,555 1227,555 1267,554 1307,554 1347,554 1387,554 1427,554 1467,554 1507,555 1547,555 1587,555 1627,555 1667,555 1707,557 1747,557 1787,557 1827,558 1868,558"/>
                <TextEquiv>
                    <Unicode>Apostolico non sic profitemur, Credo in Deum Patrem, qui S o¬</Unicode>
                </TextEquiv>
            </TextLine>
            <TextLine id="r1l29" custom="readingOrder {index:12;}">
                <Coords points="1071,596 1867,598 1867,568 1836,563 1071,568"/>
                <Baseline points="1076,591 1115,590 1154,588 1193,588 1233,588 1272,588 1311,587 1351,587 1390,587 1429,588 1469,588 1508,588 1547,588 1586,588 1626,590 1665,590 1704,590 1744,590 1783,591 1822,591 1862,591"/>
                <TextEquiv>
                    <Unicode>LUS est creator coeli &amp; terrae. Particulam SOLUS Samosateniam</Unicode>
                </TextEquiv>
            </TextLine>
            <TextLine id="r1l31" custom="readingOrder {index:13;}">
                <Coords points="1070,632 1874,628 1874,601 1818,596 1071,596"/>
                <Baseline points="1076,623 1115,623 1155,621 1194,621 1234,620 1274,620 1313,620 1353,620 1393,620 1432,620 1472,621 1512,621 1551,621 1591,621 1631,621 1670,623 1710,623 1750,623 1789,623 1829,624 1869,624"/>
                <TextEquiv>
                    <Unicode>de suo addiderunt. Opera divinitatis ad extra, hoc est, ea quae Deus</Unicode>
                </TextEquiv>
            </TextLine>
            <TextLine id="r1l33" custom="readingOrder {index:14;}">
                <Coords points="1065,662 1794,671 1873,664 1873,628 1065,634"/>
                <Baseline points="1070,656 1109,656 1149,656 1189,656 1229,656 1269,656 1309,656 1349,656 1389,654 1429,654 1469,654 1508,654 1548,654 1588,654 1628,655 1668,656 1708,656 1748,656 1788,656 1828,657 1868,657"/>
                <TextEquiv>
                    <Unicode>extra essentiam suam facit, sunt indivisa, hoc est, communia tribus</Unicode>
                </TextEquiv>
            </TextLine>
            <TextLine id="r1l35" custom="readingOrder {index:15;}">
                <Coords points="1074,704 1803,704 1879,695 1879,664 1074,673"/>
                <Baseline points="1079,690 1118,690 1158,690 1198,690 1238,690 1277,689 1317,689 1357,689 1397,689 1436,689 1476,689 1516,689 1556,689 1595,689 1635,689 1675,689 1715,689 1754,689 1794,689 1834,690 1874,690"/>
                <TextEquiv>
                    <Unicode>personis, nempe quoad ipsam operationem seu effectionem, quae est</Unicode>
                </TextEquiv>
            </TextLine>
            <TextLine id="r1l37" custom="readingOrder {index:16;}">
                <Coords points="1071,730 1795,738 1880,730 1880,702 1071,705"/>
                <Baseline points="1077,723 1116,723 1156,722 1196,722 1236,722 1276,722 1316,722 1356,722 1396,722 1436,722 1476,722 1515,722 1555,722 1595,722 1635,722 1675,722 1715,722 1755,722 1795,722 1835,723 1875,723"/>
                <TextEquiv>
                    <Unicode>trium personarum una &amp; eadem: sicut &amp; ipsum opus. Distincta au¬</Unicode>
                </TextEquiv>
            </TextLine>
            <TextLine id="r1l39" custom="readingOrder {index:17;}">
                <Coords points="1074,764 1880,764 1857,728 1074,735"/>
                <Baseline points="1080,756 1119,756 1159,756 1199,756 1239,755 1278,755 1318,755 1358,755 1398,755 1437,755 1477,755 1517,755 1557,755 1596,755 1636,755 1676,755 1716,755 1755,755 1795,756 1835,756 1875,758"/>
                <TextEquiv>
                    <Unicode>tem sunt quoad efficiendi ordinem &amp; modum. Omnes igitur perso¬</Unicode>
                </TextEquiv>
            </TextLine>
            <TextLine id="r1l41" custom="readingOrder {index:18;}">
                <Coords points="1083,797 1886,802 1886,771 1836,764 1083,769"/>
                <Baseline points="1088,789 1127,789 1167,789 1206,789 1246,789 1286,788 1325,788 1365,788 1405,788 1444,788 1484,788 1524,788 1563,788 1603,788 1643,788 1682,788 1722,788 1762,788 1801,789 1841,789 1881,791"/>
                <TextEquiv>
                    <Unicode>nae Deitatis creant, sed servato hoc ordine &amp; modo in operando, ut </Unicode>
                </TextEquiv>
            </TextLine>
            <TextLine id="r1l43" custom="readingOrder {index:19;}">
                <Coords points="1079,828 1880,832 1880,807 1843,797 1079,798"/>
                <Baseline points="1085,821 1124,822 1164,822 1203,822 1243,822 1282,822 1322,822 1361,822 1401,822 1440,822 1480,821 1519,821 1559,821 1598,821 1638,822 1677,822 1717,822 1756,822 1796,822 1835,822 1875,824"/>
                <TextEquiv>
                    <Unicode>Pater creet a se, per Filium &amp; Spiritum: Filius a Patre: Spiritus San¬</Unicode>
                </TextEquiv>
            </TextLine>
            <TextLine id="r1l45" custom="readingOrder {index:20;}">
                <Coords points="1086,868 1889,871 1889,840 1829,828 1086,829"/>
                <Baseline points="1091,857 1130,857 1170,857 1209,857 1249,857 1289,857 1328,855 1368,855 1408,855 1447,855 1487,855 1527,855 1566,855 1606,855 1646,855 1685,855 1725,857 1765,857 1804,858 1844,859 1884,860"/>
                <TextEquiv>
                    <Unicode>ctus a Patre &amp; Filio. Tribuitur igitur Patri creatio, sed 1. non soli. 2.</Unicode>
                </TextEquiv>
            </TextLine>
            <TextLine id="r1l47" custom="readingOrder {index:21;}">
                <Coords points="1083,914 1195,894 1759,903 1774,864 1083,873"/>
                <Baseline points="1088,891 1122,891 1156,890 1190,890 1224,890 1258,890 1292,888 1326,888 1360,888 1394,888 1428,888 1462,887 1496,887 1530,887 1564,887 1598,888 1632,888 1666,888 1700,890 1734,890 1769,891"/>
                <TextEquiv>
                    <Unicode>quia fons est divinarum operationum, proinde &amp; creationis:</Unicode>
                </TextEquiv>
            </TextLine>
            <TextLine id="r1l49" custom="readingOrder {index:22;}">
                <Coords points="1110,936 1873,938 1874,894 1110,902"/>
                <Baseline points="1115,921 1152,921 1190,921 1227,920 1265,920 1303,920 1340,920 1378,920 1416,921 1453,921 1491,921 1529,921 1566,921 1604,921 1642,923 1679,923 1717,923 1755,924 1792,924 1830,924 1868,926"/>
                <TextEquiv>
                    <Unicode>Secunda ratio etiam est falsa: Non enim dicit Christus, Conf¬</Unicode>
                </TextEquiv>
            </TextLine>
            <TextLine id="r1l51" custom="readingOrder {index:23;}">
                <Coords points="1077,969 1889,970 1889,941 1850,930 1077,930"/>
                <Baseline points="1082,957 1122,957 1162,956 1202,956 1242,956 1282,954 1322,954 1362,954 1402,954 1442,954 1483,954 1523,954 1563,954 1603,954 1643,956 1683,956 1723,956 1763,957 1803,957 1843,958 1884,959"/>
                <TextEquiv>
                    <Unicode>teor tibi Pater, qui solus es creator coeli &amp; terrae. Deinde quae haeo</Unicode>
                </TextEquiv>
            </TextLine>
            <TextLine id="r1l53" custom="readingOrder {index:24;}">
                <Coords points="1080,1002 1888,997 1888,972 1817,964 1080,972"/>
                <Baseline points="1085,990 1124,990 1164,990 1204,989 1244,989 1284,989 1324,989 1364,989 1404,989 1444,989 1484,989 1523,989 1563,989 1603,989 1643,989 1683,989 1723,989 1763,989 1803,990 1843,990 1883,990"/>
                <TextEquiv>
                    <Unicode>est consequentia: Pater est creator coeli &amp; terrae: Ergo solus est crea¬</Unicode>
                </TextEquiv>
            </TextLine>
            <TextLine id="r1l55" custom="readingOrder {index:25;}">
                <Coords points="1079,1035 1764,1043 1891,1032 1891,998 1079,1005"/>
                <Baseline points="1085,1025 1125,1024 1165,1023 1205,1023 1245,1022 1285,1022 1325,1022 1365,1022 1405,1022 1445,1022 1485,1022 1525,1022 1565,1022 1605,1023 1645,1023 1685,1023 1725,1023 1765,1023 1805,1023 1845,1023 1886,1025"/>
                <TextEquiv>
                    <Unicode>tor coeli &amp; terrae? Cur non etiam: Filius est redemtor: Ergo solus est,</Unicode>
                </TextEquiv>
            </TextLine>
            <TextLine id="r1l57" custom="readingOrder {index:26;}">
                <Coords points="1084,1068 1898,1066 1883,1030 1084,1036"/>
                <Baseline points="1089,1056 1129,1056 1169,1056 1209,1056 1249,1056 1290,1056 1330,1056 1370,1056 1410,1056 1450,1056 1491,1056 1531,1056 1571,1056 1611,1058 1651,1058 1692,1058 1732,1058 1772,1058 1812,1058 1852,1058 1893,1059"/>
                <TextEquiv>
                    <Unicode>redemtor? Spiritus Sanctus est sanctificator: Ergo solus est sanctifi¬</Unicode>
                </TextEquiv>
            </TextLine>
            <TextLine id="r1l59" custom="readingOrder {index:27;}">
                <Coords points="1093,1100 1113,1099 1115,1097 1118,1099 1130,1097 1133,1100 1139,1095 1151,1097 1151,1070 1093,1068"/>
                <Baseline points="1098,1089 1146,1089"/>
                <TextEquiv>
                    <Unicode>cator.</Unicode>
                </TextEquiv>
            </TextLine>
            <TextLine id="r1l61" custom="readingOrder {index:28;}">
                <Coords points="1132,1134 1891,1132 1891,1099 1862,1093 1132,1096"/>
                <Baseline points="1137,1121 1174,1121 1211,1122 1249,1122 1286,1122 1324,1122 1361,1122 1399,1122 1436,1122 1474,1122 1511,1122 1548,1122 1586,1122 1623,1122 1661,1122 1698,1122 1736,1122 1773,1124 1811,1124 1848,1124 1886,1125"/>
                <TextEquiv>
                    <Unicode>Tertia ratio etiam falsa est: non enim pugnant haec; Per Filium</Unicode>
                </TextEquiv>
            </TextLine>
            <TextLine id="line_1611509192927_5059" custom="readingOrder {index:29;}">
                <Coords points="1074,1164 1898,1166 1898,1138 1862,1131 1074,1130"/>
                <Baseline points="1079,1157 1081,1157 1162,1155 1243,1155 1324,1155 1405,1155 1487,1155 1568,1155 1649,1157 1730,1157 1811,1157 1893,1158"/>
                <TextEquiv>
                    <Unicode>sunt creata secula: &amp; Filius creavit secula. Quia de Filio non tantum</Unicode>
                </TextEquiv>
            </TextLine>
            <TextLine id="r1l64" custom="readingOrder {index:30;}">
                <Coords points="1102,1203 1886,1198 1886,1164 1102,1163"/>
                <Baseline points="1107,1190 1145,1190 1184,1191 1222,1191 1261,1191 1300,1191 1338,1191 1377,1190 1416,1190 1454,1190 1493,1190 1532,1190 1570,1190 1609,1190 1648,1191 1686,1191 1725,1191 1764,1191 1802,1191 1841,1191 1880,1191"/>
                <TextEquiv>
                    <Unicode>asurpatur praepositio Per, sed etiam absolute de ipso loquitur Scri¬</Unicode>
                </TextEquiv>
            </TextLine>
            <TextLine id="r1l66" custom="readingOrder {index:31;}">
                <Coords points="1102,1236 1877,1239 1898,1198 1102,1204"/>
                <Baseline points="1107,1224 1146,1224 1185,1223 1224,1223 1264,1223 1303,1223 1342,1223 1382,1223 1421,1223 1460,1223 1500,1223 1539,1223 1578,1224 1617,1224 1657,1224 1696,1224 1735,1224 1775,1224 1814,1224 1853,1225 1893,1226"/>
                <TextEquiv>
                    <Unicode>ptura citra praepositionem illam, ut Johan. 5. v. 17. Pater meus hucus¬</Unicode>
                </TextEquiv>
            </TextLine>
            <TextLine id="r1l68" custom="readingOrder {index:32;}">
                <Coords points="1094,1268 1903,1266 1903,1237 1792,1230 1095,1238"/>
                <Baseline points="1100,1254 1139,1254 1179,1255 1219,1256 1259,1256 1299,1256 1339,1256 1379,1257 1419,1257 1459,1257 1499,1257 1538,1257 1578,1257 1618,1257 1658,1257 1698,1257 1738,1257 1778,1257 1818,1259 1858,1259 1898,1259"/>
                <TextEquiv>
                    <Unicode>que operatur, &amp; ego operor: &amp; v.19. Quaecunque Patir facit, haec etiam</Unicode>
                </TextEquiv>
            </TextLine>
            <TextLine id="r1l70" custom="readingOrder {index:33;}">
                <Coords points="1092,1298 1256,1297 1267,1307 1318,1293 1337,1298 1337,1272 1311,1264 1303,1273 1283,1262 1267,1272 1178,1260 1158,1273 1129,1263 1092,1269"/>
                <Baseline points="1097,1287 1123,1288 1149,1289 1175,1289 1201,1289 1227,1289 1253,1289 1279,1289 1305,1289 1331,1290"/>
                <TextEquiv>
                    <Unicode>Filius similiter facit.</Unicode>
                </TextEquiv>
            </TextLine>
            <TextLine id="r1l72" custom="readingOrder {index:34;}">
                <Coords points="1135,1339 1895,1334 1895,1301 1775,1293 1135,1301"/>
                <Baseline points="1140,1325 1177,1323 1215,1323 1252,1323 1290,1323 1327,1322 1365,1322 1402,1322 1440,1322 1477,1322 1515,1322 1552,1322 1590,1323 1627,1323 1665,1323 1702,1323 1740,1324 1777,1325 1815,1325 1852,1326 1890,1326"/>
                <TextEquiv>
                    <Unicode>Quarta ratio est itidem falsa. Nam inter creatorem &amp; creaturam</Unicode>
                </TextEquiv>
            </TextLine>
            <TextLine id="r1l74" custom="readingOrder {index:35;}">
                <Coords points="1105,1364 1901,1368 1892,1333 1105,1328"/>
                <Baseline points="1110,1355 1149,1355 1188,1356 1227,1356 1267,1356 1306,1356 1345,1356 1385,1356 1424,1356 1463,1358 1503,1358 1542,1358 1581,1358 1620,1358 1660,1359 1699,1359 1738,1359 1778,1359 1817,1359 1856,1359 1896,1359"/>
                <TextEquiv>
                    <Unicode>nonne est comparatio inaequalitatis seu imparitatis? nonne creatu¬</Unicode>
                </TextEquiv>
            </TextLine>
            <TextLine id="r1l76" custom="readingOrder {index:36;}">
                <Coords points="1099,1396 1906,1402 1890,1367 1099,1366"/>
                <Baseline points="1104,1391 1143,1390 1183,1389 1223,1388 1263,1388 1303,1388 1343,1388 1382,1388 1422,1389 1462,1389 1502,1389 1542,1391 1582,1391 1622,1391 1661,1392 1701,1392 1741,1392 1781,1392 1821,1392 1861,1392 1901,1392"/>
                <TextEquiv>
                    <Unicode>rae minores &amp; inferiores sunt creatore? Inter creatorem igitur &amp;</Unicode>
                </TextEquiv>
            </TextLine>
            <TextLine id="r1l78" custom="readingOrder {index:37;}">
                <Coords points="1104,1434 1903,1438 1891,1399 1104,1402"/>
                <Baseline points="1109,1422 1148,1422 1187,1422 1227,1422 1266,1422 1306,1422 1345,1422 1385,1422 1424,1422 1464,1422 1503,1422 1542,1422 1582,1424 1621,1424 1661,1424 1700,1424 1740,1425 1779,1425 1819,1427 1858,1427 1898,1428"/>
                <TextEquiv>
                    <Unicode>creaturam, infinitum &amp; finitum est comparatio &amp; non est: Est,</Unicode>
                </TextEquiv>
            </TextLine>
            <TextLine id="r1l80" custom="readingOrder {index:38;}">
                <Coords points="1110,1472 1900,1468 1900,1439 1826,1432 1110,1435"/>
                <Baseline points="1115,1457 1154,1457 1193,1457 1232,1457 1271,1457 1310,1457 1349,1457 1388,1457 1427,1457 1466,1457 1505,1457 1544,1458 1583,1458 1622,1458 1661,1458 1700,1458 1739,1460 1778,1460 1817,1460 1856,1460 1895,1461"/>
                <TextEquiv>
                    <Unicode>quoad inaequalitatem, nam res creata &amp; finita est minor increa¬</Unicode>
                </TextEquiv>
            </TextLine>
            <TextLine id="r1l82" custom="readingOrder {index:39;}">
                <Coords points="1106,1497 1897,1505 1898,1467 1107,1473"/>
                <Baseline points="1112,1490 1151,1490 1190,1490 1229,1490 1268,1490 1307,1490 1346,1490 1385,1490 1424,1490 1463,1490 1502,1490 1541,1490 1580,1490 1619,1490 1658,1491 1697,1491 1736,1491 1775,1492 1814,1493 1853,1494 1892,1494"/>
                <TextEquiv>
                    <Unicode>ta &amp; infinita: &amp; non est, quoad aequalitatem, nam res creata &amp; in¬</Unicode>
                </TextEquiv>
            </TextLine>
            <TextLine id="r1l84" custom="readingOrder {index:40;}">
                <Coords points="1101,1530 1897,1532 1897,1508 1828,1497 1101,1497"/>
                <Baseline points="1106,1523 1145,1523 1184,1522 1223,1521 1263,1521 1302,1521 1341,1521 1381,1521 1420,1521 1459,1521 1499,1521 1538,1522 1577,1523 1616,1523 1656,1524 1695,1524 1734,1525 1774,1526 1813,1526 1852,1527 1892,1527"/>
                <TextEquiv>
                    <Unicode>finita non est aequalis &amp; par increatae &amp; infinitae, multo minus ma¬</Unicode>
                </TextEquiv>
            </TextLine>
            <TextLine id="r1l86" custom="readingOrder {index:41;}">
                <Coords points="1116,1565 1901,1567 1901,1539 1860,1532 1117,1530"/>
                <Baseline points="1122,1557 1160,1556 1199,1556 1238,1556 1276,1556 1315,1556 1354,1556 1392,1556 1431,1556 1470,1556 1509,1556 1547,1556 1586,1557 1625,1557 1663,1557 1702,1557 1741,1559 1779,1559 1818,1559 1857,1560 1896,1560"/>
                <TextEquiv>
                    <Unicode>jor. Ad hoc ipsum propositum est Paulo probare, Christum supra</Unicode>
                </TextEquiv>
            </TextLine>
            <TextLine id="r1l88" custom="readingOrder {index:42;}">
                <Coords points="1104,1600 1837,1607 1894,1598 1895,1574 1105,1573"/>
                <Baseline points="1110,1589 1151,1587 1192,1587 1233,1587 1274,1587 1315,1587 1356,1587 1397,1589 1438,1589 1479,1589 1520,1589 1561,1589 1602,1590 1643,1590 1684,1590 1725,1590 1766,1592 1807,1592 1848,1593 1889,1593"/>
                <TextEquiv>
                    <Unicode>omnes Angelos eminere, vel ut verbis Apostoli utar ex versu a</Unicode>
                </TextEquiv>
            </TextLine>
            <TextLine id="r1l90" custom="readingOrder {index:43;}">
                <Coords points="1110,1631 1826,1644 1903,1631 1904,1603 1111,1599"/>
                <Baseline points="1116,1619 1155,1619 1194,1619 1233,1619 1272,1620 1311,1620 1350,1620 1389,1620 1428,1620 1467,1620 1507,1622 1546,1622 1585,1622 1624,1623 1663,1623 1702,1623 1741,1623 1780,1625 1819,1625 1858,1625 1898,1626"/>
                <TextEquiv>
                    <Unicode>Tanto praestantiorem factum Angelis, quanto excellentius prae illis</Unicode>
                </TextEquiv>
            </TextLine>
            <TextLine id="r1l92" custom="readingOrder {index:44;}">
                <Coords points="1113,1660 1915,1672 1902,1632 1114,1631"/>
                <Baseline points="1119,1652 1158,1653 1198,1653 1237,1653 1277,1655 1316,1655 1356,1655 1395,1655 1435,1655 1474,1655 1514,1656 1554,1656 1593,1656 1633,1656 1672,1656 1712,1657 1751,1658 1791,1658 1830,1658 1870,1659 1910,1659"/>
                <TextEquiv>
                    <Unicode>sortitus est nomen. Nonne his verbis sit comparatio majoris &amp; mi¬</Unicode>
                </TextEquiv>
            </TextLine>
            <TextLine id="r1l94" custom="readingOrder {index:45;}">
                <Coords points="1120,1699 1129,1701 1139,1695 1147,1699 1153,1694 1157,1698 1205,1697 1204,1666 1145,1664 1120,1668"/>
                <Baseline points="1125,1688 1150,1688 1175,1686 1200,1688"/>
                <TextEquiv>
                    <Unicode>norum:</Unicode>
                </TextEquiv>
            </TextLine>
            <TextLine id="r1l97" custom="readingOrder {index:46;}">
                <Coords points="1134,1724 1909,1737 1887,1693 1134,1704"/>
                <Baseline points="1139,1719 1177,1719 1215,1721 1253,1721 1292,1721 1330,1721 1368,1721 1406,1722 1445,1722 1483,1722 1521,1722 1559,1722 1598,1722 1636,1722 1674,1722 1712,1722 1751,1724 1789,1724 1827,1724 1865,1725 1904,1725"/>
                <TextEquiv>
                    <Unicode>Depulsi ab hac instantia, contendunt, etiamsi de Filio haec verba</Unicode>
                </TextEquiv>
            </TextLine>
            <TextLine id="r1l98" custom="readingOrder {index:47;}">
                <Coords points="1115,1762 1903,1771 1896,1732 1186,1739 1116,1720"/>
                <Baseline points="1121,1752 1159,1754 1198,1754 1237,1754 1276,1754 1315,1754 1354,1754 1392,1754 1431,1754 1470,1754 1509,1754 1548,1755 1587,1755 1626,1755 1664,1755 1703,1757 1742,1757 1781,1758 1820,1760 1859,1761 1898,1763"/>
                <TextEquiv>
                    <Unicode>dicerentur: tamen fore homonymiam in verbo creandi, quo in iste</Unicode>
                </TextEquiv>
            </TextLine>
            <TextLine id="r1l101" custom="readingOrder {index:48;}">
                <Coords points="1123,1803 1757,1797 1757,1774 1730,1764 1123,1762"/>
                <Baseline points="1128,1787 1159,1787 1190,1788 1221,1788 1252,1788 1284,1788 1315,1788 1346,1788 1377,1788 1408,1787 1440,1787 1471,1787 1502,1787 1533,1787 1564,1788 1596,1788 1627,1788 1658,1788 1689,1790 1720,1790 1752,1791"/>
                <TextEquiv>
                    <Unicode>Apostoli loco significetur nova creatio seu regeneratio. </Unicode>
                </TextEquiv>
            </TextLine>
            <TextLine id="r1l104" custom="readingOrder {index:49;}">
                <Coords points="1140,1826 1916,1837 1916,1797 1140,1804"/>
                <Baseline points="1145,1821 1183,1821 1221,1821 1259,1821 1298,1820 1336,1820 1374,1820 1413,1820 1451,1820 1489,1820 1528,1821 1566,1821 1604,1821 1642,1821 1681,1821 1719,1823 1757,1823 1796,1823 1834,1823 1872,1824 1911,1824"/>
                <TextEquiv>
                    <Unicode>RESP. in hoc Apostoli loco non significatur nova creatio seu</Unicode>
                </TextEquiv>
            </TextLine>
            <TextLine id="r1l106" custom="readingOrder {index:50;}">
                <Coords points="1111,1865 1751,1875 1916,1869 1917,1837 1111,1828"/>
                <Baseline points="1116,1850 1155,1851 1195,1851 1235,1852 1275,1853 1314,1853 1354,1853 1394,1853 1434,1854 1473,1854 1513,1854 1553,1854 1593,1854 1632,1854 1672,1856 1712,1856 1752,1856 1791,1857 1831,1857 1871,1857 1911,1859"/>
                <TextEquiv>
                    <Unicode>regeneratio: idque ostendunt ipsa Apostoli verba dupliciter. Nam</Unicode>
                </TextEquiv>
            </TextLine>
            <TextLine id="r1l108" custom="readingOrder {index:51;}">
                <Coords points="1114,1901 1906,1903 1906,1864 1844,1861 1114,1865"/>
                <Baseline points="1119,1887 1158,1887 1197,1887 1236,1887 1275,1887 1314,1887 1353,1887 1392,1887 1431,1887 1470,1887 1510,1887 1549,1889 1588,1889 1627,1889 1666,1890 1705,1890 1744,1890 1783,1891 1822,1892 1861,1892 1901,1893"/>
                <TextEquiv>
                    <Unicode>primo creationem hanc diserte refert ad Coelum &amp; terram. Ait enim</Unicode>
                </TextEquiv>
            </TextLine>
            <TextLine id="r1l110" custom="readingOrder {index:52;}">
                <Coords points="1122,1929 1916,1938 1916,1903 1122,1895"/>
                <Baseline points="1127,1920 1166,1920 1205,1919 1244,1919 1283,1919 1323,1919 1362,1920 1401,1920 1440,1920 1479,1920 1519,1922 1558,1922 1597,1922 1636,1923 1675,1923 1715,1923 1754,1923 1793,1923 1832,1923 1871,1923 1911,1922"/>
                <TextEquiv>
                    <Unicode>Apostolus: Tu in initio Domine terram fundasti &amp; opera manuam</Unicode>
                </TextEquiv>
            </TextLine>
            <TextLine id="r1l112" custom="readingOrder {index:53;}">
                <Coords points="1108,1970 1258,1959 1555,1969 1555,1934 1471,1926 1108,1929"/>
                <Baseline points="1113,1949 1138,1950 1164,1952 1190,1952 1215,1953 1241,1953 1267,1953 1292,1953 1318,1953 1344,1952 1370,1952 1395,1952 1421,1952 1447,1952 1472,1953 1498,1953 1524,1955 1550,1956"/>
                <TextEquiv>
                    <Unicode>tuarum sunt coeli. Hinc ita colligimus:</Unicode>
                </TextEquiv>
            </TextLine>
            <TextLine id="r1l114" custom="readingOrder {index:54;}">
                <Coords points="1143,2004 1594,2004 1583,1972 1143,1972"/>
                <Baseline points="1148,1997 1173,1997 1199,1995 1225,1995 1251,1995 1277,1995 1303,1995 1329,1995 1355,1995 1381,1995 1407,1995 1433,1995 1459,1997 1485,1997 1511,1997 1537,1997 1563,1998 1589,1998"/>
                <TextEquiv>
                    <Unicode>Regeneratio non est creatio coeli &amp; terraes</Unicode>
                </TextEquiv>
            </TextLine>
            <TextLine id="r1l116" custom="readingOrder {index:55;}">
                <Coords points="1151,2037 1851,2037 1835,2005 1152,2005"/>
                <Baseline points="1157,2031 1191,2030 1225,2030 1260,2028 1294,2028 1329,2028 1363,2028 1397,2028 1432,2028 1466,2028 1501,2030 1535,2030 1569,2030 1604,2030 1638,2031 1673,2031 1707,2031 1741,2032 1776,2033 1810,2033 1845,2033"/>
                <TextEquiv>
                    <Unicode>Creatio de qua hic Apostolus loquitur, est creatio coeli &amp; terrae:</Unicode>
                </TextEquiv>
            </TextLine>
            <TextLine id="r1l118" custom="readingOrder {index:56;}">
                <Coords points="1155,2072 1858,2072 1858,2038 1156,2040"/>
                <Baseline points="1161,2063 1195,2063 1230,2061 1264,2061 1299,2061 1334,2061 1368,2061 1403,2062 1437,2063 1472,2063 1507,2063 1541,2063 1576,2064 1610,2064 1645,2064 1680,2065 1714,2066 1749,2066 1783,2066 1818,2066 1853,2067"/>
                <TextEquiv>
                    <Unicode>Creatio igitur de qua hic Apostolus loquitur, non est regeneratio</Unicode>
                </TextEquiv>
            </TextLine>
            <TextLine id="r1l120" custom="readingOrder {index:57;}">
                <Coords points="1144,2111 1896,2122 1919,2070 1144,2077"/>
                <Baseline points="1149,2097 1187,2097 1225,2096 1263,2096 1302,2096 1340,2096 1378,2096 1416,2097 1455,2097 1493,2098 1531,2099 1569,2099 1608,2100 1646,2100 1684,2100 1722,2100 1761,2102 1799,2102 1837,2102 1875,2100 1914,2100"/>
                <TextEquiv>
                    <Unicode>Secundo idem probat, quod expresse dicit, in initio. Unde sic argui¬</Unicode>
                </TextEquiv>
            </TextLine>
            <TextLine id="line_1611321511503_1892" custom="readingOrder {index:58;}">
                <Coords points=""/>
                <Baseline points="1094,2153"/>
            </TextLine>
            <TextLine id="r1l122" custom="readingOrder {index:59;}">
                <Coords points="1120,2146 1156,2146 1159,2144 1169,2144 1169,2109 1157,2111 1152,2109 1142,2113 1134,2110 1125,2103 1120,2103"/>
                <Baseline points="1125,2133 1164,2133"/>
                <TextEquiv>
                    <Unicode>mus.</Unicode>
                </TextEquiv>
            </TextLine>
            <TextLine id="r1l125" custom="readingOrder {index:60;}">
                <Coords points="1151,2184 1525,2188 1525,2157 1511,2149 1347,2148 1333,2159 1151,2149"/>
                <Baseline points="1157,2175 1182,2177 1208,2177 1234,2178 1260,2178 1286,2178 1312,2178 1338,2178 1364,2178 1390,2177 1416,2177 1442,2177 1468,2177 1494,2177 1520,2178"/>
                <TextEquiv>
                    <Unicode>Regeneratio non est facta in initios</Unicode>
                </TextEquiv>
            </TextLine>
            <TextLine id="r1l127" custom="readingOrder {index:61;}">
                <Coords points="1153,2218 1503,2226 1503,2193 1467,2186 1153,2192"/>
                <Baseline points="1158,2210 1184,2210 1210,2210 1236,2210 1262,2210 1288,2210 1314,2210 1340,2210 1366,2210 1392,2210 1418,2210 1444,2210 1470,2210 1497,2210"/>
                <TextEquiv>
                    <Unicode>At creatio haec est facta in initios</Unicode>
                </TextEquiv>
            </TextLine>
            <TextLine id="r1l129" custom="readingOrder {index:62;}">
                <Coords points="1147,2252 1540,2258 1540,2214 1463,2229 1410,2217 1392,2228 1147,2222"/>
                <Baseline points="1152,2244 1177,2244 1203,2244 1228,2244 1254,2244 1279,2244 1305,2244 1330,2244 1356,2244 1381,2244 1407,2244 1432,2244 1458,2244 1483,2244 1509,2243 1535,2243"/>
                <TextEquiv>
                    <Unicode>Ergo creatio haec non est regeneratio</Unicode>
                </TextEquiv>
            </TextLine>
            <TextLine id="r1l131" custom="readingOrder {index:63;}">
                <Coords points="1158,2288 1847,2300 1921,2290 1921,2245 1158,2252"/>
                <Baseline points="1163,2277 1200,2276 1238,2276 1275,2276 1313,2276 1351,2276 1388,2276 1426,2277 1464,2277 1501,2277 1539,2277 1577,2278 1614,2279 1652,2279 1690,2279 1727,2279 1765,2279 1803,2279 1840,2279 1878,2279 1916,2279"/>
                <TextEquiv>
                    <Unicode>Pergunt Samosateniani &amp; dicunt; Per coelum &amp; terram intelligi An¬</Unicode>
                </TextEquiv>
            </TextLine>
            <TextLine id="r1l133" custom="readingOrder {index:64;}">
                <Coords points="1113,2333 1170,2315 1681,2323 1681,2294 1585,2283 1307,2294 1138,2280 1113,2293"/>
                <Baseline points="1118,2312 1145,2310 1173,2310 1201,2310 1229,2310 1257,2310 1285,2310 1313,2310 1341,2310 1369,2310 1397,2310 1424,2310 1452,2310 1480,2310 1508,2310 1536,2310 1564,2310 1592,2310 1620,2310 1648,2310 1676,2310"/>
                <TextEquiv>
                    <Unicode>gelos &amp; homines electos qui sunt in coelo &amp; in terra¬</Unicode>
                </TextEquiv>
            </TextLine>
            <TextLine id="r1l135" custom="readingOrder {index:65;}">
                <Coords points="1155,2349 1915,2362 1915,2324 1888,2314 1155,2320"/>
                <Baseline points="1160,2345 1197,2345 1235,2345 1272,2345 1310,2345 1347,2345 1385,2345 1422,2346 1460,2346 1497,2346 1535,2346 1572,2346 1610,2346 1647,2346 1685,2346 1722,2346 1760,2346 1797,2345 1835,2345 1872,2345 1910,2345"/>
                <TextEquiv>
                    <Unicode>RESP. Falsum hoc est: nam mox de coelis addit Apostolus: Ipsi</Unicode>
                </TextEquiv>
            </TextLine>
            <TextLine id="r1l137" custom="readingOrder {index:66;}">
                <Coords points="1125,2383 1922,2387 1899,2355 1125,2351"/>
                <Baseline points="1130,2376 1169,2376 1208,2377 1248,2378 1287,2378 1326,2378 1366,2378 1405,2378 1444,2378 1484,2379 1523,2379 1562,2379 1602,2379 1641,2379 1680,2379 1720,2381 1759,2381 1798,2381 1838,2381 1877,2381 1917,2381"/>
                <TextEquiv>
                    <Unicode>peribunt; at angeli &amp; electi homines non peribunt. Ergo angeli &amp; ele¬</Unicode>
                </TextEquiv>
            </TextLine>
            <TextLine id="r1l139" custom="readingOrder {index:67;}">
                <Coords points="1120,2419 1274,2434 1298,2419 1733,2425 1733,2389 1712,2387 1120,2390"/>
                <Baseline points="1125,2411 1155,2412 1185,2412 1215,2412 1245,2412 1275,2412 1305,2412 1335,2412 1365,2412 1395,2412 1426,2412 1456,2412 1486,2412 1516,2412 1546,2412 1576,2412 1606,2412 1636,2414 1666,2414 1696,2414 1727,2415"/>
                <TextEquiv>
                    <Unicode>cti homines per coelum &amp; terram non intelliguntur. </Unicode>
                </TextEquiv>
            </TextLine>
            <TextLine id="r1l142" custom="readingOrder {index:68;}">
                <Coords points="1149,2463 1916,2465 1916,2430 1889,2422 1149,2424"/>
                <Baseline points="1154,2454 1191,2454 1229,2456 1267,2456 1305,2456 1343,2456 1381,2456 1418,2456 1456,2456 1494,2456 1532,2456 1570,2457 1608,2457 1646,2456 1683,2456 1721,2456 1759,2456 1797,2456 1835,2456 1873,2457 1911,2457"/>
                <TextEquiv>
                    <Unicode>Intelleximus quid excipiant ad testimonium ex capit. 1. ad Hebr</Unicode>
                </TextEquiv>
            </TextLine>
            <TextLine id="line_1611509133100_5008" custom="readingOrder {index:69;}">
                <Coords points="1111,2499 1893,2499 1916,2496 1916,2462 1111,2471"/>
                <Baseline points="1116,2489 1180,2489 1261,2489 1342,2490 1424,2490 1505,2490 1586,2490 1667,2490 1748,2490 1829,2490 1911,2489"/>
                <TextEquiv>
                    <Unicode>Ad testinionia ex capite 1. Johannis &amp; capit. 1. epist. ad Colossenset</Unicode>
                </TextEquiv>
            </TextLine>
            <TextLine id="r1l145" custom="readingOrder {index:70;}">
                <Coords points="1122,2531 1924,2530 1907,2495 1122,2501"/>
                <Baseline points="1127,2522 1166,2522 1206,2523 1245,2523 1285,2525 1325,2525 1364,2525 1404,2525 1443,2525 1483,2525 1523,2523 1562,2523 1602,2523 1641,2523 1681,2523 1721,2523 1760,2522 1800,2522 1839,2523 1879,2523 1919,2523"/>
                <TextEquiv>
                    <Unicode>excipiunt, ea intelligenda non de prima creatione omnium, sed de se¬</Unicode>
                </TextEquiv>
            </TextLine>
            <TextLine id="r1l147" custom="readingOrder {index:71;}">
                <Coords points="1118,2563 1769,2574 1918,2564 1918,2533 1118,2535"/>
                <Baseline points="1124,2556 1163,2558 1202,2558 1242,2558 1281,2558 1321,2558 1360,2558 1400,2558 1439,2558 1479,2558 1518,2558 1557,2556 1597,2556 1636,2556 1676,2556 1715,2556 1755,2556 1794,2556 1834,2555 1873,2555 1913,2555"/>
                <TextEquiv>
                    <Unicode>cunda creatione seu renovatione omnium electorum, qui sunt in coe¬</Unicode>
                </TextEquiv>
            </TextLine>
            <TextLine id="r1l149" custom="readingOrder {index:72;}">
                <Coords points="1129,2601 1928,2596 1918,2562 1129,2564"/>
                <Baseline points="1134,2588 1173,2589 1212,2589 1252,2589 1291,2589 1331,2589 1370,2589 1410,2589 1449,2589 1489,2589 1528,2589 1567,2589 1607,2589 1646,2589 1686,2589 1725,2589 1765,2589 1804,2589 1844,2588 1883,2588 1923,2588"/>
                <TextEquiv>
                    <Unicode>lo &amp; in terra. Duplicem ergo homonymiam statuunt: unam in uni¬</Unicode>
                </TextEquiv>
            </TextLine>
            <TextLine id="r1l151" custom="readingOrder {index:73;}">
                <Coords points="1122,2628 1931,2633 1931,2602 1851,2597 1122,2600"/>
                <Baseline points="1127,2621 1169,2621 1211,2622 1253,2622 1295,2622 1337,2622 1379,2622 1421,2622 1463,2622 1505,2622 1547,2621 1589,2621 1631,2621 1673,2621 1715,2621 1757,2621 1799,2621 1841,2621 1883,2621 1926,2622"/>
                <TextEquiv>
                    <Unicode>versali signo omnia, alterum in verbis factendi &amp; condendi. Nomen</Unicode>
                </TextEquiv>
            </TextLine>
            <TextLine id="r1l153" custom="readingOrder {index:74;}">
                <Coords points="1134,2665 1925,2665 1914,2630 1134,2633"/>
                <Baseline points="1140,2657 1179,2657 1218,2657 1257,2658 1296,2658 1335,2658 1374,2658 1413,2657 1452,2657 1491,2657 1530,2657 1569,2656 1608,2655 1647,2655 1686,2655 1725,2655 1764,2655 1803,2655 1842,2655 1881,2655 1920,2655"/>
                <TextEquiv>
                    <Unicode>aniversale omnia, negant referri debere ad visibilia haec, veluti coelum,</Unicode>
                </TextEquiv>
            </TextLine>
            <TextLine id="r1l155" custom="readingOrder {index:75;}">
                <Coords points="1119,2701 1895,2700 1919,2667 1119,2669"/>
                <Baseline points="1124,2688 1163,2690 1203,2690 1242,2690 1282,2691 1321,2691 1361,2691 1400,2691 1440,2690 1479,2690 1519,2690 1558,2690 1598,2689 1637,2688 1677,2688 1716,2688 1756,2688 1795,2688 1835,2688 1874,2688 1914,2690"/>
                <TextEquiv>
                    <Unicode>terram, mare, stellas, plantas, animalia, &amp;c. sed tantum ad bonos An¬</Unicode>
                </TextEquiv>
            </TextLine>
            <TextLine id="r1l157" custom="readingOrder {index:76;}">
                <Coords points="1128,2740 1895,2735 1924,2733 1924,2693 1128,2706"/>
                <Baseline points="1133,2724 1172,2724 1211,2724 1250,2724 1290,2724 1329,2723 1368,2723 1408,2723 1447,2723 1486,2723 1526,2721 1565,2721 1604,2721 1643,2721 1683,2721 1722,2721 1761,2721 1801,2721 1840,2721 1879,2722 1919,2723"/>
                <TextEquiv>
                    <Unicode>gelos &amp; electos homines. Deinde facere &amp; condere, hic idem esse</Unicode>
                </TextEquiv>
            </TextLine>
            <TextLine id="r1l159" custom="readingOrder {index:77;}">
                <Coords points="1125,2771 1918,2776 1935,2740 1125,2741"/>
                <Baseline points="1130,2756 1172,2756 1214,2756 1256,2756 1298,2756 1340,2756 1382,2756 1424,2756 1466,2756 1508,2756 1550,2756 1592,2756 1634,2756 1676,2756 1718,2757 1760,2757 1802,2757 1844,2757 1886,2757 1929,2757"/>
                <TextEquiv>
                    <Unicode>quod recreare renovare, restaurare, reconciliare, ut saepe in Scripturis,</Unicode>
                </TextEquiv>
            </TextLine>
            <TextLine id="r1l161" custom="readingOrder {index:78;}">
                <Coords points="1133,2796 1610,2807 1610,2768 1134,2773"/>
                <Baseline points="1139,2787 1164,2789 1190,2789 1216,2789 1242,2790 1268,2790 1294,2790 1320,2790 1346,2790 1372,2789 1397,2789 1423,2789 1449,2789 1475,2789 1501,2789 1527,2790 1553,2790 1579,2791 1605,2792"/>
                <TextEquiv>
                    <Unicode>velut 1. Cor. 8. Ephes. 2. Ephes 3. 2. Cor. 7.</Unicode>
                </TextEquiv>
            </TextLine>
            <TextLine id="r1l163" custom="readingOrder {index:79;}">
                <Coords points="1150,2831 1899,2833 1926,2827 1926,2797 1150,2798"/>
                <Baseline points="1155,2822 1193,2823 1231,2823 1269,2823 1308,2823 1346,2823 1384,2823 1422,2823 1461,2823 1499,2822 1537,2822 1575,2822 1614,2822 1652,2822 1690,2822 1728,2820 1767,2820 1805,2820 1843,2820 1881,2822 1920,2822"/>
                <TextEquiv>
                    <Unicode>RESP. In constituenda prima homonymia in nomine omnia</Unicode>
                </TextEquiv>
            </TextLine>
            <TextLine id="r1l165" custom="readingOrder {index:80;}">
                <Coords points="1134,2863 1927,2862 1916,2835 1828,2827 1134,2832"/>
                <Baseline points="1139,2855 1178,2855 1217,2855 1256,2856 1295,2856 1334,2856 1373,2856 1413,2856 1452,2856 1491,2856 1530,2855 1569,2855 1608,2855 1647,2855 1687,2855 1726,2853 1765,2853 1804,2853 1843,2853 1882,2853 1922,2852"/>
                <TextEquiv>
                    <Unicode>contradicunt Paulo; qui Coloss. 1. v. 16. expresse ait; per Christum con¬</Unicode>
                </TextEquiv>
            </TextLine>
            <TextLine id="r1l167" custom="readingOrder {index:81;}">
                <Coords points="1129,2895 1885,2906 1931,2895 1931,2864 1129,2865"/>
                <Baseline points="1134,2886 1173,2886 1213,2888 1252,2888 1292,2888 1332,2888 1371,2888 1411,2889 1450,2889 1490,2889 1530,2889 1569,2889 1609,2889 1648,2889 1688,2889 1728,2888 1767,2888 1807,2888 1846,2888 1886,2888 1926,2888"/>
                <TextEquiv>
                    <Unicode>dita sunt omnia quae in coelis sunt &amp; quae in terra, visibilia &amp; invisibi¬</Unicode>
                </TextEquiv>
            </TextLine>
            <TextLine id="r1l169" custom="readingOrder {index:82;}">
                <Coords points="1134,2931 1158,2931 1160,2935 1167,2933 1171,2929 1196,2930 1197,2904 1192,2904 1188,2900 1162,2902 1157,2897 1153,2899 1147,2895 1135,2897"/>
                <Baseline points="1139,2919 1165,2921 1191,2921"/>
                <TextEquiv>
                    <Unicode>lia, &amp;c.</Unicode>
                </TextEquiv>
            </TextLine>
            <TextLine id="r1l171" custom="readingOrder {index:83;}">
                <Coords points="1158,2963 1921,2967 1930,2924 1158,2933"/>
                <Baseline points="1163,2954 1201,2954 1239,2954 1277,2954 1315,2954 1353,2954 1391,2954 1429,2954 1467,2954 1505,2954 1544,2954 1582,2954 1620,2954 1658,2954 1696,2954 1734,2954 1772,2954 1810,2955 1848,2955 1886,2955 1925,2955"/>
                <TextEquiv>
                    <Unicode>In secunda homonymia manifeste falluntur volentes, facere &amp;</Unicode>
                </TextEquiv>
            </TextLine>
            <TextLine id="r1l173" custom="readingOrder {index:84;}">
                <Coords points="1140,2996 1927,3002 1928,2969 1140,2960"/>
                <Baseline points="1145,2988 1183,2988 1222,2987 1261,2987 1300,2987 1339,2987 1378,2988 1416,2988 1455,2988 1494,2988 1533,2988 1572,2988 1611,2988 1650,2988 1688,2988 1727,2988 1766,2988 1805,2988 1844,2988 1883,2988 1922,2988"/>
                <TextEquiv>
                    <Unicode>creare hic idem esse quod regenerate, reconciliare, restaurare. Cer¬</Unicode>
                </TextEquiv>
            </TextLine>
            <TextLine id="r1l175" custom="readingOrder {index:85;}">
                <Coords points="1131,3033 1879,3032 1879,3004 1838,2995 1131,2999"/>
                <Baseline points="1136,3021 1172,3021 1209,3020 1246,3020 1283,3020 1320,3020 1357,3020 1394,3020 1431,3021 1468,3021 1505,3021 1541,3021 1578,3021 1615,3021 1652,3021 1689,3021 1726,3021 1763,3021 1800,3021 1837,3021 1874,3021"/>
                <TextEquiv>
                    <Unicode>tum est autem non esse idem, ut sequentia argumenta ostendunt,.</Unicode>
                </TextEquiv>
            </TextLine>
            <TextLine id="r1l177" custom="readingOrder {index:86;}">
                <Coords points="1165,3061 1172,3061 1173,3060 1182,3064 1185,3062 1190,3062 1190,3031 1185,3031 1184,3030 1182,3031 1180,3029 1179,3030 1176,3027 1173,3029 1172,3028 1165,3029"/>
                <Baseline points="1170,3053 1185,3053"/>
                <TextEquiv>
                    <Unicode>I.</Unicode>
                </TextEquiv>
            </TextLine>
            <TextLine id="r1l178" custom="readingOrder {index:87;}">
                <Coords points="1194,3057 1928,3071 1940,3024 1194,3039"/>
                <Baseline points="1199,3053 1235,3053 1272,3053 1309,3053 1346,3053 1382,3054 1419,3054 1456,3054 1493,3054 1529,3054 1566,3054 1603,3054 1640,3054 1676,3054 1713,3054 1750,3054 1787,3054 1823,3054 1860,3054 1897,3054 1934,3054"/>
                <TextEquiv>
                    <Unicode>Regeneratio, reconciliatio &amp; restauratio est duntaxat eorum qui¬ </Unicode>
                </TextEquiv>
            </TextLine>
            <TextLine id="r1l180" custom="readingOrder {index:88;}">
                <Coords points="1129,3101 1154,3106 1200,3093 1294,3106 1312,3094 1331,3102 1345,3094 1370,3098 1371,3072 1327,3072 1311,3062 1245,3072 1200,3058 1130,3061"/>
                <Baseline points="1134,3083 1159,3084 1185,3086 1211,3087 1236,3087 1262,3087 1288,3087 1313,3087 1339,3088 1365,3089"/>
                <TextEquiv>
                    <Unicode>Christum agnoscunt.</Unicode>
                </TextEquiv>
            </TextLine>
            <TextLine id="r1l182" custom="readingOrder {index:89;}">
                <Coords points="1167,3129 1892,3136 1925,3127 1925,3091 1167,3103"/>
                <Baseline points="1172,3119 1209,3119 1246,3119 1284,3119 1321,3119 1359,3119 1396,3120 1433,3120 1471,3120 1508,3120 1546,3120 1583,3120 1620,3120 1658,3120 1695,3120 1733,3120 1770,3120 1807,3120 1845,3120 1882,3120 1920,3119"/>
                <TextEquiv>
                    <Unicode>At hoc creatio est etiam eorum qui Christum non cognoverunt: sicu¬</Unicode>
                </TextEquiv>
            </TextLine>
            <TextLine id="line_1611509158165_5026" custom="readingOrder {index:90;}">
                <Coords points="1122,3169 1928,3166 1913,3127 1122,3125"/>
                <Baseline points="1127,3152 1138,3153 1179,3153 1220,3154 1262,3155 1303,3155 1344,3155 1385,3155 1427,3156 1468,3156 1509,3156 1550,3156 1592,3156 1633,3156 1674,3155 1715,3155 1757,3155 1798,3155 1839,3153 1880,3153 1922,3153"/>
                <TextEquiv>
                    <Unicode>expresse dicitur Joh. 1. vers. 10. Mundus per eum factus est, &amp; mundus</Unicode>
                </TextEquiv>
            </TextLine>
            <TextLine id="r1l186" custom="readingOrder {index:91;}">
                <Coords points="1124,3201 1161,3202 1181,3192 1210,3193 1221,3204 1231,3197 1311,3205 1321,3197 1342,3196 1343,3171 1286,3173 1239,3163 1213,3171 1151,3167 1125,3173"/>
                <Baseline points="1130,3186 1155,3185 1181,3185 1207,3185 1233,3186 1259,3186 1285,3188 1311,3188 1337,3189"/>
                <TextEquiv>
                    <Unicode>eum non cognozit.</Unicode>
                </TextEquiv>
            </TextLine>
            <TextLine id="r1l188" custom="readingOrder {index:92;}">
                <Coords points="1171,3234 1732,3245 1835,3232 1835,3189 1171,3195"/>
                <Baseline points="1176,3222 1208,3222 1241,3222 1274,3222 1306,3222 1339,3222 1372,3222 1404,3222 1437,3222 1470,3222 1503,3222 1535,3222 1568,3222 1601,3222 1633,3222 1666,3221 1699,3221 1731,3221 1764,3221 1797,3219 1830,3219"/>
                <TextEquiv>
                    <Unicode>Haec ergo creatio non est regeneratio, reconciliatio, restauratio</Unicode>
                </TextEquiv>
            </TextLine>
            <TextEquiv>
                <Unicode>INSTANT &amp; esse apostrophen ad Patrem his rationibus ni¬
cuntur probare: primo quia alioqui pugnaret Paulus cum Symbolo
Apostolorum, ubi Pater solus dicitur creator coeli &amp; terrae. Si cundo,
pugnaret cum Christo, qui saepissime Patrem suum vocat creatorem
coeli &amp; terrae Matth. 11. Confiteor tibi Pater coeli &amp; terrae. Tertio, quis
pugnaret secum, qui jam dixit, secula esse facta per Filium: non ergo
Filius condidit coelum, sed per Filium Pater. Quarto, quia inepte con¬
ferret Filium cum Angelis, si Filius esset creator: cum inter creatorem
&amp; creaturam nulla sit comparatio¬
RESP. Quatuor rationibus probatur, esse hic apostrophen ad
Patrem: sed omnes sunt falsae. Prima est falsa: quia in Symbolo¬
Apostolico non sic profitemur, Credo in Deum Patrem, qui S o¬
LUS est creator coeli &amp; terrae. Particulam SOLUS Samosateniam
de suo addiderunt. Opera divinitatis ad extra, hoc est, ea quae Deus
extra essentiam suam facit, sunt indivisa, hoc est, communia tribus
personis, nempe quoad ipsam operationem seu effectionem, quae est
trium personarum una &amp; eadem: sicut &amp; ipsum opus. Distincta au¬
tem sunt quoad efficiendi ordinem &amp; modum. Omnes igitur perso¬
nae Deitatis creant, sed servato hoc ordine &amp; modo in operando, ut 
Pater creet a se, per Filium &amp; Spiritum: Filius a Patre: Spiritus San¬
ctus a Patre &amp; Filio. Tribuitur igitur Patri creatio, sed 1. non soli. 2.
quia fons est divinarum operationum, proinde &amp; creationis:
Secunda ratio etiam est falsa: Non enim dicit Christus, Conf¬
teor tibi Pater, qui solus es creator coeli &amp; terrae. Deinde quae haeo
est consequentia: Pater est creator coeli &amp; terrae: Ergo solus est crea¬
tor coeli &amp; terrae? Cur non etiam: Filius est redemtor: Ergo solus est,
redemtor? Spiritus Sanctus est sanctificator: Ergo solus est sanctifi¬
cator.
Tertia ratio etiam falsa est: non enim pugnant haec; Per Filium
sunt creata secula: &amp; Filius creavit secula. Quia de Filio non tantum
asurpatur praepositio Per, sed etiam absolute de ipso loquitur Scri¬
ptura citra praepositionem illam, ut Johan. 5. v. 17. Pater meus hucus¬
que operatur, &amp; ego operor: &amp; v.19. Quaecunque Patir facit, haec etiam
Filius similiter facit.
Quarta ratio est itidem falsa. Nam inter creatorem &amp; creaturam
nonne est comparatio inaequalitatis seu imparitatis? nonne creatu¬
rae minores &amp; inferiores sunt creatore? Inter creatorem igitur &amp;
creaturam, infinitum &amp; finitum est comparatio &amp; non est: Est,
quoad inaequalitatem, nam res creata &amp; finita est minor increa¬
ta &amp; infinita: &amp; non est, quoad aequalitatem, nam res creata &amp; in¬
finita non est aequalis &amp; par increatae &amp; infinitae, multo minus ma¬
jor. Ad hoc ipsum propositum est Paulo probare, Christum supra
omnes Angelos eminere, vel ut verbis Apostoli utar ex versu a
Tanto praestantiorem factum Angelis, quanto excellentius prae illis
sortitus est nomen. Nonne his verbis sit comparatio majoris &amp; mi¬
norum:
Depulsi ab hac instantia, contendunt, etiamsi de Filio haec verba
dicerentur: tamen fore homonymiam in verbo creandi, quo in iste
Apostoli loco significetur nova creatio seu regeneratio. 
RESP. in hoc Apostoli loco non significatur nova creatio seu
regeneratio: idque ostendunt ipsa Apostoli verba dupliciter. Nam
primo creationem hanc diserte refert ad Coelum &amp; terram. Ait enim
Apostolus: Tu in initio Domine terram fundasti &amp; opera manuam
tuarum sunt coeli. Hinc ita colligimus:
Regeneratio non est creatio coeli &amp; terraes
Creatio de qua hic Apostolus loquitur, est creatio coeli &amp; terrae:
Creatio igitur de qua hic Apostolus loquitur, non est regeneratio
Secundo idem probat, quod expresse dicit, in initio. Unde sic argui¬
mus.
Regeneratio non est facta in initios
At creatio haec est facta in initios
Ergo creatio haec non est regeneratio
Pergunt Samosateniani &amp; dicunt; Per coelum &amp; terram intelligi An¬
gelos &amp; homines electos qui sunt in coelo &amp; in terra¬
RESP. Falsum hoc est: nam mox de coelis addit Apostolus: Ipsi
peribunt; at angeli &amp; electi homines non peribunt. Ergo angeli &amp; ele¬
cti homines per coelum &amp; terram non intelliguntur. 
Intelleximus quid excipiant ad testimonium ex capit. 1. ad Hebr
Ad testinionia ex capite 1. Johannis &amp; capit. 1. epist. ad Colossenset
excipiunt, ea intelligenda non de prima creatione omnium, sed de se¬
cunda creatione seu renovatione omnium electorum, qui sunt in coe¬
lo &amp; in terra. Duplicem ergo homonymiam statuunt: unam in uni¬
versali signo omnia, alterum in verbis factendi &amp; condendi. Nomen
aniversale omnia, negant referri debere ad visibilia haec, veluti coelum,
terram, mare, stellas, plantas, animalia, &amp;c. sed tantum ad bonos An¬
gelos &amp; electos homines. Deinde facere &amp; condere, hic idem esse
quod recreare renovare, restaurare, reconciliare, ut saepe in Scripturis,
velut 1. Cor. 8. Ephes. 2. Ephes 3. 2. Cor. 7.
RESP. In constituenda prima homonymia in nomine omnia
contradicunt Paulo; qui Coloss. 1. v. 16. expresse ait; per Christum con¬
dita sunt omnia quae in coelis sunt &amp; quae in terra, visibilia &amp; invisibi¬
lia, &amp;c.
In secunda homonymia manifeste falluntur volentes, facere &amp;
creare hic idem esse quod regenerate, reconciliare, restaurare. Cer¬
tum est autem non esse idem, ut sequentia argumenta ostendunt,.
I.
Regeneratio, reconciliatio &amp; restauratio est duntaxat eorum qui¬ 
Christum agnoscunt.
At hoc creatio est etiam eorum qui Christum non cognoverunt: sicu¬
expresse dicitur Joh. 1. vers. 10. Mundus per eum factus est, &amp; mundus
eum non cognozit.
Haec ergo creatio non est regeneratio, reconciliatio, restauratio</Unicode>
            </TextEquiv>
        </TextRegion>
    </Page>
</PcGts>
