2063 3484
250 146 1043 198 QUA RTUM Argumentum Deitatis Christi ducimus ab attri¬
215 189 721 235 buri: soli vero natura Deo competentibus.
254 213 1018 264 Qui est aeternus, omnipotens, ubique praesens, omniscius, in quem
221 258 1010 305 credendum, in cujus nomen baptizamur, qui est invocandus ab An¬
238 287 1010 332 telis & hominibus & in secula laudandus, cui religiosa servitute ser¬
219 317 1019 368 viendum, cujus propria est Ecclesia, qui tentatus est a populo Israeli¬
229 355 1009 402 tico in deserto, cujus gloriam vidit Jesaias cap. 6. versic. 1. cui praepa
228 388 1022 435 tranda fuit via in deserto a voce clamante Jesa. 40. vers. 3. qui factus
220 421 1025 464 est lapis offendiculi Judaeis Jesa. 8. vers. 24. qui aestimatus est a Judaeis
225 452 1021 505 triginta argenteis Zach. 11. v. duodec, & decimoter. qui est is ad quem
234 486 1011 531 respicient quem transfixerunt Zach. 12. v. 10. qui est is cui flectetur o
230 529 1013 565 mne genu Jes. 45. v. 23. cujus domus fuit templum Jerosolymitanum
231 554 1022 607 Jes. 56. 5. 7. qui vestes habet sanguine respersas eo quod torcular cal¬
229 596 1025 638 cavit solus Jesa. 63. 1, 2, 3. qui sedet ad dexteram Dei: is verus est: a¬
229 625 1028 671 tura Deus. Cui enim tribuuntur propria attributa veri Dei natura,
231 656 700 704 eum esse verum Deum natura necesse est.
271 684 1028 735 At Filius Dei est aeternus, omnipotens, ubique praesens, omnisci¬
229 730 1031 770 us, in eum est credendum, in ejus nomen baptizamur, est invocandus
243 760 1025 802 ab Angelis & hominibus, ei religiosa servitute serviendum, ejus
231 789 1028 839 propria est Ecclesia, ipse tentatus est a populo Isr: elitico in desertos
231 825 1027 868 eju; gloriam vidit Jesaias, ipsi praeparata est via a voce clamante in
241 858 1034 903 deserto, ipse factus est lavis offendituli Judaeis, appretiatus ab iisdem
235 899 1034 933 triginta atgenteis ad ipsum resp cient quem transfixerunt, ei flecti¬
238 923 1021 969 tur omne genu, ipsius domus fiut templum Jerosolymitanum, ipse in
246 963 1027 1004 dutus est vestibus sanguine respersis eo quod torcular calcavit solus
250 1001 282 1035 &c.
285 1017 724 1069 Ergo Filius Dei est natura verus Deus.
279 1055 1035 1114 Assumtio itidem multis membris constat, quae ordine singula pro¬
253 1093 359 1139 babimus
294 1122 1028 1171 . Quod Christus Filius Dei sit aeternus, patet primo; quia est Al
257 1158 1025 1203 pha & Omega, principium & finis, primus ille & ultimus ille, quemao
256 1196 1034 1231 modum ipsemet testatur Apocal 1. 8. Ego sum Alpha & Omega, prin¬
258 1226 1033 1268 cipium & sinis, dicit Dominus, Qui est & qui erat & qui venturus est
255 1264 1043 1299 ille omnipotens. Et ne quis neget de Jesu Christo haec dicta esse, mox
261 1295 1036 1330 idem multo expressius de se ait v. 17, 18. Ego sum primus ille & ultimus
255 1325 1044 1364 ille: & qui vivo, sed fui mortuus, & ecce vivo in sacula seculorum, Amen.
262 1358 1037 1398 Similiter c. 22. 13. Ecce venio cito: & merces mea mecum est, ut reddam
258 1397 1040 1436 unicuique prout opus ipsius erit: Ego sum Alpha & Omega, principium
258 1424 1034 1468 & finis, primus & ultimus. Sic ostendit, se esse Jehovam qui Jesa. 41.
264 1463 385 1506 4. loquitur
286 1491 1039 1536 Deinde idem patet ex his testimoniis, Proverb. 8. 22. & sequenti
252 1524 1040 1562 bus, ubi ait Filius Dei qui est aeterna Dei sapientia: Iehova possedit
258 1557 1043 1594 me principto viae suae, ante opera sua, ante ullum tempus. Ante seculum
255 1597 1045 1633 inuncta fui, ante principium, ante primordia terrae. Quum nullae esseat.
255 1630 1042 1668 abyssi, genita sum: quum aulli essent fontes graves aquis, &c Joh. 1. v. 1.
265 1656 1049 1699 In principio erat Sermo ille: Unde sic colligimus: Qui in principic
255 1692 1040 1732 mundi non coepit demum esse, sed jam tum ERAT, jam tum subsi
264 1727 1043 1769 stebat; is profecto est ab aeterno. At Sermo ille in principio mund
261 1761 1040 1808 non coepit demum esse, sed jam tum ERAT, jam tum subsistebat: Er¬
264 1789 577 1842 go Sermo ille est ab aeteruo.
298 1815 1052 1861 Objicitur I. Qui hat et principium, non est aternus: Filius habet
261 1859 634 1905 principium Ergo non est aternus.
295 1886 1042 1927 RESP. Major est distinguenda: Qui habet principium, nemp.
264 1921 1055 1959 essentiae & temporis. i; non est aeternus: At Filium habere principium
255 1961 1051 2002 essentiae & temporis negatur: habet enim tantum persone principium
264 1994 685 2034 quod est Pater. & ordinis principium
295 2018 1047 2058 Objicitur II. Srmo cum demum coepit, quum Deus in mundi
261 2055 854 2091 creatione locutus est: Filius Dei est Sermo illi: Ergo: &c.
285 2085 1040 2133 RESP. Majorem negamus: neque enim quia manifestari aliqui
259 2125 1056 2165 certo tempore in ipit, colligendum propterea erat, nunquam prius
255 2155 1051 2190 fuisse. In mundi creatione patefacere se coepit Sermo ille, non demum
262 2190 1049 2227 exsistere. Quin potius ex eo quod dicente Deo, Fiat lux, statim illa
260 2225 1039 2260 emersit in ipso momento, quo illud Deus dixit, sequitur Sermonem
257 2251 1042 2298 illum, per quem lux creata est, multo ante fuisse, & extra tempori¬
262 2285 707 2322 initium apud Deum perpetuo resedisse
285 2316 1049 2356 II. Quod Filius Dei sit omnipotens, dicitur Apoc. I. v. 8. Ego sum
257 2356 1042 2388 A & ζe, principiu & finis, dicit Dominus, qui est & qui erat & qui ven¬
262 2388 1022 2424 turus est, ille omnipotens. Heb. 1. 3. Qui fert omnia verbo potentiae suae.
298 2420 1039 2456 III. Quod sit ubique praesens, liquet ex his locis. Joh. 3. v. 13. Ne
258 2451 1081 2497 mo adscendit in caelum, nisi qui descendit de caelo, Filius hominis qui est in
256 2484 1046 2529 caelo. Matth. 18. vers 20. Ubicunque duo aut tres coacti sunt in nomine
259 2523 1057 2562 meo, illic sum in medio eorum. Et cap. 28. ver. 20. Ecce ego vohiscum sum
257 2553 1042 2598 omnibus diebus usque ad consummationem seculi, Amen. Joh. 14. 23.
264 2584 1057 2625 Si quis diligit me, sermonem meum servabit, & Pater meus diliget eum
270 2619 1067 2674 & ad eum veniemus & apud cum mausionem faciemus. Eph. 3. 17. Vt
268 2652 779 2689 mhabitet Christus per fidem in cordibus vestris.
298 2686 1056 2732 IV. Quod sit omniscius, dicitur Joh. 2. 24. Ipse autem Iesus non
257 2721 1052 2762 credehat semetipsum eis eo quod ipse nosset omnes. Et cap 5. v. 42. Sed vos
274 2753 1055 2795 tovi charitatem Dei non habere in vobis. Et 16. 30. Nunc scimus quod
267 2781 1061 2824 scias omia. Et 18. 4. Iesus itaque sciens omnia quae ventura erant super
263 2819 1058 2865 se. Luc. 6. v8. Ipse sciebat cogitationes eorum. Joh. 21. v 17 Dixit Petrus.
268 2846 647 2885 ad Jesum, Domine tu omnia nosti¬
304 2885 1046 2927 V. Quod in ipsum sit credendum, ostenditur Joh. 3. v. 36. Qui cro
270 2907 1051 2958 dit in Filium habet vitam aternam. Et 6. v. 19. Hoc est opus Dei, ut cre
271 2947 1051 2991 datis ineum quem misit ille. Et cap. 12. 36. Dum lucem habetis, credit
276 2976 1055 3027 in lucem, ut filit lucis fiatis. Et 14. v. 1. Ne turbator cor vestrum: creditis
283 3014 594 3051 in Deum, atiom in me credite
300 3041 1055 3094 VI. Quad in Filii nomen baptizemur, ostenditur Matth. 28. 19.
282 3069 1058 3128 Euntes ergo docete omnes genies, baptizantes eos in nomen Patris & Filis.
279 3107 472 3146 & Spiritus Sancti
312 3142 1062 3192 VII. Quod Christus sit invocandus ab Angelis & hominibus,
279 3172 1052 3234 manifestum est ex mandatis & exemplis. Hebr. 1. 6. Quum induci¬
1060 137 1879 198 primogenitum in orbeus terrarum, edicis, Et adoront δυi ἐηηος Angeii
1074 180 1883 220 Dei. Eum invocavit Jacobus Patriacha Gen. 48.16. Angeus illeajus
1077 217 1876 254 vendicat me ab omntm ilo, benidirot puerus istis. Adoratus est a Davi¬
1072 252 1872 287 de Psalm. 45. & 10 teste Paulo Hebr. 2. Actorum 7. 59. Lapidarum
1075 287 1884 329 Stephanum, invocantem & dicentem, Domine Iesu, sustpe ffiritum
1075 319 1883 354 meum. Apoc. 22. 20 Ient Domine Iesu. Rom. 9. vers. 5. dicit Paulus de
1077 352 1885 396 Christo, quod sit supra omnes Deus benedictus in secula, Amen. 2. Petr.
1074 385 1337 428 3. 18. Apocal. 5. v. 12, 13.
1110 410 1877 453 VIII. Quod Christo Filio Dei religiosa servitute sit serviendum
1080 451 1877 489 manifestum est ex sequentibus testimoniis, Gen. 49. v. 10. Non desu
1078 487 1879 525 stet::eptrum a luda, neque Legslator e medio pedum eius, usque dum
1084 521 1878 553 vent:tus erit filius eius, & erit ei obedientia populorum. Psalm. 2. v. 12.
1093 552 1880 591 sculamini Filium ut non irascatur ut pereatis in via, quum exarseri¬
1074 585 1889 620 vel minimum ira eius: beati omnes qui confidunt in eo, Matth. 17. 5. Pa¬
1086 620 1885 653 ter e caelo dixit, Hic est Filius ille meus dilectus ille in quo acquiesco,
1086 651 1893 685 Hunc audite. Rom. 15. 12. Erit radix Iesse & qui exsurgat ad emperan¬
1086 685 1891 726 dum Gentibus, in ipio Gentes sperabunt. Hinc Paulus Galat. 1. v. 10 &
1096 720 1896 762 passim se profitetur esse servum Jesu Christi. Ac certe nos Christiani
1087 757 1886 793 religiosa servitute non servimus isi natura vero Deo, alioquin nihi
1087 786 1892 827 differremus a Gentibus, quae ut Paulus testatur Galat. 4 v. 8. servie¬
1093 822 1886 860 cunt iis qui non sunt natura dii. Eodem pertinet, quod Filius Dei si
1084 860 1892 900 absulute Tominus Angelorum, cui Angeli ministrant, a quo mit¬
1084 885 1895 926 tuntur exsequendorum mandatorum ejus causa, cui rationes red¬
1097 922 1892 967 dunt Zachar. 1v. 10, 11, & cap. 3. v. 4 5. Joh. 1. 51. Matth. 4 v. 11 quod
1090 956 1898 1005 sit Dominus Davidis Psalm. 110. 1. Matth. 12. 43, 44, 45. quod dili¬
1089 988 1891 1035 gendus supra omnia Matth. 10. 37. Quiamat Patrem aut mutrem su¬
1090 1029 1892 1066 prae me, non est me dignus: & qui amat fiium aut filiam supra me, non
1097 1055 1898 1101 est me dignus: quod non tentandus 1. Co1. 10. v. 9. neque tentemus Chri¬
1093 1092 1895 1124 sium: quod ipsi gratiae religiose agendae 1. Tim. 1. 12. Gratiam illi ha¬
1089 1124 1898 1162 beo, qui corrobora cit me, Christo Iesu Domino nostro: quod me fidum du¬
1097 1157 1900 1197 xerit, ut qui me in ministerio constitucrit: quod in ipsius nomine juran¬
1102 1192 1715 1232 dum, Rom. 9. 1. Veritatem dico in Christo, non mentior
1131 1219 1891 1269 IX. Quod Filii Dei propria sit Ecclesia, planum est ex sequenti
1106 1260 1898 1299 bus, Matth. 1. v. 21. Pariet autem filium, & vocabis nomen eius Iesum.
1110 1290 1891 1333 ipse enim liberabitPOPULUM SUUM a peccatis ipsorum. Act. 20.
1101 1324 1898 1364 v. 28. Attendite igitur animum ad veos ipsos & totum gregem in quo vos
1105 1360 1907 1398 Sciritus Sanctus constituit Episcopos, ad pascendam Ecclesiam Dei, quam
1110 1400 1904 1433 uo illo proprio sanguine atquisivit. Hebr. 3. ver. 6. Christus ut filius do¬
1096 1428 1907 1467 mui suae praeest, cuius domus sumus nos. Huc pertinet, quod Filius Dei
1095 1460 1903 1498 est sponsus & matitus Ecclesiae, Psal. 45. v. 10. Collocata est coniunx ad
1101 1491 1904 1529 dexteram tuam. Johan. 3. v. 29. Qui habet sponsam, sponsus est: amicus
1111 1526 1894 1571 autem sponsi qui stat & audit eum, gaudio gaudet propter vocem sponsit
1111 1564 1895 1597 hoc ergo gaudium meum impletum est. 2. Cor 11 v. 2. Aptavi enim vos:
1117 1589 1906 1630 ques uni viro, ut virginem puram sistam, nempe Christo. Hoc Scriptura
1101 1627 1907 1665 Sacra soli vero Deo vendicat. Jer. 3. v. 9. Revertimini siliu aversantes,
1104 1661 1893 1705 dicit Iehova, nam ego coniugio tunctus sum vobis. Hose. 2. v. 19. ait Jes
1107 1690 1894 1738 hova ad Ecclesiam: Despon abo te mihi in saculum, desponsabo te, in¬
1101 1729 1777 1771 quam, mihi, iusitu: a, indicioque & benionitate ac misericordia.
1144 1755 1901 1799 X. Quod Christus Filius Dei sit tentatus a populo Israelitico in
1101 1787 1903 1826 deserto, testis est Paulus 1. Cor. 10 9. Nequo tentemus Christum, sicut
1104 1829 1901 1868 quidam eorum centarunt, & a serpentibus perierunt. At Numer. 21. v. 5.
1107 1860 1909 1906 7. Psalm. 78 v. 17, 18, 19 & Ps. 95. v. 8. & 9. Ps. 106. 32. narratur quod
1116 1895 1607 1936 rehovam Deum suum Israelitae tentaverint
1137 1931 1903 1978 XI. Quod Filii Dei gloriam viderit Jesaias in visione quae capite
1098 1960 1901 2009 sexto describitur, testatur Johannes cap. 12 v. 39. 10, 41. Propterea non
1107 2005 1897 2042 poterant credere, quia iterum dixit Iesatai; Excaecavit oculos corum, &
1101 2044 1889 2080 obduravit corda corum: ne videant oculis & sint intilligentas corde, &
1101 2070 1904 2109 sese convertant, & sanem cos. Haec dixit Iesaias, quando vidit gloriam
1098 2106 1904 2147 etus, & locutus est de eo. Is, cujus gloriam Jesaias in visione capitis sexti¬
1110 2134 1910 2178 vidit, est Jehova Deus Israelis: At Christi Filii Dei gloriam Jesaias in
1110 2172 1909 2223 visione capitis sexti vidit: Ergo Christus Filius Dei est Jehova Deus
1108 2200 1197 2248 Israelis.
1125 2246 1901 2290 XII. Quod Christo Filio Dei praepatanda fuerit via in deserte
1106 2270 1898 2322 a voce clamante, de qua Jesaiae capite quadragesimo, versu tertio prae
1113 2314 1900 2348 dictum erat, docetur Matth. 3. v. 3 Marc. 1. v. 1. 2, 3. Luc. 1. v. 16. 17. 75.
1107 2344 1914 2395 Et capite 3. v. 4. Johan. 1. vers. 23. 26, 17, 29, 30, 31, 32, 33. 34. Atqui is
1108 2381 1906 2426 cui praepatanda fuerat via in deserto a voce clamante est Dominus
1104 2413 1263 2454 Deus Israelis
1136 2445 1906 2490 XIII. Quod Christus Filius Dei factus sit lapis offendiculi Ju¬
1113 2477 1899 2527 daeis, testatur Simeon ille Justus, qui Lucae 2. ver. 34. de ipso ait: Ecce¬
1106 2512 1914 2559 positus est iste in cusum & resurrectionem multorum in Isra:& in si¬
1107 2550 1907 2588 gnum cui contradicitur. Idem de Christo dicit Paulus Rom. 6 vers. 31.
1107 2584 1903 2622 32, 33 & Petrus prima epist. 2. v. 3. 4, 5, n, 7, 8. Atqui is, qui est in lapi¬
1106 2616 1910 2659 dem allisionis & in rupem offensionis ambabus domibus Israelis, est
1123 2653 1904 2687 ehova exercituum, ut videre est Jesa. 8. vers. 13, 14, 15. Iehovam exer¬
1105 2682 1919 2727 cituum ipsum sanctificate, & ipse sit timori vobis, idemque sit pavori
1110 2716 1900 2753 vobis; Et erit sanctificationi vobis: in lopidem autem allisionis & in ru¬
1108 2748 1907 2787 pem ejjinsionis ambalius demibus Israeiis, in laqueum & ii, tendiculum
1110 2778 1905 2828 habitatori I. rosolymorum: In quae offendunt multi; & cadentes confrin¬
1113 2817 1912 2864 gantur ut irretiti copiantur. Christum Filium Dei esse lapidem il¬
1104 2851 1912 2882 lum, planum est etiam ex Jesaiae capite vigesimooctavo, vers decimo¬
1120 2882 1912 2917 exto, ubi ait Dominus Deus: Ecce igo sundamenturs, posui in Tziu no
1115 2911 1912 2948 lapideas, lapidem prohationis, angularam, pretiosum, frindat:onem sun¬
1110 2947 1913 2992 datissimam, qui credit, non praefestinabit. Quo pertinet quod dicitur
1116 2980 1907 3018 Psalm. 118 22. Quem lapidem ssrezerant ftructores, is est in caput an¬
1120 3015 1913 3060 guli. Et Actor 4 v. 11. Hic est lapis ille pro nihilo habitus it vobis aedifi¬
1110 3052 1907 3081 cantibus, qui fioclus est caput angult. Eph. 2. v. 20, 21. imus angulari.
1117 3078 1922 3114 lapis est Iesus Christius, in quo totum aedificium congruenter coagmenta¬
1107 3116 1624 3157 tum, crescit at sit templunt sauctum Domino.
1146 3148 1910 3194 XIV Quiid Christus Filius Dei aestimatus sita Judaeis triginta
1113 3192 1912 3233 argenteis, docut Matt. 26. v. 15. Quum enim Judas Iscatiotes venis¬
