2063 3407
265 157 908 211 Theoremata quaedam de Filii Dei generatione di¬
498 201 709 242 vina ac aterna.
229 243 986 292 I. Filius Dei genitus est non ab essentia divina simpliciter, sed a
202 287 983 330 persona Patris: ideo non est essentiae divinae, non Trinitatis filius, sed
200 319 646 362 mius tantum personae, nimirum Patris
222 341 971 387 Objicitur I. Deus est essentia divina: Secunda persona Deitatis es
198 388 983 430 Filius Dei Ergo est essentiae divinae filius; & per consequens, non unius
195 416 375 463 tantum personae.
223 449 967 489 RESP. Negamus consequentiam, quia committitur fallacia ho¬
190 481 971 522 monymiae: nomen enim DEI sumitur in majore propositione ab
193 512 974 558 solute, in minore autem relate. Quum absolute sumitur, quod fit
191 547 983 587 cum per se consideratur quatenus creaturis opponitur a quibus dis¬
189 588 973 628 paratur. tum essentiam divinam significat, ut cum dicitur Matthae
201 620 980 654 19. 17. Nullus est bonus, nisi unus, nempe Deus. Quum autem relate ac¬
195 651 980 685 cipitur, quod sit cum alicujus personae proprietas aut relatio ei ad¬
196 678 977 722 jungitur vel ooponitur, tum personam significat sive unam, ut cum
198 716 977 754 secunda persona Deitatis dicitur Filius Dei; sive duas, ut cum Spiritur
204 742 985 781 Sanctus dicitur Spiritus Dei, velbti Gen. 1. v. 2. Spiritus Dei incubabat,
199 776 997 817 supat ficietaquarum: hic enim intelligitur Spiritus Patris & Filii. In
199 811 986 848 istius objectionis minore, accipitur Dei nomen relate, pro unica per¬
196 843 982 883 sona Patris; quia filius est Patris filius: atque ita quatuor fiunt termini¬
206 876 446 923 Rvit igitur conclusio¬
238 905 991 946 Objicitur II. Verus Deus est Trinitas: Secunda persona Deitatis est?
202 936 639 979 Filius veri Dei: Ergo est filius Trinitatis
240 973 985 1018 At quilhoc est abjurdum, quia Trinitas non habet filium naturalem:
204 1004 694 1046 Ergo secunda persona non est Filius veri Dei.
234 1036 982 1075 RESP. Negatur consequentia, quia propter homonymiam me¬
201 1069 976 1112 dii fiunt quatuor termini: nam verus Deus in majore accipitur ab¬
205 1105 980 1146 solute, in minore relate Prepterea major particularis est. Quod s
202 1135 992 1176 universaliter intelligatur, falsa est: non enim quicquid est verus Deus,
205 1167 983 1210 est Trini:as sed vel Trinitas, vel aliqua Trinitatis persona. Falsa igi¬
201 1203 385 1243 tur est conclune.
411 1245 814 1289 Hactenus primum theorema.
240 1287 992 1331 II. Genita est persona non essentia divina: ut enim essentia divi¬
199 1327 554 1374 na non gignit, ita nec gignitur
235 1358 649 1401 Objiciunt I. Filius Dei est genitus:
241 1389 581 1436 Filius Dei est essentia divina:
241 1425 582 1470 Ergo essentia divina est genita.
235 1445 983 1498 RESP. Primo negatur consequentia, quia proceditur a dicto se
204 1489 992 1530 cundum quid ad dictum simpliciter. Nam ssentia divina in assum¬
210 1520 985 1563 tione secundum quid dicitur, in conclusione simpliciter Filius Dei
207 1556 979 1595 enim est essentia divina, sed nuon simpliciter, verum quatenus illa per¬
211 1589 992 1629 sonalis proprietatis & relationis ratione in persona Filij determina¬
201 1621 983 1659 tur. Deinde adversarii confundunt proprietates personales & essentia.
210 1662 986 1693 les. Nam de quali ber persona Deitatis dici potest & proprietas e¬
206 1684 982 1729 jus personalis & quicquid commune est omnibus personis, ut quoo
213 1719 982 1764 quaelibut illarum sit Deus, quod quaelibet illatum sit essentia divina
216 1752 982 1798 qued sit omnipotens, &c. Sed contra de essentia divina non potes.
204 1779 988 1826 praedicari proprietas personalis. De Filio igitur d cipotest & q. od
207 1813 992 1860 genitus sit, & quod ssentia divina sit: Non tamon hinc sequitur, quod
207 1848 976 1886 esientia divina sit genita. Arelativo ad absolutum non valet c nso
204 1877 974 1916 quentii. Non quiequid de relativo dicitur, de absolut: dici potest.
213 1909 974 1951 Non quicquid proprium est personae, convenit essentiae: seu, quic
209 1947 985 1995 quid personae proprium est essentiae non tribuitur, q um essentia.
207 1980 976 2016 sit communis, persona non item. Tertio, major est particularis: Et
205 2007 980 2050 enim Filius Dei sit genitus, tamen non quicquid est Filius, id geni¬
205 2039 980 2079 tum est: quum Filius non tantum sit persona genita, sed etiam essen¬
201 2071 989 2115 tia ingenita. Sicut Pater quidem Filium genuit, non tamen quicquid
208 2106 981 2144 est Pater, genuit: quum Pater nen sit tantum persona gignens, sed et¬
204 2141 733 2184 iam essentia quae proprie loquendo non gignit
246 2160 983 2210 Objiciunt II. Quicquid a Patre per generationem communicatum
210 2203 989 2248 est Filio, id est, genitum: Essentia divina a Patre per generationem com¬
210 2236 423 2279 municata est Fi io¬
235 2269 574 2315 Ergo essentia divina est genita¬
236 2290 979 2341 RESP Negatur Major propositio: quia non est idem communi¬
204 2329 974 2378 eari σgigει. Non enim id quod communicatur genito, sed illud gi
220 2363 988 2414 gnitur, cui substantia gignentis communicatur. Filius itaque proprie
213 2399 985 2442 loquendo gignitur a Patre: essentia autem Filii proprie non gigni¬
201 2435 982 2475 tur, sed a sei psa existens communicatur a Patre Filio nascenti:id quod
216 2462 844 2518 etiam ex rerum creatarum generatione potest intel, igi.
413 2507 791 2561 Hucusque secundum theorema
237 2541 992 2585 III. Filius Dei est genitus ex essentia & substantia Patris, non
210 2579 979 2621 tanquam ex materia proprie loquendo, sed quia non ex materia ex¬
204 2609 983 2653 tra divinam essentiam: nec dilatatione essentiae Patris, nec proflu¬
201 2641 986 2685 xione aut decisione, nec propagatione, nam essentia Filii a Patris es¬
203 2677 980 2718 sentia non est dilatata, porrecta, decisa aut propagata. Theorema istu
212 2709 986 2747 sic confirmatur. Filius Dei est genitus aut ex nulla substantia aut ex a¬
208 2736 1008 2780 liqua. Si ex nulla, tum est genitus ex nihilo: quod est plane absurdum,
210 2778 995 2819 Si ex aliqua substantia, tum aut Patris, aut alia. At non ex alia, quia
219 2806 878 2851 sic non esset verus Patris Filius: Ergo ex substantia Patris.
253 2830 994 2877 Obiicitur: Quicquid commune est omnium trium personarum, de eo
212 2869 995 2915 Filius non est genitus: Essentia Patris est communis omnium trium per¬
219 2904 809 2953 sonarum. Ergo de essentia Patris non est Fiius genitus.
248 2935 1001 2973 RESP Major est restringenda: Quicquid commune est omnium
219 2970 990 3009 trium personarum, nempe ita ut non sit certo considerandi modo et¬
207 3003 1000 3044 iam proprium unius personae, de eo Filius non est genitus. Jam
216 3036 991 3074 essentia Patris est quidem omnium trium personarum communis
207 3070 989 3115 ibsolute considerata: eadem tamen considerata singulariter ut est de
213 3101 992 3142 terminata & subsistens in persona Patris, est propria Patris. Hoc igi¬
208 3138 908 3189 tur sensu posteriore, de essentia Patris dicitur Filius genitus.
1070 157 1818 210 IV. Filius Dei est genitus non voluntate Pattis, sed natui
1030 202 1825 243 ra: ac proinde voluntas gignendi in Patre non praecessit generatio¬
1033 225 1141 266 nem Filij
1068 265 1823 321 Obiicitur: Qui a volente Patre gignitur, is uoluntate Patris gi¬
1027 295 1105 344 gnitur
1069 318 1491 374 Filius Dei a Patre volente est genitus:
1071 357 1429 406 Ergo uoluntate Patris est genitus.
1066 389 1831 442 RESP. Major negatur: primo enim non quicquid est volente
1044 421 1826 475 Patre, aut quicquid Pater est volens, id est voluntate ejus. Nam vo¬
1035 459 1826 507 lens omniscius, bonus, justus, misericors, immortalis, omnipores est,
1035 500 1817 536 non nolens, non invitus: & tamen non voluntate sive decreto ali¬
1053 531 1811 565 quo suo, sed natura talis est, sed necessitate absoluta, qua talis est Deus
1038 563 1814 601 qualis nisi esset, ne quidem esset omnino, aut saltem non Deus esset,
1038 595 1825 630 Deinde major locum non habet in generatione aeterna. Sicut ejus
1041 629 1811 664 qui ab aeterno gignit, tam generatio, quam generandi voluntas ae¬
1028 665 1816 700 terna est: ita ejus qui ab aeterno genitus est generationem voluntat
1047 692 1820 731 gignentis minime praecessit. Etsi igitur Filius Dei genitus sit a Patre
1035 729 1826 763 volente, non tamen voluntate Patris est genitus: sicut voluntate
1048 755 1816 802 llius omnes res creatae sunt, quarum creationem poterat etiam o¬
1036 788 1130 826 mittere.
1069 814 1826 864 Hactenus secunda differentia in descriptione personae Filii Dei,
1054 856 1825 893 posita ab aeterna ejus generatione ex Patre, de qua sobrie nobis lo¬
1042 890 1816 927 quendum, & acquie. cendum religiose in eo quod in Sacra Scriptu¬
1035 921 1814 959 ra nobis revelatum, & non sapiendum supra id quod ex inspiratione
1044 952 1815 995 divina descriptum est: neque quaerendum est, sut verbis utar beati Atha¬
1045 989 1815 1034 nasit, quae exstant in oratione tertia contra Arianos pagina ducen¬
1047 1025 1818 1058 tesima decimaquarta primi tomi cur non tale sit Dei Verbum,
1053 1052 1815 1086 quale nostrum est, quum Deus noquaquum talis sit, quales nos sumus
1050 1088 1820 1128 quemadmodum dictum est, imo indecorum est quaerere, quomodo ex Deo.
1040 1118 1826 1154 Verbum sit, aut quomodo sit Dei splendor, aut quomedo gignat Deus, &
1045 1149 1821 1195 quis sit modus generationis Dei. Insanierit enim qui talia auderet: quo-
1044 1186 1826 1221 niam rem ineffabilem, & proprium divinae naturae, & duntaxat ipsi ac
1050 1212 1825 1250 Filio suo cognitam, verbis interpretari conatur. Simile ist, ac si udem
1045 1246 1823 1292 quarerent, ubi Deus aut quomodo Deus sit, & quantus sit Pater. Sed ut
1042 1282 1817 1317 talia sciscitari impium est, & eorum qui Deum ignorant: ita quoque fa¬
1045 1314 1826 1342 non est, ut de Filii Dei nativitate ad istum modum percunctationes fa¬
1038 1351 1817 1385 cias, aut ad tuam naturam & imbecillitatem modificare studeas Deum
1041 1380 1816 1411 ac Dei sapientiam. Non tamen ob id praeterveritatem aliquid cogitandi
1044 1412 1815 1452 est: neque si te in quaestione non explices, diffidendum est Saris Scripturis
1042 1445 1821 1485 quonia melius est, haesitabundos ignorata causa tacere & credere, quam
1053 1475 1823 1518 deo non credere, quia haesitat: ea potissimum de causa, quod qui haesitatae
1038 1509 1813 1549 potest aliquomado veniam mereri, quod quamvis quaesiarit, ntra quie¬
1051 1541 1811 1575 tem tamen maneat. Qui autem, eo quod in explicanda causa haesitet
1038 1574 1819 1608 fingit animo quae nequequam decent, atque ita de Deo indigna eloquitur.
1050 1607 1823 1638 indeprecabilem reportat suae audaciae punitionem. Potest enim in istius¬
1050 1638 1816 1674 modi perplexitatib, aliquid lenimeti, quodque animo sufficiat, sibi ex sacri¬
1040 1668 1810 1707 literis coll gere, ut sumat in manus recte scripta, atque inde in nostro Ver¬
1039 1699 1814 1737 bo exemplum mutuetur: , uod, quemadmodum illud proprium est nobis.
1050 1733 1825 1768 & ex nobis exsistit, non autem genus aliquod operis extra nos a nobis.
1041 1768 1820 1805 factum: ita quoque Dei verbum proprium esse Deo, & ex Deo exsistere, sed
1039 1807 1823 1842 non :amen ut tale sit quale hominumverbum est: alioqui necessum esset,
1041 1831 1829 1863 ut ratiocineris etiam Deum hominem esse: Ecce rursum, hominibus mul¬
1044 1866 1811 1911 ta & frequentia quotidieverba enascuntur, & praetereunt, eo quod prio¬
1039 1899 1826 1933 ra non maneant, sed euanescant: quod ideo contingit, quia mortales isto¬
1045 1930 1813 1963 rum verborum patres, lubricus & praetermeabiles habeant atates,
1044 1958 1812 2003 Cogitationes vero, quae in mentem subeunt, ex quibus ratiocinantur, &
1048 1994 1822 2029 iliud ex alio colligunt, tales sunt, qualia illa, quae loquuntur, unde fit, ut
1041 2029 1807 2070 multa verba habeant & post multa verba nihil eorum incolume possi.
1044 2055 1813 2095 deant. Simul enim, ut desiit quis loqui, absumtum, consumtumque est
1032 2089 1811 2131 Verbum. Contra vero, Dei Verbum unum est ac idem, & ut scriptum est,
1032 2121 1811 2171 in aeternum permanet, sine omni immutatione, non primum aut secun¬
1033 2151 1372 2190 dum, sed idem semper exsistens.
1069 2181 1814 2226 Tertio additur in descriptione Filii Dei, quod ipse una cum Patre
1036 2213 1808 2260 spiret ab aeterno Spiritum Sanctum. Nam quicunque mittit & dat Spi¬
1038 2258 1816 2287 ritum Sanctum electis is eundem ab aeterno spirat. Ejusdem enim
1048 2287 1816 2321 est dare Spiritum Sanctum, cujus est eum spirare; ac nequaquam al¬
1032 2317 1817 2355 terius. Jam vero certum est, quod non tantum Pater, verum etiam
1046 2348 1810 2390 Filius mittat & det electis Spiritum Sanctum. De Patre non est ne¬
1038 2383 1804 2419 cesse producere testimonia: De Filio Dei autem haec sunt, Joh. 15.1
1050 2418 1814 2446 20. ait Filius Dei: Quum autem venerit Paracletus illo, quem ego mit¬
1035 2450 1814 2491 tam vobis a Patre, Spiritus ille veritatis, &c. Et cap. 16. v. 7. Nisi enim
1042 2481 1817 2511 abiero, Paracletus ille non veniet ad vos: sin autem profectus fuero, mit¬
1045 2513 1808 2554 tam eum ad vos. Et cap. 20. v. 22. afflavit discipulos suos & dixit eis
1040 2533 1820 2586 Accipite Spiritum Sanctum. Hinc conficitur, quod Filius Dei unam
1038 2573 1586 2618 cum Patre spiret ab aeterno Spiritum Sanctum.
1227 2620 1639 2673 Hactenus de Filio Dei: sequitur
1320 2709 1547 2763 CAPUT VI
1231 2748 1634 2795 DE SPIRITV SANCTO
1054 2803 1828 2906 QEIRITUS SANCTUS est persona Deitatis tertia, a Patre &
1068 2846 1720 2882 u Filio per aeternam atque unicam spirationem procedens.
1131 2870 1831 2925 in hoc enunciato considerati debet primo nomen Spiritus
1048 2916 1538 2961 Sancti: deinde descriptio ipsa Spiritus Sancti,
1084 2950 1837 2994 Nomen Spiritus Sancti duobus modis accipitur. Spiritus enim
1053 2985 1828 3027 Sanctus intelligitur vel ab aterno exsistens: vel certo tempore creatus
1053 3018 1836 3061 Spiritus Sanctus ab aeterno exsistens, vel essentialiter accipitur, ver
1037 3056 1179 3105 personaliter.
1092 3084 1846 3136 Essentialiter de essentia divina Patris, Filii & Spiritus Sanctia
1053 3127 1850 3179 ut Joh. 4. vers. 24. Deus est Spiritus; Sic Deitas Christi, Spiritus nec
