2063 3417
231 181 1024 236 ait: Reuertar ad vos Deo volente. Act. 18. v. 21. Itaque inspirante Spiri¬
235 227 1031 269 tu sancto Paulus etiam ea scripsit & promisit, quae ad declarationem
237 261 1031 307 humanitatis & testificationem charitatis erga alios faciebant, arcanae
248 299 1016 336 atque absolutae voluntati Dei eventum permittens. Voluit etiam Spi
252 330 1021 373 titus sanctus exemplo Pauli nos instituere, paratos nos esse debere ad
249 358 1030 411 praestanda humanitatis & charitatis Christianae officia, etiamsi nobis
241 393 1030 436 non constet ex peculiari revelatione divina de voluntate Dei defini¬
244 423 1025 464 ta, an nobis sit permissurus ut officia illa facto impleamus. Nam si ad
244 462 1037 505 ea tantum promti esse, si ea tantum promittere alijs deberemus, quae
252 491 1021 534 certo sciremus nos facto ipso praestituros; cessare omnia officia hu
253 527 1028 569 manitatis & charitatis, quae ad futurum tempus extenduntur oportes
253 553 1025 604 ret. Quin etiam Deus testatus est, sibi placere voluntatem nostram fa¬
253 595 1031 633 ciendi id quod ipse praecipit, etiamsi illud a nobis fieri non permittat:
250 625 1027 668 quemadmodum probatum fuit Deo promtum obsequium Abraha¬
252 661 1030 700 mi volentis immolare filium Isaacum, sicuti Deus ei praeceperat; et¬
253 692 1040 735 iamsi postea non permiserit, ut eum immolaret, sed voluntatem pro¬
257 720 698 771 facto acceptaverit, ut legitur Genes. 22.
288 753 1036 796 Obiicitur II. Apostolos putasse regnum Christi terrenum futurum.
257 786 1044 829 Act. 1. v. 6. Petrum Apostolum putasse, gentes non pertinere ad regnum
258 829 1039 863 Christi, sed solos Israelitas, Act. 10. Eundem non recto pede incessisse ut
262 859 1034 902 veritati Evangelii congruebat, testante Paulo, Gal. 2. v. 14. Apostolo.
270 886 816 938 igitur potuisse errare in doctrina quam tradebant.
291 924 1033 959 RESP. Negatur istud sequi. Nam aliud est opinio animo ad tem¬
268 961 1037 1002 pus concepta, sed non praedicata: aliud doctrina in nomine Dei prae¬
271 987 1038 1029 dicata. Ac rursus quum dicitur, Petrum non incessisse recto pede ut ve¬
273 1023 1042 1058 ritati Evangelii congruebat, non significatur eum errasse in doctrina
264 1051 1048 1097 seu falsi quidpiam docuisse, sed indicatur eum simulasse, non egisse
271 1086 1040 1124 sincere cum Gentibus, quemadmodum Evangelium requirit, quod
267 1124 1039 1163 docet, Gentes quoque ad regnum Christi pertinere, ac proinde cum
274 1153 1036 1190 illis qui ex Gentibus conversi sunt ad fidem, cum declaratione chari¬
273 1194 1042 1223 tatis & conjunctionis cum illis conversandum. Hoc etum Petrus scie¬
274 1219 1043 1265 bat verissimum esse: tamen metuens ne offenderet Judaeos, subduxi¬
279 1253 1045 1288 sese ac separavit a fidelibus ex Gentilismo conversis. Ergo Petri ex¬
274 1292 1045 1325 ratum non fuit in doctrina, sed in vita seu conversatione. Ita Paulus
276 1324 1054 1366 postendit peccata esse opposita sanae doctrinae, quae est secundum glo¬
283 1357 863 1398 tiosum Evangelium beati Dei, I. Tim. 1. v. 9, 10, 11.
478 1386 851 1453 Quarti membri probatio.
303 1445 1048 1484 Quae miracula nulli creaturae imitabilia Moses & alii Propheta
273 1488 1055 1526 atque Apostoli ed: derint, utrumque testamentum commemorat: cujus
276 1519 1052 1555 modi sunt mortuorum resuscitatio, inhibitio aut remoratio cursus
276 1549 1057 1590 solis, sterilium & senio prorsus effoetarum foecundatio, maris divisior
280 1583 1057 1618 & multorum millium hominum per illud traductio, cursus fluvio¬
274 1616 1057 1652 rum magnorum & rapidorum inhibitio, ut transitum non tantum
267 1648 1057 1690 uni & alteri, sed etiam multis millibus hominum praeberent, fluvii a¬
273 1679 700 1730 quarum e petra solida productio, &c.
318 1710 1058 1749 OBIICIUNT homines profani. Miracula conficta divinam
279 1748 1048 1786 vocationem, missionem & inspirationem non probant: At miracula il¬
282 1778 587 1822 la conficta sunt: Ergo, &c.
303 1804 1045 1857 RESP. Negatur assumtio: nam ut de Mose tantum dicam
291 1851 1050 1895 quum mitacula illa pro concione inculcaverit Israelitis, quis fingen¬
283 1878 1054 1916 di locus fuit apud ipsos rerum gestarum oculatos testes? scil. prodiis¬
285 1913 1058 1946 set in medium ac populum infidelitatis, contumaciae, ingratitudinis
284 1946 1045 1979 aliorumque scelerum coarguens, suam vocationem & doctrinam sub
276 1977 1048 2017 ipsorum conspectu jactasset sancitam fuisse iis miraculis quae ipsi
283 2013 1052 2050 nunquam vidissent. Nam & hoc notatu dignum, quoties narrat de
273 2050 1042 2082 miraculis, simul conjungi exprobrationem odiosam peccatorum
272 2077 1052 2120 populi, quae ad reclamandum stimulare poterat, si vel minima fuisset.
280 2113 1046 2158 occasio. Unde apparet non aliter ad assentiendum fuisse adductos, ni¬
277 2142 796 2178 si quia plus satis convicti erant sua experientia.
295 2166 1063 2211 INSTANT. Quae communia sunt fidelibus & infidelibus, ea vo¬
279 2210 1045 2244 cationem, missionem & inspirationem divinam non probant: Miracus
280 2240 934 2280 la autem communia sunt fidelibus & infidelibus: Ergo, &c.
303 2271 1049 2312 RESP. Negatur minor. Nam mitacula vera sunt propria vera
280 2301 1058 2342 Ecclesiae Certum est enim Deum veracem & gloriae suae zelo arden¬
279 2343 1057 2380 tem, nunquam testimonia perhibiturum fuisse aut esse iis qui falsam
270 2374 785 2410 doctrinam de ipso & voluntate ejus spargunt.
310 2402 1040 2442 PROBANTMINOREM: quia Magorum AEgyptiorum Exo¬
280 2437 1049 2478 7. & 8. & aliorum quoque Ethnicorum nonnulla miracula commemo¬
277 2473 1046 2518 rantur: item effigies deorum penatum, quos de Troja AEneas fugiens ad
277 2500 1052 2549 duxit, de loco in locum migrasse feruntur: narratur etiam quod Actius
274 2533 1058 2575 Naevius cotem novacula secuit: quod Epidaurius serpens AEsculapio
280 2574 1057 2607 naviganti Roma comes adhaesit: quod navim quam simulacrum matris
267 2607 1052 2645 Phrygiae vehebatur tantis hominum boumque conatibus immobilem red
273 2634 1052 2680 ditam, una muliercula, zona alligatam, ad suae pudicitiae testimonium
274 2666 1046 2712 movit & traxit: quod virgo Vestalis de cujus corruptione quaestio ver
274 2706 1051 2735 tebatur, aqua impleto cribro de Tiberi, neque profluente abstulit contro¬
276 2734 1049 2780 versiam, ut ex Ethnicis Scriptoribus commemorat Augustinus de Ci¬
270 2767 1045 2802 vitate Dei, decimo libro, capite decimo sexto. Ac de pseudoprophetis prae
277 2799 1044 2843 dictum est, eos edituros signa magna & miracula, ita ut seducant (si fi
277 2831 1046 2872 eri possit) etiam electos, Matth. 24. v. 24. & de bestia illa altera Rom.
270 2862 1061 2909 dominante & potestatem prioris bestiae omnem exercente in conspectu e¬
279 2896 1054 2935 jus dicitur Apocal. 13. vers. 13, 14. Editque signa magna, adeo ut etiam
269 2931 1042 2970 ignem faciat e coelo descendere in terram in conspectu hominum:
271 2962 1046 3014 seducit incolas terrae, propter signa quae datum est ei ut faciat in con¬
283 2990 422 3040 pectu bestiae
307 3029 1057 3072 RESP. Miracula illa Magorum, Ethnicorum & Antichristi mi¬
277 3061 1058 3106 nistrorumque ejus sunt falsa ac merae praestigiae, sunt Satanicis incan¬
267 3096 1055 3132 tationibus producta & non divina virtute, idque ad stabilienda men¬
273 3124 1042 3169 dacia ac scelera, sicut Exod. 7. & 8. videre est, ubi de Magis AEgypti
267 3162 1043 3207 dicitur, quod praestigiatores fuerint, quodque incant tonibus prae
267 3196 1062 3246 stigias suas fecerint, ad obdurandum Pharaonem contra Jehovam
1084 180 1877 224 Deum Israelis. Idem sentiendum de miraculis Ethnicorum, quae iti¬
1089 215 1877 257 dem non nisi imposturae incantationibus effectae fuerunt ad stabili
1087 249 1889 296 endum idolorum cultum. Similiter ait Paul. de Antichristo 2. Thess¬
1080 281 1878 321 2. v. 9, 10, 11, 12. quod ejus adventus est ex effilacitate Satanae, cum om¬
1083 314 1880 357 ni potentia & signis ac prodigiis mendacibus: Et cum omni fraude in¬
1092 356 1877 392 justitiae in iis qui pereunt: propterea quod amorem veritatis non recepe¬
1079 384 1889 421 runt ut salvi fierent. Ideo igitur mittet eis Deus efficaciam deceptionis,
1093 414 1889 457 it credant mendacio: Vt damnentur omnes qui non crediderint verita¬
1129 480 1886 521 INSTANTRVRSVS; Esto, inquiunt, miracula infidelium sint
1081 514 1883 558 praestigiae Satanicae ad decipiendos homines. At miracula Mosis & Pro¬
1101 548 1894 584 hetarum, Christi atque Apostolorum talia etiam fuerunt, magicis nem¬
1095 581 1759 614 se artibus producta, quum constet, Mosen Magum suisse, &c.
1131 608 1898 660 RESP. Apage cum ista calumnia, quam pater mendacii sugges¬
1092 645 1898 692 sit, Miracula Mosis & aliorum Prophetarum, Christi & Apostolorum
1095 683 1891 716 fuerunt vera miracula, praeter & contra totius naturae & causarum se¬
1098 715 1893 750 cundarum ordinem, nonnisi divina potentia facta ad veritatis coele¬
1091 749 1896 787 stis confirmationem. Sed quam conjectura Mosen fuisse Magum insi¬
1102 787 1892 820 mulant qui tantopere ab hac impietate abhorruit, ut lapidibus ob¬
1099 818 1901 851 tuere jusserit eum qui tantum consuluerit magos & ariolos? Deinde
1090 852 1895 891 nemo impostor praestigiis ludit, qui non obstupefacere vulgi animos
1088 882 1899 920 studeat captandae famae atque etiam pecuniae causa, sicut Joannes &
1098 919 1894 957 Jambres magi AEgyptii: sicut Simon ille Magus, qui in urbe Sama¬
1101 948 1901 989 riae artem magicam exercuerat, & gentem Samariae obstupefecerat, di¬
1104 983 1895 1022 cens se esse quempiam magnum, quem attendebant omnes a minimo us¬
1108 1022 1896 1056 que ad maximum, dicentes, Iste est potentia illa Dei magna. Attende¬
1104 1055 1904 1092 pant autem eum propterea quod a multo tempore magicis artibus eos de¬
1096 1078 1898 1116 mentarat, quemadmodum legitur Actor. 8. v. 9, 10, 11. Contra, Mo¬
1110 1115 1895 1152 es se & fratrem Aaronem nihil esse clamans, sed tantum exsequi quae
1107 1150 1896 1193 Deus injunxit, satis abstergit omnem sinistram notam, Jam si res ipse
1103 1180 1897 1221 considerentur, quaenam incantatio facere potuit, ut mare divisum iter
1114 1215 1894 1254 populo Israelitico praeberet? ut petra baculo percussa largissimum
1105 1248 1907 1287 fluvium funderet? ut Manna e coelo quotidie pluens, ad tantum po¬
1107 1281 1896 1324 pulum, quantus ex AEgypto eductus & in deserto natus fuerat, alen
1107 1323 1907 1352 dum sufficeret? Et si quis plus justa mensura repositum haberet, ex¬
1101 1349 1907 1392 ipsa putredine disceret incredulitatem suam divinitus puniri? Quid
1116 1389 1898 1424 plura? Eventus palam docet, Miracula Mosis divina fuisse, quae in o¬
1101 1413 1897 1454 mnia secula sanxerunt ejus doctrinam. Idem de aliorum Propheta¬
1113 1452 1684 1486 rum Christi & Apostolorum mitaculis statuimus
1141 1478 1910 1518 INSTANT adhuc; Miracula quorum narratio est dubiae fidei, ni¬
1117 1508 1909 1550 hil probant: At miraculorum quae in sacris literis habentur narratio est
1108 1546 1904 1581 dubiae fidei: Ergo nihil probant. Quis enim scit (nquiunt) an quae nar¬
1107 1581 1897 1617 rantur miracula in sacris literis vere fic gesta sint? Aut quis nos certio¬
1111 1612 1913 1644 res fecerit a Mose & Prophetis & Apostolis haec fuisse scripta, quae sub eo¬
1107 1644 1913 1684 rum nominibus leguntur? Quin etiam quis nos certiores fecerit fueritne
1108 1678 1904 1717 unquam aliquis Moses, aliquis Iesaias, Petrus, Paulus & alius Prophe¬
1113 1706 1297 1754 ta vel Apostolus:
1141 1741 1910 1777 RESP. Minor propositio est falsa & probatio ejus plena impro¬
1118 1773 1898 1817 bitatis. Sed refellundae sunt ordine partes probationis. Primo, qui vo¬
1113 1814 1904 1845 cat in dubium, an miracula quae in sacra Scriptura commemorantur
1110 1844 1894 1881 vere sic gesta sint, ejus haud dubie nimis magna est impudentia. Ea¬
1101 1878 1905 1923 dem enim opera sacram & profanam historiam universam arguet
1101 1909 1900 1947 mendacii. At hos primum videmus, cum caeteras historiae sacrae par¬
1107 1946 1905 1985 tes, tum vero praecipue mitacula tanquam res non occultas sed in pu¬
1101 1972 1903 2007 blico ecclesiae, & multorum hominum conspectu gestas recitari. Fru¬
1104 2007 1895 2052 stra vero conati fuissent Prophetae & Apostoli fidem vocationi, mis¬
1101 2039 1901 2080 sioni & doctrinae suae conciliare miraculis, quae alii homines nun¬
1113 2082 1902 2118 quam vidissent: Imo fidem potius omnem sibi abrogassent praeser¬
1110 2109 1907 2141 tim cum ea non ut occulta, sed velut publice nota praedicarent. Dein¬
1114 2141 1895 2187 se doctrina quam annunciabant, rationi humanae ignota & affecti¬
1110 2173 1904 2211 bus hominum adversa erat: ideo miracula, nisi manifestissima, fidem
1114 2207 1901 2244 munquam invenissent. Tum etiam & in ipsis miraculis & in doctrina
1105 2239 1904 2283 quae illis confirmatur, palam apparet, ab his qui illa descripserunt.
1114 2276 1915 2310 non suam gloriam, potentiam, aut alia vitae commoda, sed solam Dei
1104 2310 1897 2347 gloriam & hominum salutem quaesitam esse: de veritate ergo narra
1101 2345 1910 2377 tionis illorum non dubitandum. His argumentis adstipulatur non
1107 2372 1913 2417 tantum Ecclesiae testimonium, verum & hostium Christi confessio,
1104 2410 1904 2452 qui sane, si ulla ratione potuissent, etiam vera & nota negassent atque
1110 2434 1909 2479 auppressissent. Unde satis constat mitacula quae in Scripturis sacris
1116 2477 1904 2510 narrantur, tam certo facta, ac si oculis nostris ea fieri vidissemus: ac
1108 2506 1910 2546 proinde non minus nobis confirmandis serviunt etiamsi oculis cor¬
1117 2539 1907 2575 poris ea non conspeximus, quam illorum qui ea edi cernebant i
1119 2572 1906 2606 quemadmodum Joh. 20. v. 29, 30, & 31. dicitur: Quia vidisti me.
1117 2606 1910 2640 Thoma, credidisti: beati qui non viderunt & crediderunt: Multa ve¬
1102 2637 1904 2673 ro etiam alia signa edidit Iesus in discipulorum suorum conspectu, que
1111 2672 1901 2706 non sunt scripta in hoc libro. Haec autem scripta sunt, ut credatis, Iesum¬
1105 2706 1903 2740 esse Christum illum, Filium illum Dei, & ut credentes vitam habeatis
1100 2736 1273 2784 per nomen ejus
1146 2765 1913 2805 Secundo, si quis in dubium revocet, an Prophetae & Apostoli haec
1110 2796 1910 2839 scripserint quae legimus? aut fueritne aliquis Moses, fuerintne tales
1117 2834 1897 2878 Prophetae & Apostoli? Pari ratione in dubium revocet an Plato, Ari¬
1116 2866 1905 2910 stoteles, Cicero, Livius scripserint ea quae sub eorum nominibus ha¬
1111 2899 1906 2938 bentur? revocet in dubium fueritne unquam vel Plato aliquis, vel A¬
1107 2935 1898 2971 ristoteles, vel Cicero, vel Livius? Sed si nemo non censet insanim
1117 2970 1912 3008 eum qui hoc revocat in dubium: quanto magis desipit is, qui de illo
1108 2996 1220 3043 ambigiti
1176 3039 1844 3105 Ita probatum est quartum membrum: sequi¬
1357 3092 1646 3148 tur quinti probatio.
1140 3128 1906 3180 VATICINIA Prophetica & Apostolica de ribus maximis, &
1089 3180 1906 3217 nullius creaturae pervestigationi expi sitis etiam lugissimo tempo¬
1101 3204 1894 3258 re ante puomulgata & de, nceps eveniu certissimo cem, robata, vo¬
