2063 3468
249 157 1064 204 nec laedit: nam neque consequentiam, neque praemissas attingit: Stat
249 203 1046 244 igitur immotum. Conclusionem vero negant quod quale sit dispu¬
253 233 1040 273 tandi genus & quam conveniens verae doctrinae Analyticae, Papista
250 263 1049 309 viderint. Sed videamus tamen ordine praemissas exceptionis. Prim o¬
246 302 1040 339 negamus majorem: nam falsum est, prius non posse credi aut pro¬
249 328 1033 375 bari per posterius. Quid enim sunt omnes demonstrationes τοῦ ὃν
256 368 1052 411 nisi prodessus a posteriore ad prius? Quid est Regressus demonstrati¬
256 397 1049 443 vus, nisi postquam causa ignota ex effectu notiore demonstrata est,
268 435 1040 471 ostea regrediendo ex eadem causa eundem effectum demonstrare.
259 467 1036 507 Fides principiorum prior est quam conclusionum: & tamen per con
255 494 1046 541 clusiones demonstratas, fides principiorum magis innotescit. Prius
249 538 1046 576 oportet credere, Deum esse, quam Deum remuneratorem esse: & ta¬
258 565 1043 608 men ex Dei remuneratione quam sensu percipimus, magis innotes¬
258 598 1048 640 cit & confirmatur fides, Deum esse. Prius oportet credere, Deum est
258 630 1052 675 se, quam providentia mundum regi: & tamen ex providentia, quae est,
256 670 1046 715 posterior, nobisque notior, venitur in cognitionem Dei, qui est prior
261 700 1043 743 & nobis ignotior. Ita quoque in praesenti materia, divina inspiratio
255 738 1052 780 Scripturae est causa veritatis ejus. Prius ergo credendum, Scripturam
259 770 1049 814 esse divinam, quam esse veram. Sed quando ignotum est alicui Scri¬
255 806 1043 851 pturam esse divinam, none licebit ex constante & immutabili eje ve¬
258 837 1057 882 ritate probare & colligere, eam esse divinam? Major itaque Papanae
252 870 485 915 exceptionis est falsa.
291 894 1043 947 Deinde nec Minor est simpliciter vera, quia ambigua. Prius enim
255 935 1042 981 & posterius duplex est, vel natura vel nobis. Etsi fides divinitatis sa
268 968 1044 1012 trae Scripturae natura prior est fide veritatis Scripturae: tamen quoa,
259 1004 1036 1046 nos, prius credimus esse veras, posterius esse divinas. Nisi enim cre¬
253 1037 1048 1077 das esse veras, nunquam credes esse divinas. Fides autem veritatis
261 1079 1049 1114 ducit in fidem divinitatis, non quidem sola & absolute, sed foris coo¬
264 1113 1046 1153 perantibus aliis argumentis divinitatem Scripturae probantibus: in¬
264 1139 1043 1177 tus cumprimis persuadente Spiritu sancto, scripturam hanc non mo¬
271 1167 1048 1212 do veram, sed & divinam esse. Res clarior erit appositione exempli
265 1203 1039 1243 Credimus epistolas Pauli esse vere divinas, & Paulum esse Aposto
261 1238 1052 1285 lum lesu Christi, quia credimus esse verum quod in illis epistolis scri¬
273 1274 1055 1315 ptum est, cum perpendimus sublimia mysteria rerum divit arum
266 1305 1048 1354 quae in illis continentur & alia divinitatis earum argumenta, de qui
262 1343 470 1388 bus postea agetur.
300 1363 1061 1417 DVPLICANT Papistae: Potest quidem credi verum esse, quod
268 1404 1061 1441 scribitur in Scriptura satra, non credito hoc prius, quod sit divina; sed
255 1444 1062 1484 non Catholita fide. TRIPLICATIO nostra: Falsum hoc est; quia
261 1473 1058 1513 fides Catholica quantum ad Canonem, habet duos gradus: fidem
260 1506 1062 1546 veritatis & fidem divinitatis. Haec quidem prior est natura, sed illa
262 1542 1050 1586 prior est quoad nos: per illam ad hanc Spiritus sanctus nos deducit.
418 1577 902 1644 Haec de causa efficiente Scripturae.
303 1630 1062 1679 Si reliquas causas spectemus; comprehenduntur illae in essentia
258 1676 1057 1713 ipsius scripturae quae consistit in materia, forma & fine. Finem hic
260 1712 1052 1751 tausis internis adiungimus; quia sacra Scriptura instrumentum est,
266 1749 1051 1783 per quod rerum divinarum sapientiam consequimur: natura autem
270 1780 1057 1815 & essentia cujusque instrumenti in ipso fine & usu potissimum constituta.
270 1808 1057 1843 est, ut Philosophi etiam agnoscunt, voluti Jacobus Zabarella libro
258 1848 1063 1892 tertio de Methodis, capite decimo-octavo. Ex scripturae igitur essentia
271 1869 567 1919 sic firmissime colligimus:
300 1906 1055 1953 Quaecunque scriptura continet doctrinam prorsus divinam materia,
267 1939 687 1979 forma & fine, illa profecto est divina:
292 1972 1051 2014 Scriptura Prophetica & Apostolica continet doctrinam prorsus divi¬
265 2006 753 2050 nam materia, forma & fine: Ergo, &c.
313 2037 1050 2083 Issumtionis tria sunt membra, primum de materia, secundum de¬
265 2069 1054 2113 forma, tertium de fine Scripturae sacrae: quae ordine explicabimus &
254 2107 415 2160 probabimus.
288 2139 1033 2178 Materia scripturae sacrae sunt tum dogmata ipsa quae in ea tradum
259 2172 1041 2221 tur, tum verba quibus illa efferuntur, quae prorsus divina sunt: quo-
258 2211 1046 2246 rum pleraque rationi humanae ignota fuerunt, & nonnisi per revela¬
249 2244 1048 2280 tionem divinam cognita sunt in Ecclesia Dei, sive res sive sententias
258 2275 1052 2314 & verba spectes. Res enim de quibus docent Prophetae & Apostolis
259 2309 1046 2346 captum humanum superant & a nullo hominum potuissent cogno¬
248 2342 1046 2379 sci nisi Deus revelasset. Ex sola enim sacra Scriptura didicimus, Deum
256 2379 1047 2419 esse unum essentia, trinum personis, Patrem, Filium & Spiritum san¬
258 2409 1042 2445 ctum: ex sola sacra Scriptura didicimus, hominem qui ab initio puru¬
259 2441 1040 2487 & beatus erat conditus per defectionem a Deo puritate & beatitudin
265 2476 1041 2519 sua excidisse & se cum tota posteritate sua peccato & poenis peccatorum.
253 2515 1047 2545 obnoxium fecisse. Ex sola sacra Scriptura didicimus, Deum ex mera
265 2542 1047 2586 sua gratia per unigenitum suum Filium Dominum nostrum IESVM.
262 2578 1050 2623 CHRISTVMhominem factum nos liberaturum fuisse & liberasse a
267 2612 1041 2656 peccato & poenis peccatorum & ad veram beatitudinem nos reduxisse
264 2638 1046 2684 Ex sola sacra Scriptura didicimus, fore universalem resurrectionem o¬
258 2677 1040 2711 mnium mortuorum & judicium universale omnium hominum vivo¬
252 2711 1050 2754 rum & mortuorum electosque in aeternum beandos, reprobos in perpetuum
257 2744 1052 2783 cruciandos. In summa ex sola Scriptura sacra didicimus, veram & so¬
261 2773 1045 2812 lidam cognitionem Dei & nostri, Evangelium de Iesu Christo Media¬
265 2811 1052 2849 tore nostro veransque ac constantem adversus peccatum, mortem, omnes¬
261 2840 1046 2883 que miserias consolationem. Haec doctus Plato nescivit: haec acutur
256 2883 1046 2918 Aristoteles ignoravit: Deus autem in Scriptura sacra nobis revela¬
265 2910 1051 2949 vit. Hoc testatur Johannes Baptistia cum ait Joh 1. v. 18. Deum neme
265 2946 1046 2982 vidit unquam:: nigenitus ille Filius qui est in sinu Patris, ille exposuit,
265 2971 1054 3014 Hoc testatur Paulus 1. Cor. 2. v. 7. vsque ad finem; loquimur sapientiam
268 3005 1055 3059 Dei in mysterio, oc cuitam illum quam praefinierat Deus ante secuia ad
254 3037 496 3080 gloriam nostram &c.
301 3072 1046 3122 Sententiarum vero, hoc est, verborum & styli Prophetici & Apo¬
265 3093 1050 3148 stolici character exercitatis in: criptura & divinitus illuminatis lon¬
256 3140 1038 3183 ge evidentius testatur, libros sacros a Deo omnis sapientiae autore ex
252 3179 1047 3216 se inspiratos quam styli Latini aligantia & sotunditas testatur Cice¬
248 3210 1046 3250 ronianae dictionis peritis, libros de officiis & de Oratore, a Tullio ex
261 3237 713 3290 loquentiae Latinae parente scriptos esset
1131 156 1919 196 Objicitur I. Gentiles etiam, veluti Platonem & Platonicos de sun¬
1099 193 1926 232 cta Trinitate, de Verbo illo aeterno scivisse: unde colligitur, dectrina hanc
1110 226 1915 273 non esse Scripturae sacrae propriam & diuvinam Antecedens probatur in¬
1110 258 1912 299 ductione locorum aliquot. Plato epistolam secunda quae scripta est Dio¬
1101 295 1921 339 nysio Tyranno Syracusano, luculentam divinae naturae descriptione
1104 327 1916 363 habet: ωοι τῶν παντον σασιλεα πανν κσι κα εκεινσ ενεκα πανοι κι uεινὸ
1111 358 1916 403 χίτιον ἀπάίταν τείν κολῶν. δευτερον δε ωριτα δουτερα, κι σριτον ωοι τῳ
1117 399 1912 440 ρίτα, hoc est, Circa omnium Regem sunt omnia & illius causa omnia
1101 425 1916 465 & ipse est omnium rerum pulchrarum causa: secundum circa secuoda:
1114 460 1910 495 & tertium circa tertia. Quibus verbis mysterium Sacrosanctae Tria¬
1110 495 1912 532 dos a Platone innui, docent sancti Patres, Iustinus Martyr Apologia
1107 527 1906 568 pro Christianis, & Theodoretus de curatione Graecarum affectionus
1112 559 1918 595 Item epistolam sexta quae est scripta Hermeae, Erasto & Corisco, ait; Si
1108 594 1919 638 τν πάντον θεὸν κγεμόνα τεον τε ὀγτον κι ταν μελλώιτον, τοτε ηγομενος κα
1101 625 1916 662 διτκ πθτερα κυριονε πομνογτας, hoc est, obtestantes Deum, rerum om¬
1110 663 1916 695 nium, & quae sunt & quae erunt, Imperatorem, illiusque Imperatoris & cau¬
1101 694 1909 733 sae Patrem. Idem in Epinomide ait: τὸν κόσμον ἐταζε λόγος ο παυτε,
1104 730 1910 765 θειδλατος, Mundum digessit Sermo ille omnium maxime divinus. Si¬
1109 764 1910 799 militer Numenius Pythagoreus ait in iis quae de Bone conscripsit: :
1105 796 1916 833 δημικργοντος ζεκ χζηεινασ νομιζειν πατεογ τον πρῶτον θεόν, id est, Exi¬
1107 832 1922 871 stimare oportet Opificis Dei Patrem esse Deum primum. Amelius Pla¬
1101 862 1909 903 tonicus ait de Filio Dei: κοοτος αμα κ ο λόγος, καγ ον αεί δνια τα γ¬
1111 899 1918 938 γνομενα εγιγνιlo, id est, Et hic ergo erat Sermo ille secundum quem sem¬
1111 932 1775 969 per fuerunt quae facta sunt. Similia habet Plotinus & alii.
1132 973 1922 1009 RESP. Concedimus haec exstare apud Platonem & discipulos ejus:
1107 1000 1921 1034 verum ea non a seipsis habuerunt, sed partim ex Scriptura sacra hau¬
1105 1035 1914 1066 serunt, quam lectam ipsis Galeni & Amelii scripta testantur, partim
1107 1066 1925 1107 in Academiis Phoeniciae & ÆEgypti perceperunt, in quibus & Plato
1100 1098 1238 1138 versatus est,
1137 1126 1919 1172 Objicitur II. Plato & alii Philosophi de beatitudine deque rebus aliis .
1113 1166 1911 1202 convenienter Prophetis & Apostolis multa tradiderunt: Ergo doctrina
1122 1199 1907 1236 le istis rebus non est scripturae sacrae propria & diuvina. Antecedens pro¬
1107 1231 1913 1277 batur inductione locorum aliquot. In Theaeteto Platanis pag. centes.
1116 1267 1907 1306 septuages: sexta tomi primi, Editionis Henrici Stephani, Anni 1587.
1113 1302 1910 1334 beatitudo hominis est ἐμονωσις θεο κι τό δυυκτόν, αμονωσιε δε, είκαιον &
1117 1334 1909 1375 υσεον μετα φρονήσεως γοιο, hoc est, ut Deo quam proxime fieri poteri¬
1116 1369 1909 1404 assimilemur atque conformemur. Deo autem nos assimilat just:tia & san¬
1107 1401 1922 1441 ctitas cum sapientia conjuncta. Et paulo post: θεοσ ὕδαμη κδαμῶς εἴδε¬
1115 1438 1922 1475 κos, αλλ ως οιον τε δεκαιθτατος, μι σσκε σίν αυτῳ αμοιστερον κδεν ἡ oς αν η¬
1119 1470 1913 1507 μών αυ γθητανοτι δικαιοταιος ωρι τθτα καη ως αληθῶς δεινοτης ανδρος
1113 1503 1916 1539 hoc est, Deus nusquam ullo modo injustus, sed quantum fieri potest ju¬
1106 1547 1912 1582 stissimus sid est, infinite est justus) Deo autem nihil similius est, quam
1123 1571 1920 1609 um ex nobis hominibs aliquis quam justissimus est. In hoc nimirum &
1118 1603 1910 1637 vera hominis praestantia versatur. Item, Deum tempus cum mundo or¬
1116 1635 1912 1674 dinasse docetur tomo tertio operum Platonis in lib. Timaei Locri de
1108 1673 1909 1710 anima mundi: & Deum mundum dissoluturum cum voluerit tradi¬
1119 1704 1922 1739 tur in eodem lib. Timaei Locri de anima mundi & in Timaeo Plato¬
1114 1738 1781 1772 nis: Dei providentia mundum regi, in Apologia Socratis.
1152 1765 1907 1812 RESP. Plato haec quoque & similia a Mose & Hebraeis mutuat? est
1119 1806 1921 1842 ut docet Iustinus Martyr in apologia, pChristianis, Clemens Aiexan¬
1114 1836 1922 1878 drinus multis in locis, & Theodoretus de curatione Graecarum affect.
1116 1872 1910 1911 pluribus itidem in locis. Unde Plato dictus fuit Moses Aiticissans, ut
1104 1904 1921 1941 refert Clemens Alexandrinus lib. primo Stromatum, pag. centes qua¬
1100 1938 1912 1975 drages. octava. Edit. Comelinianae, & Theodoretus Sermone secundo
1110 1971 1912 2005 de Curatione Graec affect pag. triges. septima, Edit. Comel. ex Nu¬
1110 2008 1910 2046 menio Pythagor. Ex materia igitur Scripturae S. sic argumentamur.
1152 2038 1915 2078 Quaecunque Scriptura continet dogmata a Deo immediate profecta,
1108 2070 1921 2114 tum quoad res, tum quoad verba, illa certe est divina: At sacra Scri¬
1101 2105 1699 2147 ptura continet talia dogmuta: Ergo est vere divina
1270 2148 1752 2213 Haec de materia Scripturae sacrae.
1142 2203 1913 2252 Forma illius est veritas prima, immutabiliter sanctissima, justissi¬
1107 2243 1916 2276 ma & perfectissima, quae nihil profani, injusti, imperfecti docet, nihil¬
1113 2277 1912 2318 que sancti, justi, perfecti non docet. De ea dicit Christus Joh. 17. v. 17.
1102 2310 1918 2346 Sanctifica eos tua veritate: Verbum tuum illud veritas est. Et Paulus
1101 2342 1921 2379 Col. 3. v. 5. Propter spem sepositam vobis in coelis quam prius audistis per
1101 2380 1922 2419 sermonem veritatis, i. e. Evangelii. Unde Scriptura sacra dicitur prima
1113 2410 1915 2446 veritas, tum quia Deus eam primo revelavit Ecclesiae per Prophetas
1101 2445 1922 2479 & Apostolos: tum quia vera est simpliciter & sine ulla exceptione &
1109 2476 1923 2514 conditione consensus cum altero. Scripturam enim sacram credi¬
1104 2510 1915 2551 mus esse veram per se ac propter se: Symbolum autem Apostolicum,
1107 2544 1910 2581 item Nicenum, & alia symbola ac scripta ccclesiastica post scripturam
1102 2580 1922 2618 Propheticam & Apostolicam a piis viris exarata, cesentur vera, qua¬
1113 2619 1802 2652 tenus cum Scriptura Prophetica & Apostolica consentiunt.
1144 2644 1920 2688 Veritas autem illa Scripturae sacrae tum reium est quas Scriptura
1109 2676 1634 2730 ipsa docet, tum orationis de rebus enunciatae
1139 2709 1909 2749 Eaque bifariam consideratur: nam aut tota aut pars totius aliqua
1111 2749 1910 2795 tum simpliciter in se tum comparate cum naturali veritate: aut par¬
1102 2787 1808 2818 tes aliae cum alijs inter se justa comparatione considerantur?
1140 2812 1866 2848 Si tota consideretur in sese, omnibs modis est integra & pura¬
1137 2843 1916 2881 Similiter si pars aliqua totius veritatis Scripturarum in sese sim¬
1113 2877 1921 2914 pliciter consideretur, non minus in qualibet parte deprehendetur: m¬
1105 2918 1799 2955 mutabiliter vera, sancta, justa & perfecta, atque in seipsa tota
1137 2949 1916 2990 Sin conferatur cum veritate naturali nostra, eam integritate & pu¬
1113 2973 1912 3017 ritate longissime excedit: ut divinae gratiae, quae veritatem quae supra
1119 3016 1919 3050 naturam est nobis revelavit, amplitudinem tanto magis cognosca¬
1111 3044 1916 3084 mus & praedicemus. Sin denique partium aliarum cum aliis inter se
1117 3083 1907 3124 compatatio instituatur, apparet omnium suavissima panatmonia &
1110 3116 1910 3150 consensus perpetuus, sic ut doctrina Christi & Apostolorum cum
1107 3144 1915 3180 Prophetis Prophetarum posteriorum cum prioribus, priorum cum
1101 3178 1904 3216 Mose, Mosis cum Patriarchis, Patriar hatum denique cum puima pa¬
1101 3217 1916 3264 tefactione Dei in Creatione & in Paradiso facta per omnia & ad a¬
1101 3245 1330 3304 mussim congiuant
