2063 3417
194 165 1007 219 mori ipse merebatur: per largitatem vero misericordiae, illo eum tempore
207 202 986 247 ad mortem distalit, quod ante secula ipse praescivit. Nec Propheta igitur
205 240 986 283 falt:x, quia tempus mortis innotuit, quo vir ille mori merebatur, nec
210 270 988 315 dominica statuta convulsa sunt, quia ut ex largitate Dei anni vitae cre¬
204 313 998 352 scerent, hoc quoque ante secula praefixum fuit: atque spatium vitae quod ino¬
210 344 995 386 ninate foris est additum, sine augmento in praescientia fuit intus statu¬
202 381 264 419 tum.
248 396 991 450 OBJICITUR III. Deus promissa sua interdum mutavit: Ergo Dei.
207 433 995 479 decretum est mutabile. Antecedens confirmat promissio Exod. 3. v. 8.
216 465 998 509 17. de introducendis in terram Cananeam Israelitis, qui tamen in de¬
208 499 1014 553 serto perierunt & in terram promissam non sunt ingressi: Promissio item¬
208 543 989 577 de sacerdotio Exod. 28. 43. & cap. 29. 9. Et de regno Saulis 1. Sam, 9.
216 577 733 610 v. 20. Nam promissiones istas Deus mutavit.
243 588 994 643 RESP. Negatur consequentia, quia antecedens tantum καζακι ve¬
211 630 996 673 rum est, nempe de promissionibus conditionalibus, quas Deus feci¬
214 663 996 707 hominibus, si mandatis divinis morigeros se praeberent. Ut promis¬
223 698 1011 742 sio de introducendis Israelitis in terram Canaan, etsi ratione populi,
219 740 1000 777 seu generis Israelitici fuit absoluta ac tandem re comprobata: tamen
224 773 1006 810 si singulas spectes, tacitam habuit conditionem, nimirum si obedien¬
232 804 994 843 tiam Deo debitam praestarent, quam quia non exhibuerunt plerique
234 832 1007 875 in deserto ceciderunt; qua de re Num. 14. v. 27. & sequentibus, Psala
238 874 1009 912 95. v. 7. & sequentibus, Hebr. 3. v.16. & sequentibus. Sic explica¬
234 905 1009 938 tur promissio Sacerdotii, 1. Sam. 2. v. 30. Dictum Iehovae Dei Israe¬
231 931 1016 978 lis, dixeram quidem, domus tua, ut domus patris tus, indesinenter ibunt.
229 962 1008 1003 coram me usque in saculum: at nunc, dictum Iehovae, absit mihi; nam
233 1004 1018 1039 honorantes me honorabo, contemtores autem mei leves fient. Ergo
244 1036 1019 1068 promissio de Sacerdotii perpetuitate erat facta domui Heli cum hac
238 1068 1021 1103 conditione, si domus Heli honoraret Jehovam: quam conditionem:
249 1101 1018 1146 quia domus Heli non servavit, peccatis suis promissionem illam ab¬
238 1137 1018 1175 rupit. Sic intelligenda & promissio de regno Saulis, ut explicatur I.
235 1168 1033 1202 Sam. 13. v. 13. Tum dicit Samuel Sauli, Stulte gessisti te: non observasti
245 1201 1016 1243 mandatum Iehovae Dei tui, quod mandavit tibi, iam certe stabilivisset.
238 1226 818 1266 Iehova regnum tuum apud Israelitas usque in saculum.
285 1265 1016 1299 OBJICITURIV. Deus Testamentum vetus & ceremonias Mofaica.
237 1291 1021 1330 cum tota poltia Mofaica abrogavit: Ergo Dei decretum est mutabile.
286 1325 1016 1364 RESP. Negatur consequentia: quia antecedens ita intelligitur, ad
240 1357 1019 1398 si ceremoniae Mosaicae cum politia Mosis fuissent a Deo ideo instituta ut
242 1399 1019 1433 ad finem usque mundi durarent. Atqui haec omnia mutata sunt, non
245 1434 1021 1463 mutata decreti divini ratione, quo factum ut ista a Deo mutata sint.
268 1455 1012 1498 Quin quicquid Deus in tempore facit, ab aeterno decrevit se facturi¬
291 1491 1018 1533 OBJICITURV. Se improbi homines moriuntur ante terminum ipsi
258 1517 1022 1556 a Deo constitutum, tum decretum Dei est mutabile. Quod antecedit ve¬
255 1552 1025 1590 rum est, ut dicitur Psal. 55. 24. homines sanguinarii & dolosi non per¬
256 1586 956 1629 ducent ad dimidium dies suos. Verum igitur est & quod sequitur
289 1621 1013 1655 RESP. Negatur assumtum: nec illud probari potest ex loco addu
252 1652 1022 1687 cto, cum David non loquatur in eo de decreto Dei, sed verborum Da¬
244 1684 1018 1719 vidis haec est sententia: Homines sanguinarii & dolosi, quum sibi lon
255 1718 1028 1759 gissimam vitam polliceantur, ne quidem ad dimidium ejus pertingunt:
243 1753 1025 1789 cum sperent se quam diutissime victuros, spe sua frustrantur, nam
255 1787 1023 1828 contra spem suam citius abripiuntur. Qui autem hinc colligunt, im¬
256 1817 1021 1849 probos citius mori, quam ipsis a Deo decretum sit, ut inde sequatur
243 1846 1022 1884 decreta Dei esse mutabilia, simpliciter accipiunt, quod καγ ο inteliis
253 1883 1019 1922 gendum erat, ex hypothesi nimirum crudelium tyrannorum & perse¬
250 1914 1028 1953 quutorum Ecclesie. Hi enim sibi persuadent, se diutissime icturos, &
249 1945 1027 1980 res quas animo conceperunt effecturos: Non attingunt autem dimi¬
253 1976 1021 2012 dium temporis quod sibi imaginabantur, sed a Deo interficiuntur?
244 2010 1018 2049 Fideles vero sciunt se mortales esse parant se quotidie, & moriuntur
259 2050 1017 2084 roinde justo tepore & bene, sive id fiat in juventute, sive in senecture
276 2075 1028 2113 OBJICITUR VI. Si liberi obedientes parentibus & alii homines pii¬
242 2107 1013 2145 obtine ta Deo prolongationem vitae: tum decretum Dei est mutabili
250 2142 1022 2181 Antecedens confirmat promissio addita quinto praecepto Decalogi,
241 2173 1016 2211 Exod. 20. 12. Honora puatrem tuum & matrem tuam, ut prolongentus
237 2212 1015 2244 dies tui super terram illam, quam Iehova Deus tuus dat tibi. Et exem
244 2241 1022 2281 plum Ezechiae qui precibus impetravit prolongationem vitae suae ad
231 2275 1024 2314 annos quindecim, 2. Reg. 20. 6. Jesa. 38. 5. Ergo verum est & con¬
236 2304 337 2349 sequens.
273 2345 1023 2395 RESP. Negatur consequentia connexa propositionis: nam ex pro¬
234 2369 1025 2424 longatione vitae non sequitur decreti divini, sed rerum quae in mundo
241 2412 1013 2452 sunt & fiunt, veluti vitae & mortis humanae pro ratione causarum se
241 2454 1022 2490 cundarum mutatio, quae & ipsa est a Deo decreta. Nam si merita ho¬
243 2481 1016 2522 minum spectemus & cujusque. hominis naturam per se imnecilla, dia¬
243 2512 1016 2554 boli furorem, & hominum vitae aliorum inhiantium consisia ac eona
241 2546 1022 2584 tus, morborum quibus interdum homines corripiuntur gravitatem
228 2579 1012 2618 singulis momentis unicuique moriendum esset: sed causas hasce secur¬
237 2611 1021 2650 das & alias mutat Deus. & vitam longiore unicuique, ac inprimis pui
243 2645 1027 2689 largitur & conservat, donec terminum ab aeterno constitutum atti¬
244 2680 317 2723 gerint.
261 2716 1034 2772 OEJICITURVII. Si decretum Dei est immutabile, tum idem est;
240 2751 745 2795 quod Fatum Scoicum. At hoc est absurdum
279 2784 419 2828 Ergo & illud
289 2820 1022 2870 RESPONDIO. Connexum est falsum: decretum enim
240 2854 1028 2907 Dei non est Fatum Stoicum, sed longissime distat ab illo. Nam Fa¬
242 2893 1026 2939 tum Stoicum dicitur talis omnium causarum & effectuum connexio;
249 2927 1024 2971 cujus immutabilitas ex ipsarum causarum natura pendeat, ita ut ne¬
259 2960 1029 3011 que causae secundae aliter agere possint, quam agunt, neque prima¬
249 2993 1021 3037 aliter agere possit, quam agunt secundae: at Decretum Dei talis cau¬
240 3019 1031 3075 sarum & effectuum connexio non, est, quae Deo legem modum ve¬
245 3058 1022 3105 agendi sua natui a immutabilem imponat, & Deum causis secundia
250 3085 318 3123 aliiget
285 3117 1022 3170 Ex his quae ad objecta respondimus, planum est, frustra ea decret.
237 3149 709 3202 divini immutabilitati & veritati opponi:
1080 2264 1885 2298 directurus erat. Discerni igitur debet blasphemum dogma Stoico¬
1074 2233 1885 2268 aeterno decrevit omnia quae fierent in tempore, quae ipse ad fines suos
1084 2203 1884 2238 ter ac moderator omnium, pro sua sapientia ac libera voluntate ab¬
1077 2166 1884 2203 decretum Dei tale quid non est, sed est actio liberrima Dei, qui arbi¬
1066 2134 1884 2171 sarum nexu & implicita quadam serie, quae in natura contineatur: at
1074 2103 1884 2133 cari nequit. Nam Fatum Stoicum dicitur necessitas ex perpetuo cau¬
1110 2061 1885 2102 XVI. Decretum Dei disparatur a Fato Stoico: quod satis incul¬
1087 1676 1886 1707 Ethnicorum voces quibus piorum mentes occupari non debent. Ac
1084 1640 1884 1675 fortunam & fortuitos casus non admittit. Fortuna & Casus sunt:
1114 1611 1889 1648 XV. Decretum Dei adversatur Fortunae & fortuitis casibus:
1072 951 1868 995 liter seipsum, hoc est, suam essentiam, sapientiam, bonitatem, justi¬
1222 156 1664 223 Sequitur axioma undecimum.
1089 212 1844 267 XI. AEternum decretum Dei est necessarium, id est. Quicquid
1054 256 1844 298 Deus ab aeterno decrevit, id destinato tempore necessario impletur
1054 296 1849 331 nec aliter se habere potest quam ut impleatur, non quod Deus ali¬
1060 321 1850 362 per decernere & facere non potuerit, sed quia sic ipsi placuit, sic vo¬
1056 361 1840 400 luit, ut dicitur Psalm. 115. v. 3. Deus noster in caelis est, omnia quaecurque
1048 394 1853 430 voluit, fecit. Quod si non eveniret id quod Deus decrevit, id eo fie¬
1054 420 1847 458 ret nomine, quod Deus decretum exsequi, aut non possit, aut nolit
1053 455 1853 495 At prius omnipotentiae, alterum sapientiae & constantiae voluntatis
1059 488 1853 530 llius e diametro adversatur. Absit autem ut statuamus, Deum de¬
1051 522 1853 569 crevisse, quod non possit efficere: aut aliud voluisse ab aeterno, aliud
1048 556 1169 595 nunc velle
1086 590 1866 630 XII. AEternum decretum Dei est arcanum & occulvum homi¬
1053 619 1867 658 nibus tantisper dum revelatione per verbum Dei aut exsecutione ipsa
1056 652 1867 687 innotescat. Quicquid Deus decrevit, vel ex revelatione Dei per ver¬
1054 688 1866 738 bum; vel ex eventu cognoscitur, quum impossibile sit quicquam eve¬
1054 720 1430 761 nire quod Deus non decreverit.
1093 747 1852 796 XIII. Decretum Dei differt a voluntate divina essentiali. I. Quia
1056 784 1853 826 decretum est effectus voluntatis: quicquid enim decrevit Deus, ideo
1062 821 1861 860 decrevit quia voluit, sicut Paulus Apostolus Ephes. 1. vers. 11. ait,
1065 852 1866 897 quod Deus operetur omnia ex censilio uoluntatis suae. Metonymi¬
1072 893 1867 928 ce autem decretum voluntas nominatur. 2. Quia essentialis vo¬
1069 917 1859 954 luntas Dei latius patet, quam decretum. Deus enim vult principa
1069 987 1868 1027 tiam, potentiam, gloriam aliasque suas essentiales proprietates &
1072 1017 1865 1059 haec non potest non velle necessitate naturae, liberrima tamen ab
1072 1050 1862 1088 omni coactione: deinde vult opera sua interna & externa; persona¬
1066 1082 1864 1122 lia quidem opera interna, necessitate itidem naturae; interna vero
1074 1124 1865 1156 essentialia & omnia externa opera, voluntate omnino liberrima;
1086 1154 1870 1192 quia poterat illa non velle aut aliter velle. Vult igitur Deus seipsum:
1071 1182 1862 1220 sed non decrevit seipsum, non decrevit suam essentiam & personas.
1084 1214 1869 1255 sed natura est, nec potest non esse Jehova, unus essentia trinus perso¬
1077 1248 1406 1289 nis & talis esse vult necessarie
1108 1277 1879 1316 XIV. Decretum Dei differt a προγνώσῳ, id est, praescientia
1075 1312 1879 1353 Dei. I. Quia praescientia Dei est actus intelligentiae: Decretum Dei
1075 1347 1879 1385 autem est simul actus voluntatis. 2. Quia decreti Dei effectus pro
1084 1380 1879 1423 prius & necessarius est praescientia. Unde Deus omnia praescit im¬
1075 1418 1868 1456 mutabiliter ab aeterno. quia praescit ex causa immutabili, quae est de¬
1075 1445 1860 1483 cretum ejus aeternum. Praescientia ergo praesupponit decretum volun¬
1078 1485 1862 1521 tatis divinae, quod ordine praecedit. Nihil enim futurum est, nisi Deus
1071 1508 1867 1555 id esse velit: nam alioquin impediret. Praescit ergo Deus, quae vult esse.
1074 1546 1870 1585 futura, id est, quae decrevit ut fierent. Metonymice autem decretum.
1089 1576 1613 1618 & προγνωσις pro eodem interdum accipiuntur.
1087 1707 1874 1747 Dei respectu nihil est fortuitum, quia omnia fiunt certo Dei consilio:
1077 1749 1877 1784 nobis hominibus multa sunt fortuita, non quod Fortuna, quam Gen¬
1090 1775 1874 1807 ciles pro Dea habuerunt, mundo ac hominibus dominetur, temere¬
1077 1807 1875 1843 que omnia sursum deorsum volutet: (abesse enim a Christiano pe¬
1077 1840 1871 1874 ctore decet talem vecordiam ac impietatem;) sed quoniam multa
1089 1873 1865 1915 praeter nostram opinionem, spem & exspectationem eveniunt, quo
1081 1908 1871 1942 rum ordo, ratio, finis, necessitas ut plurimum in consilio Dei latet, &
1088 1938 1874 1970 numano captu non comprehenditus; ut si quis in itinere a comitatu
1078 1968 1867 2003 suo aberrans, in latrones incidat & occidatur; decreto Dei ab aeterne
1087 2005 1872 2050 praefinitum fuit, quo terminus vitae cujusque est constitutus, unam cum
1072 2034 1421 2070 omnibus circumstantiis illius,
1080 2300 1874 2347 rum a doctrina Ecclesiae Christi Dogma Stoicorum spoliat Deum
1077 2330 1879 2366 sua libertate & omnipotentia & ordinem ac modum agendi in causis
1080 2365 1872 2403 secundis divina sapientia institutum abolet: nam Deum causis secan¬
1078 2396 1881 2434 dis alligat, ut sicut fert earum natura, sic necesse sit Deum per eas
1083 2432 1873 2469 agere: at Ecclesia Christi docet, non Deum ex causarum secunda¬
1075 2467 1875 2500 rum, sed causas secundas agere ex Dei tanquam summi & liberrimi
1086 2501 1871 2538 gubernatoris ac Domini praescripto, & ipsius arbitrio subjectas atqui
1085 2535 1874 2575 alligatas esse. Stoici sentiebant, neque Deum, neque causas secundas
1085 2561 1874 2602 quicquam aliter sua natura: gere posse, quam agunt: Ecclesia vero
1083 2595 1880 2628 Christi affirniat, non tantum causas secundas, alias ad certos ac defi¬
1074 2628 1867 2663 nitos, alias ad varios & oppositos effectus producendos a Deo condi¬
1085 2662 1870 2698 cas atque ordinatas esse, sed ipsum quoque Deum, sive per causas se¬
1083 2697 1871 2730 cundas, sive sine illis, sive permutabiles sua natura, sive per immuta¬
1077 2728 1870 2762 biles, omnia quorum opposita cum ipsius natura non pugnant, ve¬
1083 2765 1879 2792 non decernere vel aliter decernere ab aeterno potuisse: sic autem
1081 2793 1876 2836 decrevisse & efficere: non quia aliter non potuerit, sed quia sic ipsi
1084 2825 1160 2869 placuit.
1111 2862 1870 2906 Disparatur decretum Dei etiam a Fato Mathematico, quod merum
1080 2904 1873 2938 est figmentum hominum vano:um & f llacium, qui constellationi
1081 2934 1724 2980 siderum adscribunt, quod decreto Dei tribuendum erat
1119 2959 1883 3025 XVII. AEternum decretum Dei non tollit contingentiam effe¬
1086 2996 1309 3040 ctuum & eventuum.
1119 3029 1878 3078 OEJIC TUR. Quicquid omnibus futuris necessitatem imponit, qua
1083 3062 1867 3110 illa necesse est omnino fieri & evenire, id tollit contingentiam effectuum
1078 3100 1879 3138 & evintuum: AEternum decretum Dei omnibus futuris necessitatem
1085 3133 1870 3170 imponit qua illa necesse est omnino fieri & cvenire: Ergo aternum de¬
1071 3174 1711 3219 gretum Dei tellis contangentiam effectuum & eventuam
