2063 3429
213 220 1000 266 RESPONDEO: Distinguendum est. Quicquid omnibus futuris
189 265 971 303 necessitatem vel imponit, videlicet absolutam, vel coactivam, id tol
193 297 983 334 lit contingentiam. At aeternum decretum Dei omnibus futuris ne¬
183 333 976 374 cessitatem imponere vel absolutam, vel coactivam; negatur. Nam
190 366 978 399 decretum Dei sic effectibus & eventibus a se determinatis necessita¬
186 396 965 434 tem imponit, ut causas secundas secundum ipsarum naturam move¬
186 428 980 466 ri & agere velit. Ergo effectus seu eventus qui respectu causarum
192 460 979 499 secundarum, per quas fiunt & eveniunt, sunt contingentes; respectu
193 492 983 532 decreti divini sunt necessarii, non necessitate absoluta, nec necessita¬
188 527 983 563 te coactiva seu coactionis, sed tantum necessitate immutabilitatis
189 559 1005 594 seu necessitate ex hypothesi & consequentia. Nihil sua natura tam
189 592 979 627 contingens etsistit, ut non tribus modis ex hypothesi sit necessarium
195 624 971 661 decreto diviho, praescientia Dei infallibili & exsistentia. Nam quio
192 661 979 699 quid Deus decrevit & definito praescivit futurum, necesse est fieri &
194 690 974 726 evenire. Quicquid etiam exsistit, qua exsistit sadde, quicquid futu¬
187 727 986 765 rum, quam futurum) necessarium est: quia alias duo contradicto¬
189 762 982 796 tia simul essent vera, quod naturae repugnat & veritati Dei, in quo
192 789 983 827 non est simul Etiam & Non, ut Paulus Apostolus docet, 2. Co¬
189 820 386 861 tinth. 1. 18, 20.
238 840 989 897 XIIX. Decretum Dei comparatur cum scripto verissimo, ex usus
193 885 1003 925 forensi. Dan. 10. 21. Indicabo tibi id quod exaratum est in scripto ve¬
196 919 973 958 rissimo, id est, quod constitutum est in decreto Dei aeterno. Com¬
199 957 980 994 paratur etiam libro, & nominatur liber Dei Psal. 156.16. Apoc. 5. 1
196 995 341 1030 & cap. 10.
237 1028 948 1082 Sic fuit prima distributio aeterni consilii & decretis
396 1071 779 1137 diuvini: sequitur secunda.
445 1160 740 1211 CAPUT VII.
183 1221 967 1276 In quo de Praedestinatione creaturarum ratio¬
406 1276 767 1331 nalium in communi¬
219 1332 869 1371 EcUuNDo decretum Dei vel generale est vel speciale.
264 1374 985 1411 Decretum Dei generale, est quod in genere ad omnes res crea¬
198 1385 988 1448 tas pertinet, quas pro suo arbitrio cum omnibus illatum citcum¬
196 1433 983 1469 stantiis quam optime decrevit. Hoc appellatur etiam providentia
196 1468 980 1514 Dei, quatenus de interna actione Dei intelligitur; ut supra quoqui
195 1501 295 1542 dictum.
222 1530 973 1576 Decretum Dei speciale, est quod creaturas rationales attingit spe¬
193 1566 993 1605 ciali ratione. Hoc decretum praedestinatio dicitur Synecdochice quum
198 1608 989 1644 praedestinationis nomen alioquin latius pateat, & significet in gene¬
198 1631 980 1674 re decretum Dei aeternum & immotum, quo, prout ipsi placuit, tam
192 1665 981 1705 in genere omnes res creatas, quam in specie creaturas rationales ac
202 1697 979 1734 certum finem ordinavit. Hoc loco autem specialis praedstinatio intel¬
196 1727 982 1770 ligitur, quatenus creaturas rationales respicit extra temporalem &
196 1765 983 1805 animalem hanc vitam: & praedestinatio creaturarum rationalium ap¬
198 1794 983 1840 pellatur; ac proinde pars est providentiae Dei & praedestinationis ge¬
199 1827 278 1865 neralis
229 1853 1005 1900 De praedestinatione autem speciali creaturarum rationalium in
196 1893 437 1936 communi quaeritur:
235 1916 973 1971 I. An sit ulla praedestinatio in Deo ad creaturas rationales speciatio,
194 1954 308 2002 pertinens:
234 1982 986 2036 II. An doctrina de praedestinatione illa sit tradenda: an vero potius
201 2026 500 2065 omittenda in Ecclesia Dei:
237 2053 578 2091 III. Quid sit praedestinatio illa
228 2082 970 2129 IV. Quotuplex sit, seu quot eius partes sint? & quae distincte sint utri¬
202 2120 980 2170 usque partes, causa, effecta, subiecta, adiuncta, dissentanea, comparata, &c.
432 2159 751 2222 De prima quaestione.
228 2213 977 2260 Quum quaeritur, An sit ulla in Deo praedestinatio in specie ad crea¬
193 2247 973 2290 turas rationales pertinens? sententia est, an sit aliquod consilium & de¬
196 2288 940 2322 cretum Dei, quo ab aeterno discrevit salvandos & condemnandos
232 2322 970 2356 Esse autem praedestinationem talem in Deo, hoc est, decretum qui
192 2349 973 2385 discrevit creaturas rationales beatitudinis & miseriae aeternae ratione
199 2384 986 2429 probant primo Scripturae Sacrae testimonia. Eph. 1. v. 4. praedestinavit.
197 2412 976 2454 nos, quos adoptaret in filios, per Christum Iesum, in sese, pro benevolo af¬
201 2445 981 2486 fecta uoluntatis suae. & v. 11. In quo etiam in sortem adsciti sumus, quum
204 2475 977 2529 essemus praedestinati secundum praestitutum eius qui agit omnia ex consi¬
199 2516 980 2550 lio voluntatis suae. Rom. 8. 29. Quos praescivit, etiam praedestinavit, con¬
196 2543 973 2589 formandos imagini Filii sui. In epistola Judae Apostoli Catholica v. ,
193 2582 980 2619 Subrepserunt quidam homines, iam olim descripti ad hanc damnatio¬
198 2614 700 2650 nem. Alia testimonia deinceps adducentur.
226 2641 713 2685 Secundo probant idem rationes sequentes.
225 2676 983 2716 Prima: Qui est sapientissimus, is omnes res suas antequam fiant
203 2709 988 2751 non in incertum eventum, sed ad certum finem praedestinat: Atqui Deus
201 2740 983 2783 est sapientissimus: Ergo Deus omnes res suas antequam factae sunt
202 2778 992 2818 non in incertum eventum, sed ad certum finem praedestinavit; Ac¬
201 2810 655 2859 proinde etiam creaturas suas rationales.
229 2830 989 2875 Secunda: Qui est liberrimae potestatis & αυυπευδυνος, is de suo facit?
209 2874 985 2918 quod sibi placuerit: Atqui Deus est liberrimae potestatis & solus vero
195 2902 983 2952 ἄνθπεθδυνος: Deus igitur de suo fecit quod sibi placuit, ac proinde
208 2938 662 2982 creaturas suas praedestinavit quo voluit.
237 2962 986 3011 Tertia: In quo est consilium & decretum de rebus futuris, in eo est
202 3005 992 3043 praedestinatio: quia praedestinatio est tale consilium & decretum. At
201 3036 901 3082 in Deo est consilium & decretum de rebus futuris: Ergo, &c.
237 3068 988 3114 Quarta: Providentia est in Deo: Praedestinatio est pars providens
205 3095 615 3146 tiae. Ergo praedestinatio est in Deo.
231 3140 992 3191 Quinta: In quo est praescientia, amor & propositum voluntatis, in
211 3177 1009 3213 eo est praedestinatio: quia haec ab illis separari non potest Jam in Deo
205 3214 919 3258 est praescientia, amor & propositum voluntatis, &c. Ergo, &c.
1051 217 1823 285 Sexta: Omnis perfectio est in Deo. Praedestinatio est perfectio:
1029 264 1258 309 Ergo illa est in Deo.
1065 286 1816 342 OBJICITURI. Si Deus non est acceptor personarum; tum in ipse
1038 325 1822 375 non est praedestinatio: Atqui Deus non est acceptor personarum, ut dici¬
1036 361 1460 400 tur Act. 1. 34. & passim in Scriptura¬
1081 399 1433 442 Ergo in Deo non est praedestinatio
1065 427 1829 479 RESP. Negatur consequentia connexi: quia praedestinatio non est?
1034 453 1817 512 acceptio personarum, neque pars ejus, aut causa, aut effectum, aut ad
1047 500 1813 536 unctum ejus. Praedestinatio enim est decretum Dei aeternum: at τξe
1035 535 1820 572 σθποληγια seu personarum acceptio est actio temporalis, quum aliquic
1035 562 1816 605 in quopiam consideratur, quod gratiam ipsi pariat; ut est genus, sexus
1038 593 1819 632 dignitas, carnalis propinquitas, opes, patria sive gens, officia praestita.
1032 630 1826 673 merita & similes externae qualitates, quibus homines in judicio de
1029 663 1825 701 aliis solent moveri: aut quum aequalibus dantur inaequalia, quibus ex¬
1041 690 1825 737 obligatione aequalia danda erant. Atqui nihil est in ulla creatura ra¬
1036 729 1826 762 tionali, quod ei gratiam apiid Deum concilier; sed Deus ipse sibi gra¬
1045 762 1831 802 tos & acceptos in filio suo fecit quos voluit: Nec Deus est cuiquam
1032 793 1489 837 obligatus, ut ei teneatur quicquam dare
1069 828 1634 874 I. Cor. 4. v. 7. dicitur: Quis te ab aliis discernit?
1081 857 1467 898 Ergo nulla est in Deo praedestinatio.
1065 874 1829 923 RESP. Nulla prorsus est consequentia. Nam Paulus in allegato lo¬
1035 926 1833 967 co non agit de praedestinatione divina, sed tantum ostendit eptimum.
1038 958 1835 995 remedium coercendae arrogantiae ministrorum verbi Dei; q. d. quis
1035 990 1822 1026 enim tibi praerogativam dedit, ut solus emineas inter pastores Ecclesiae
1201 1025 1664 1081 Hactenus de prima quostione.
1075 1081 1834 1122 SECUNDA quaestio est: An doctrina de praedestinatione divina sit
1035 1117 1556 1156 tradendo, an potius omittenda in Ecclesia Dei.
1071 1148 1819 1189 De hac quaestione discrepantes sunt sententiae. Pelagiani enim af¬
1045 1180 1820 1223 irmarunt olim, & nunc contendunt multi, doctrinam hanc in Eccle¬
1038 1215 1562 1254 sia Dei esse omittendam, moti his argumentis
1068 1236 1828 1295 I. Quod illa arcanum sit, captum hominis excedens, quod propter
1032 1285 1828 1318 majestatem & profunditatem audientes magis implicet, quam expe¬
1038 1314 1829 1354 diat, erudiat, imbuatque salutari notitia, sic ut valere hic debeat illud
1041 1346 1520 1387 Prov. 25. 2. Honor Dei est abscondere rem¬
1072 1379 1828 1419 2. Quod homines de sua salute reddat dubios, quum praedestina¬
1038 1412 1726 1457 tionis arcanum vere absconditum sit in Dei aeterno consilio.
1068 1448 1549 1487 3. Quod obstet invocationi & cultui Dei,
1065 1477 1829 1525 4. Quod nonnullis desperationem adferat, nimirum sis, qui in
1041 1510 1825 1562 eam partem inclinant, ut potius in reproborum numero, quam ad
1044 1546 1565 1586 vitam aeternam praedestinatorum sese statuant
1075 1573 1828 1619 5. Quod securitatem impiam vitaeque prophanitatem pariat, of¬
1048 1608 1831 1652 ficiorumque pietatis neglectum: ut cum prophani homines dicunt;
1041 1640 1835 1682 Si sum praedestinatus ad vitam, nihi l refert, sive exerceam pietatis
1042 1675 1211 1722 opera, sive secu¬
1077 1697 1832 1747 Alii putant posse hanc doctrinam tractari; sed in Scholis: in templis
1046 1742 1822 1785 autem admodum parce: moventur iisdem argumentis, quibus priores
1071 1774 1827 1817 Nos contra doctrinam hanc non debere omitti; sed in Scholis &
1047 1805 1502 1850 templis tradi, his argumentis statuimus.
1063 1829 1829 1881 I Nulla doctrina quae a Christo ipso & Apostolis saepe & lucu¬
1047 1873 1642 1906 penter inculcata est, dissimulari in Ecclesia Dei debet
1084 1892 1829 1949 Doctrina de praedestinatione est a Christo ipso & Apostolis saepe¬
1035 1929 1816 1973 luculenterque inculcata. Luc. 19. vers. 20 Marci 13. v. 20, 26, 27.
1038 1968 1831 2003 Matth. 20.16. & capite 24. 21. 22, 24. Johan. 10. 26, 28, 29. Jo¬
1039 1999 1834 2046 han 13. v. 18. Joh. 17. 6, 12. Roman. 8. & 9. & 10. & 11. Ephes. 1.
1035 2029 1132 2079 & passim.
1059 2059 1565 2114 Ergo dissimulari in Ecclesia Dei non debet.
1077 2105 1832 2153 II. Nihil divinitus inspiratum & utile ad doctrinam, ad redargu¬
1033 2137 1835 2178 tionem, ad correctionem, ad institutionem in justitia, est praetereun¬
1035 2170 1258 2211 dum in Ecclesia Dei,
1078 2205 1825 2248 am haec doctrina est divinitus inspirata & utilis ad doctrinam, ad
1042 2241 1832 2277 redargutionem, ad correctionem, ad institutionem in justitia: Est
1032 2274 1828 2308 enim pars Sacrae Scripturae, ut testimonia ante allegata ostendunt.
1036 2305 1829 2340 Scriptura Sacra autem est verbum Spiritus Sancti, in quo ut nihile
1035 2338 1826 2382 praetermissum est scitu & necessarium & utile; sic nihil docetur nisi
1046 2366 1271 2411 quod scire conducat,
1068 2388 1553 2434 Ergo non est praetereunda in Ecclesia Dei.
1065 2434 1820 2474 III. Cujus doctrinae rejectione ipse Spiritus S. argueretur, quasi
1032 2466 1819 2509 implicita, inania, infrugifera tradidisset, adeoque & perscrutantibus.
1051 2505 1715 2535 erniciosa; id nequaquam est in Ecclesia Dei omittendum.
1071 2533 1817 2572 Jam rejectione doctrinae de Praedestinatione ipse Spiritus Sanctus
1038 2565 1817 2609 argueretur, quasi implicita, inania, infrugifera tradidisset, adeoque &
1032 2597 1474 2643 perscrutantibus perniciosa: Ergo, &c.
1063 2629 1812 2674 IV. Cujus doctrinae dissimulatione non exigua consolatione fi¬
1047 2675 1793 2719 leles privantur, id profecto non est omittendum in Ecclesia Dei:
1070 2699 1822 2747 Atqui dissimulatione doctrinae de Praedestinatione non exigua
1030 2732 1810 2773 consolatione privantur fideles: Nunquam enim liquido, ut decet
1050 2772 1819 2805 persuasi erimus, salutem nostram ex fonte gratuitae misericordiae Dei,
1040 2797 1818 2842 fluere, & certam esse donec innotuerit nobis aeterna ejus electio: Er¬
1037 2840 1114 2883 go, &c.
1078 2867 1820 2906 V. Cujus ignorantia gloriam Dei imminuit, humilitatis verae ra¬
1041 2898 1822 2938 dicem evellit, & superbiam gignit fovetque in mentibus hominum:
1068 2931 1709 2981 profecto non est silentio praetereundum in Ecclesia Dei.
1074 2963 1810 3004 Atqui doctrinae de Praedestinatione ignorantia adfert mala ista;
1054 3004 1822 3039 Quomodo enim Dei gloriam praedicet, qui ignorat, se secundum
1042 3036 1820 3071 electionem gratuitam servari? qui humilem se praebeat & superbiam
1045 3066 1811 3102 excutiat, cui non constat ex mera electione divina sibi salutem con¬
1045 3097 1814 3141 tingere? Augustinus de Pertseverantia sanctorum, capit. 24. ait: Sic¬
1042 3123 1813 3171 ut poenitentia praedicanda est, ut admoneamur de obedientia Deo debi.
1047 3158 1817 3202 ta: ita & praedestinatio, ut qui obediunt, non in homine aut seipsis, sed
1047 3198 1247 3247 in Deo glorientur.
