2063 3422
205 181 1031 223 & caeteris Prophetis, nempe Pater, Filius & Spiritus Sanctus: sic ut
213 214 1007 256 Creatio sit opus commune omnibus personis Sanctae Trinitatis: Pa¬
198 255 1004 298 ter tamen singulari jure appellatur Creator, nimirum ut principium
212 282 592 327 & summus terminus Creationis.
238 309 992 354 Haec Thesis initio declavanda, ut de vero ejus sensu constet: dein
207 345 1010 389 de confiemanda. Quum dicimus creatorem caeli & terrae & omnium.
210 384 1008 428 quae in eis sunt, esse Vatrem, Filium & Spiritum Sanctum, non ita ac¬
213 421 1004 454 cipiendum ac si tres causas efficientes creationis vel tres creatores
204 453 998 490 constitueremus. Nam ut Patris, Filii & Spiritus Sancti una est at
208 481 1004 527 que eadem essentia, etiamsi ipsi personis distincti sint: ita etiam sunt
213 521 1010 552 una causa efficiens creationis. Sicut unus sunt Deus: ita unus sunt,
207 548 1007 582 Creator. Nomen Creatoris est essentiae, & personae uniuscujusque
199 586 998 626 in essentia. Nam si absolute personam consideraveris, nihil quod est
193 616 997 650 essentiae, personae non est. Sin vero relate personam considerave
194 652 1010 685 ris, secundum distinctionem & ordinem personae unius ad alteram:
196 686 998 718 nomen Creatoris ratione ordinis est proprium Patris, non Filii. Idec
207 713 997 749 Pater dicitur creator, & hoc titulo seorsim ornatur, non respectu per¬
207 747 1010 781 sonae in se, sed ratione ordinis, dum respicitur ad alias Sanctae Trini¬
208 782 1003 819 tatis personas. Ut enim pater est principium filii: ita etiam operatio¬
199 813 886 852 num, velut creationis, conservationis, gubernationis, &c.
249 838 998 884 iam eadem Thesis confirmanda. Stabilit illam primo testimo¬
202 877 1003 924 nium Mosis, qui Genes. 1. vers. 1.ait: CrPyN NPTA τουγτ
208 917 997 947 Bereschith bara Elohim, quod ad verbum sonat, In principio creavit
201 949 1009 983 Dii seu potius Elohim, sic ut unum idemque opus primae creationis:
201 981 998 1024 non uni personae, sed pluribus tribuatur; quum PTA bara, sit ver
201 1011 1007 1063 bum singulare. LOPPyN Elohim autem nomen plurale. Dein¬
211 1044 1001 1087 de multo clarium, v. 26. Faciamus hominem ad imaginem nostram, sed
202 1076 1014 1123 cundum simisitudimem nostram. Praeterea testimonium Job. 35. vers.
207 1109 1000 1147 10. Ubi est Deus NNysy hosaj factores mei? Et Psal. 149. v. 2. laetetus
208 1142 998 1185 Israel qyuyθJ Bebeosav, in factoribus suis. Item. Jes. 54. 5. Nam ma¬
204 1178 854 1229 riti seu dominatores tui sunt TQQ hosajich opifices tut
230 1213 1001 1261 Haec Thesis est diligenter tenenda. Semper plurimi fuerunt, qui Pro
207 1252 1001 1295 phetarum Scriptis fidem non habuerunt, ac conjectura propria du¬
214 1289 995 1324 cti, quod eis placitum esset de Deo & creatione definierunt, me
207 1324 997 1362 gnumque est & inter ipsos invicem, & apud quemque eorum adver¬
203 1356 1001 1393 sus seipsum, de rebus earumque principio, juxta substantiam & nu¬
207 1387 1003 1426 merum & motum & finem dissidium, ut Iustinus Martyr loquitur in
213 1417 1004 1460 quorundam Aristotelicorum dogmatum eversione in prooemio pagina
201 1456 1000 1490 87. Edit. Commelinianae. Creatorem alium seu diversum a primo Dei.
210 1485 1004 1528 esse quidam putaverunt, ut refert Clemens Alexandrinus libro 4. spo¬
210 1523 1015 1558 ματ: pagina 219. editionis Commelinianae, Anμiμρρον non esse Patrem
209 1556 1004 1590 Christi, sed eo superiorem Valentiniani dixerunt. Mundum hunc esse
211 1588 1004 1626 opus indignum Deo asseruerunt Marcionitae: nam Creatore Deo maio¬
210 1621 1010 1656 rem finxit Marcio Deum, ut docet Iustinus Martyr Apologia 2. pro¬
204 1649 997 1683 Christianis pagina 54. editionis Commeliniana & pagina 72. Mum
208 1679 1010 1718 dum ab Angelis, non a Deo creatum dixerunt Simoniani, Nicolaitae,
206 1714 1013 1752 Menandriani, Archontici. Mundum a septem tantum Angelis crea¬
201 1744 1004 1785 tum, nugati sunt Saturniniani, Basilidiani, Mundum ab inferioribus
211 1779 1001 1814 Angelis & diabolo conditum finxerunt Cerinihiani, Luceferiani, Car¬
201 1820 1009 1854 pocratiani, Valentiniani, Manichai, Priscillianistae. Mundi crentorem
210 1852 998 1886 esse malum Deum, statuerunt Cerdoniani, Marcionita, Apcllitae. Mum
210 1881 1002 1918 di creatorem non esse Deum Abrahami, sed alium dixerunt Cajant. De¬
213 1911 998 1951 quibus antiquis haeresibus videatur Ireneaus Martyr libro 1. & 2. ad
213 1942 1007 1985 versus haereses, compluribus capitibus: item Tertullianus, Epiphanius,
207 1979 857 2018 Eusebius, & Augustinus de haresibus ad Quodvultdeum.
244 2008 1004 2049 Porro creatio immediate tanquam a proptio principio fuit opus
216 2039 1003 2081 Patris, Filii & Spiritus Sancti, quam ratione sunt omnes unius ejus¬
217 2074 419 2118 demque essentiae.
248 2093 1003 2146 Hoc vero tempore de Patre nulla est disceptati: in Ecclesiis: o¬
207 2142 998 2178 mnes enim fatentur, ipsum esse Creatorem. At Samosateniani re¬
208 2171 998 2210 centes negant, Christum Filium Dei, item Spiritura Sanctum ese
204 2205 1013 2248 creatorem caeli & terrae, seu autorem primae illius creationis a Mose¬
209 2237 329 2290 descriptae.
241 2277 1010 2319 De Filio igitur Dei initio agemus, & primo ex Scriptura, atque
213 2312 1011 2357 primitivae Ecclesiae, quae ante concilium Nicenum fuit, consensu asse¬
208 2346 998 2382 remus, cum creasse caelum & terram & omnia quae in eis sunt: deind
207 2379 1002 2420 assertionem nostram adversus exceptiones Samosatenianorum de¬
201 2414 320 2456 fendemus.
235 2446 995 2490 Primum locum occupet assertio nostrae orthodoxae sententiae, pe¬
214 2477 713 2522 tita tum ex testimoniis, tum aliis argumentis
241 2512 1003 2562 Testimonia sunt haec Joh. 1. v. 3. Omnia per hunc Sermonem facta
207 2556 994 2597 sunt, & absque eo factum est nihil quod factum est. Et v. 10. Mundus po¬
208 2596 998 2629 eum factus est, sed mundus eum non agnovit. 1. Cor. 8. v. 6. Nobis ta¬
216 2621 1002 2658 men unus est Deus, Pater ille a quo omnia & nos in ipso: & unus Do¬
219 2652 1010 2692 minus Iesus Christus, per quem omnia & nos per ipsum. Coloss. 1. vers.
210 2686 998 2724 16. per eum condita sunt omnia quae in caelis sunt & quae in terra, visibi
216 2719 998 2757 lia & invisibilia, sivs throni sive dominia, sive imperia, sive potestate.
216 2748 1009 2792 omnia per eum & eius respectis condita sunt. Estque ipse anes oninia &
210 2782 1000 2821 omnia per eum consist:ine. Hebr. 1. v. 1, 2. Mulius vicibus multisa
213 2825 1016 2858 modis olim Deus loquutus est Patribus in Pruphetis, aliemis diebus hisce¬
219 2851 1019 2892 locutus est in Filio, quema constituit haredem omnini, per quam etiam
216 2883 1012 2918 mundum condidit. In Eis testirnoniis dicitur per fuium, hoc est, ipsius
210 2919 1009 2960 propria vi & efsficacia & potentia omnis esse creata. N. anmi par¬
212 2950 1004 2985 ticula PER significeai in his locis capsanm instrumentaium seu admi¬
216 2986 1020 3025 nistram, sed ἀυικργον, sed verrm efficientem causam, seciam Paicis in
209 3017 1012 3052 creando. Ac ubi Pate: dicitur condidisse per Filiu, ndhil alius in¬
210 3052 1007 3085 telligitur, quam quod Filius Patri fuerit τuνερς ζιν &ν δμυισς, α, hoc
221 3082 1016 3119 est, quod operatus sic un? cum Patre; & sicut Pater operatus est. uodi
214 3111 1016 3150 sic cum eo Filius operatus sit. Hebr. 1. versic. 10. legitur, ad Filium
226 3150 1015 3189 esse dictum: Tu in mitio Domine terrant fundasis, & oper? mu¬
210 3180 1013 3220 nuum tuarum sunt caeli, ipsi peribunt, tu autem permimes: &: enines.
1052 181 1856 229 sut vestimentum veterascent: Ac velut amictum circumvolues eos, &
1060 220 1856 260 mutabuntur: tu autem idem es & anni tui non deficient. Apocal. 3. v.
1069 259 1857 299 14. Haec dixit Amen, testis ille fidelis & verax, principium opificii Dei,
1071 288 1859 330 d est, a quo ortum ducunt omnes res conditae. Principii enim vox.
1055 320 1862 364 hoc loco non passive accipitur, sed active, pro autore & causa effici¬
1062 349 1249 394 ente opificii Dei,
1104 373 1855 434 Haec testimonia sufficienter confirmant, Filium Dei ab initic
1057 422 1673 456 creasse omnia. Idem evincunt argumenta sequentia
1098 451 1652 496 I. Verus Deus natura, est creator caeli & terrae
1099 484 1467 519 Filius Dei est verus Deus natura
1093 509 1571 563 Ergo Filius Dei est Creator caeli & terrae
1098 541 1858 598 Propositio major est firmissima: nam ita proprium est Dei ut sit
1054 587 1856 628 conditor caeli & terrae, hoc est, totius mundi & omnium quae in eo¬
1061 617 1856 656 sunt, ut verus Deus esse non possit, qui non sit mundi conditor. Sic¬
1059 653 1862 700 enim dicitur Jer. 10. v. 11. Dit isti qui caelum & terram non fecerunt,
1059 684 1564 726 perituri sunt e terra & regionibus sub caelo ipsi
1095 715 1855 759 Assumtio abunde probata est supra cum de aeterna Filii Dei Dei¬
1066 749 1216 792 cate ageretur.
1090 781 1851 828 Hoc argumentum rejici non potest, quasi in eo sit petitio princi¬
1059 816 1856 857 pii, eo quod ex creatione rerum omnium supra sit probata aeterna
1055 851 1861 883 Deitas Filii Dei: & hoc loco ex Deitate ejus probetur, quod sit crea¬
1062 884 1852 921 tor caeli & terrae. Regressus enim talis vitiosus non est, sed usitatur
1054 917 1853 958 recte disserentibus, quem Logici reciprocationem demonstrationis
1066 944 1286 992 in & διοη appeliant
1098 981 1607 1017 II. Conservator mundi est ejusdem creator.
1089 1005 1862 1057 At Filius Dei est conservator mundi: ut dicitur Col. 1. v. 17. Omnia
1056 1045 1859 1090 per eum consistunt. Heb. 1. v. 3. Qui quum sit effulgentia gloriae & cha¬
1063 1078 1837 1119 racter persona illius, sustineatque omnia verbo illo suo potente. Ergo, &c.
1089 1113 1850 1154 III. Quaecunque Pater facit, haec & Filius pariter facit. Joh. 5. v. 19.
1063 1136 1853 1189 hoc est, una & conjunctim cum Patre Non enim res a Patre factas
1059 1179 1849 1220 aliis rebus a se factis exprimit Filius, sed quia in agendo par, imo uno
1053 1212 1853 1257 & eadem, & conjuncta est Patris & Filii, sapientia, voluntas, & po¬
1059 1246 1855 1289 tentia. Christus de omni opere Patris universe loquitur: Ergo etiam
1063 1275 1208 1314 de creatione.
1101 1302 1858 1351 At caelum & terram & omnia quae in eis sunt visibilia & invisibilia
1056 1336 1854 1385 Pater facit. Praesenti tempore utimur, sicut Deus ipse loquens de creatio¬
1069 1375 1246 1415 ne, Jesa. 44. 19.
1098 1395 1399 1452 Ergo & Filius pariter facit
1095 1431 1859 1486 IV. Qui per Prophetam dicit, Ego Iehova facio omnia, extendo
1070 1478 1858 1513 caelos solus, expando terram per meipsum, Jesa. 44. 19. Item, Ego feci¬
1053 1509 1849 1545 terram & hominem super eam creavi, ego manibus meis extendenti
1066 1539 1853 1578 bus caelos, omni quoque exercitui eorum praecepta dedi, Jesa. 45. 12. Item?
1068 1573 1861 1617 Sic ait Iehova creator caelorum ille ipse Deus, formator terrae & opifex,
1069 1605 1855 1640 idem stabiliens eam, qui non ad inanitatem creavit eam, sed ad inhabi¬
1069 1641 1860 1682 candum formavit eam: ego sum Iehova & nullus praeterea, Jesa. 45. v.
1069 1668 1407 1707 18. is profecto creavit omnia
1101 1694 1559 1747 At Filius Dei haec per Prophetam dicit:
1098 1736 1453 1781 Ergo Filius Dei omnia creavit.
1098 1763 1861 1816 Minor est certissima: nam. Qui per Jesaiam dixit; Certe mihi sese
1063 1797 1856 1843 flectet omne genu & omnis lingua palam agnoscet Deum, Jesa. 45. 23. 11.
1059 1840 1852 1873 etiam superius allegata in eodem capite dixit. Atqui Filius Dei Chri¬
1062 1870 1866 1908 stus per Jesaiam dixit, Certe mihi sese flectet omne genu & omnis lingua
1062 1906 1855 1938 palam agnoscet Deum: ut patet ex loco Pauli Eom. 14. 10, 11 Omnes
1062 1933 1862 1970 sistemur apud tribunal Christi. Scriptum est enim, Vivo ego, dicit Do¬
1053 1973 1856 2014 minus, certe mihi sese flectet omne genu & omnis lingua palam agnoscet¬
1057 2000 1791 2042 Deum: Ergo & paulo ante citata de creatione idem Filius dixit,
1090 2030 1852 2076 Huc facit quod Justinus Martyr docet, Christum per Propheta.
1062 2063 1855 2102 vaticinatum & loquutum, Apologia 1. pro Christianis p. 38. Apolo¬
1066 2099 1851 2142 gia item 2. p. 59. & 60. Eadem vero Apologia 2. pag. 75. Judaeo
1057 2139 1859 2176 errate asserit, existimantes, semper Patrem cum Mose & aliis Pro¬
1059 2166 1852 2204 phetis locutum, cum aeternus ille Sermo seu Filius Dei is fit, qui cum
1053 2200 1862 2248 Prophetis & per eos est locutus. Sic & Tertullianus ait, libro adver¬
1053 2229 1802 2271 sus Judaeos cap. 9. Qui ad Moysen loquebatur, ipse erat Dei Filius.
1089 2265 1856 2312 Hae sunt probationes ex Scriptura: sequitur Ecclesiae primitivae
1051 2290 1166 2332 consensus.
1089 2325 1855 2365 Credidit & docuit Ecclesia ante Synodum Nicenam primam
1066 2357 1850 2409 prorsus idem. Testimonia videantur supra tertio lib. capite quinte
1060 2388 1202 2433 de Filio Dei.
1102 2421 1856 2474 Quapropter Filius Dei Christus est causa efficiens seu autor pri¬
1060 2454 1421 2497 mae creationis rerum omnium.
1096 2489 1852 2534 Sequitur jam secundo loco defensio hujus confirmationis contra
1063 2525 1853 2566 Samosatenianorum exceptiones, quas habent duplices; generales ad
1072 2556 1856 2595 pleraque testimonia Scripturarum supra allegata communiter; &
1065 2585 1387 2634 speciales ad singulam seorsim.
1092 2612 1847 2660 Primo excipiunt generaliter ad testimonia allegata ex Joh. 1. 3. 10.
1063 2654 1858 2690 1. Cor. 8. 6. Coloss. 1.16. Hebr. 1. 2. eos illis mire abuti, qui inde pro¬
1062 2686 1853 2728 bant, Christum esse creatorem omnium, caeli terraeque. Sed in eo ipsos falli,
1059 2721 1847 2762 primum quod unum Deum esse Christum cum Patre somniaverint, il¬
1069 2753 1859 2790 lique coaternum & coaequalem; quare etiam creatorem cum illo unum
1059 2789 1850 2828 esse commenti sint. Secundo quod creationis vocem non intellexerint, de
1068 2814 1855 2854 nova creatione seu renovatione, reconciliatione & recapitulatione restau¬
1060 2855 1851 2887 rationeque accipi quoque saepe in Scripturis, ut Paulus doceat: Tum cumu¬
1069 2883 1855 2925 lant Samosateniani ex novo Testamento, quae de regeneratione loquun¬
1063 2915 1322 2961 tur per Christum facta
1095 2949 1849 2990 Ad has generales exceptiones ista est nostra replicatio. Primo ac
1071 2982 1853 3022 cusant Samosateniani abusionis & perversionis Scripturae non tam
1062 3015 1862 3049 nos vel eos, qui paulo ante nos in Ecclesia Christi docuerunt, sed o¬
1062 3050 1849 3087 mnes fidos Christi servos & ipsorummet Apostolorum Christi disci¬
1075 3084 1864 3117 bulos & eorum in primitiva & sequente Ecclesia successores, qui ut
1065 3113 1856 3150 ab Apostolis & viris Apostolicis edocti fuerunt, ita eo sensu quo nos
1075 3146 1860 3180 Scripturas superius recitatas intellexerunt, crediderunt & explicave¬
1072 3179 1859 3217 tunt, ut postea patebit; sic ut insigniter artogantes sint Samosate¬
