2063 3505
146 221 948 266 Sexti membri illustratio & probatio. Id propter cuius doctrinam
122 260 924 302 & raligioueim, Propbetae, Apostoli, & alii innumerabiles martyres ala¬
117 301 932 338 critur & animose acerbissima quaeque supplicia perferre & mortem cru¬
117 333 934 373 delissimam intrepide & constanter oppetere non recusarunt, id inquam,
130 361 377 410 divinum esse necesse est.
158 405 927 451 At propter Scripturae Satrae doctrinam & religionem id fecerunt: Er¬
123 441 655 489 go Sacram Scripturam divinam esse necesse est.
152 474 935 518 Maior propositio est certissima: nemo enim, qui modo sanae mentis
121 509 938 547 sit, titam & omnia quae hominibus sunt charissinia, vellet profun¬
117 543 929 584 dere & amittere, ad testandum & confirmandum id esse divinum
126 579 941 620 quod divinum esse profitetur, nisi in corde suo persuasus foret, certo
120 614 938 650 divinum esse: neque moles horribilium persecutionum & cruciatuum
129 644 936 683 sustineri in tanta hominum infirmitate posset, nisi divino robore
130 677 416 716 martyres sustentarentur.
165 709 925 748 Minorem confirmat historia sacra & Ecclesiastica, in qua innume
133 746 949 783 ra exempla martyrum recensentur: confirmat adhuc his temporibus.
126 779 355 826 nostris experientia.
169 812 935 859 Nos ergo Scripturam Propheticam & Apostolicam tali arrhabo¬
138 856 940 901 ne, nempe sanguine tot sanctorum hominum sancitam atque obsi¬
131 891 937 946 gnatam non certa & inconcussa persuasione pro divina susciperemus.
163 923 937 959 OBIICITVRI. Gentiles & haeretici etiam martyres sunt, ut
142 958 941 998 qui mortem pro doctrina sua adierint: exempli gratia, Socrates Athe¬
142 988 940 1030 nis, Georgius Cappadox Alexandriae, Arianus Episcopus, Anabapti
134 1022 947 1067 stae multi; quorum tamen doctrina non est diuvina: Ergo ex martyriis di¬
141 1057 521 1105 vinitas Scripturae colligi non potest.
166 1091 951 1135 RESP. Primo antecedens est falsum. Gentiles enim & haeretici.
135 1138 944 1176 non sunt martyres, ut nos martyrum nomen accipimus pro testibus
144 1169 939 1209 veritatis divinae quae in Scriptura nobis patefacta est: Nam non sup
144 1203 973 1239 plicium, sed causa martyres facit. Deinde etiamsi daretur Socratem
141 1237 945 1276 & homines fanaticos, fuisse aut esse martyres, tamen committere.
150 1265 950 1307 tur in hac objectione sophisma falsorum parium: nam primo Genti¬
139 1297 950 1333 les & haeretici eam mattyrum multitudinem quae est in Ecclesia, ne¬
147 1341 956 1375 quaquam habent: deinde in Gentilibus & haereticis non est zelus pro¬
147 1369 953 1411 gloria Dei sobrius & constans, sed fanatica quaedam intemperies &
141 1405 962 1443 pertinacia: tertio in Gentilibus & haereticis non conspicitur ea in
148 1434 953 1473 adeundis suppliciis alacritas quae conscientiae securitatem & cordi¬
145 1468 961 1506 in Deo laetitiam testificetur: at in plerisque martyribus nostris tanta¬
144 1500 955 1541 fuit alacritas, ut ultro etiam ad mortem se offerre non reformida,
151 1539 952 1577 verint, quod non fecissent, nisi divina confirmatione & consolatio¬
151 1573 958 1610 ne muniti fuissent, ut exempla fratrum Machabaeorum, Ptolemae,
150 1602 956 1645 & Lucii in Justini Mattyris Apologia prima pro Christianis, Chri¬
147 1635 966 1679 stianorum ad Arii Antonini tribunal ultro confluentium & pro Chri¬
147 1672 962 1712 sto pati volentium, Orthodoxorum item Edessenorum sub Imperato.
156 1706 961 1749 re Valente Ariano & aliorum innumerorum. Quarto, Gentiles &
157 1734 968 1770 haeretici patiuntur ut impiae doctrinae defensores, de suis erroribus
147 1771 962 1807 convicti: nostros autem martyres nulla in ipsorum confessione fala
159 1804 962 1841 sitate monstrata, vi tyrannica persecutores ad supplicia rapiunt; quim
156 1837 970 1882 nec ulla falsitas demonstrari potest in nostra Confessione, quia est
147 1871 643 1907 Prophetarum & Apostolorum doctrina.
189 1903 964 1948 OBIICITVRII. Si ex martyriis colligitur Sacram Scriptu¬
153 1934 975 1981 ram vere esse divinam, tum certitudo eius ab hominibus pendet. Sed
153 1972 664 2003 consequens est absurdum: Ergo & antecedens:
192 1997 959 2045 RESP. Nego consequentiam connexi, & ratio est, quia in marty¬
162 2035 965 2075 riis pro Scriptura Sacra ejusque doctrina, non hominum sanctorus
162 2074 962 2107 tantum testimonium intuemur, sed praecipue testimonium Dei dam¬
153 2106 967 2147 tis mattyribus ut pro veritate Scripturae mortem intrepide oppetere
156 2139 971 2180 non dubitent, juxta illud Pauli Philip. 1. Vobis datum est in Christi ne¬
159 2173 692 2213 gotio, non tantum credere, sed etiam pati pro eos
195 2201 665 2241 Septimi membri illustratio & probatio¬
203 2226 965 2279 Cuius rei cultores & propugnatores sunt mirabiliter a Deo servati,
159 2268 797 2322 periculis erepti & praemiis affecti, illa profecto divina est:
212 2292 979 2344 At Scripturae Sacrae cultores & propugnatores sunt mirabiliter a Deo.
159 2333 752 2387 servati, e periculis erepti & praemiis affectis: Ergo: &c.
205 2368 677 2405 Mator per se patet omnium confessione.
210 2391 967 2444 Minorem probant tum testimonia Scripturae, tum exempla fide
161 2433 973 2477 lium Scripturam Sacram amplectentium & sequentium. Testimonio
165 2467 968 2507 haec sunt: Psal. 1. Beatus praedicatur vir ille cuius oblectatio est in Leg.
166 2499 977 2541 Iehovae & qui de Lege illius meditatur interdiu ac noctu. Est enim sicut
169 2525 1006 2575 arbor plantata ad rivos aquarum, quae fructum suum profert in tempore
171 2573 973 2616 suo & cuius folium non decidit: & quicquid faciet, prosperabitur. Ps. 19.
174 2608 982 2642 v. 12. dicitur in mandatorum Dei observatione esse emolumentum ma¬
174 2636 979 2678 gnum. Talium testimoniorum plenus est Psalmus centesimus deci¬
175 2672 986 2707 musmonus Gal. 6. ver.16. Quicunqe secundum hanc regulam incedent,
171 2702 976 2749 pax erit super eos & misericordia & super Israelem Dei. Exempla sunt i¬
180 2741 980 2780 Regibus, Principibus & aliis fidelibus. De Regibus comuniter pro
178 2770 988 2813 nunciatur Deuteron. 17. v. 18, 19, 26. Sed erit quum rex insidebit solie
177 2802 988 2846 regni sus, ut describat sibi exempium huius Legis in libro, ex eo quierit in
177 2836 992 2877 conspectu Sacerdotum Leviticorum: Eritque penes eum & leget in eo o¬
178 2877 993 2912 mnibus diebus vitae sua, ut discat timere Iehovam Deum suum, obser¬
193 2903 1002 2939 vare omnia verba huius Legis, & statuta ista faciendo ea: Ne efferatur
186 2940 988 2982 animus eius prae fratribus suis & ne recedat ab hoc praecepto dextrorsum au¬
183 2972 998 3014 sinistrorsa: ut prolonget dies in regno suo ipse & filiu cius in medio Israelis.
186 3011 1004 3048 Specialia exempla sunt David, Josias, Ezechias & alii Ad Josuam di¬
192 3039 1004 3077 cit Jehova Jos. 1. v. 7, 8. Tuntummodo confirmare & fortis esto valde, ut
194 3074 1007 3121 cum observantia facias prorsus secundum Lege illam, quam praecepit tibi¬
192 3108 994 3150 Moyses servus meus, ne recede ab eo dextrorsum aut sinistrorsum: ut sed
195 3144 1004 3181 cunderis quocunque veris. Ne discedito liberiste Legis ex ore tuo, sed medi¬
183 3176 1009 3217 taberis de eo interdiu & noctu, ut cum observantia facias omnino prout¬
191 3213 1006 3251 scriptu est in es: tunc enim prosperaberis in viis tuis, & tunc secundaberis.
185 3245 1010 3282 Cofirmat hoc totus liber Josuae, in quo prosperitas Josuae describitur.
192 3278 1004 3323 Idem confirmant exempla alia, ut Danielis & ttium amicorum ejus
977 220 1808 267 item Nechemiae, Judaeorum conservatorum a πανολεδειᾳ seu totali inter¬
1000 268 1802 302 pecione sub Achaschvero matito Estherae, Machabaeorum, Constanti¬
993 302 1808 335 ni Magni, Theodosii Magni, Theodosii junioris qui manu sua No¬
988 335 1808 371 vum Testamentum descripsit, Caroli Magni, Alphonsii Magni Re¬
996 365 1810 411 gis Aragoniae & Siciliae, qui decies Biblia tota cum glossa ordinaria
994 401 1802 442 perlegit; qui omnes felices in expeditionibus bellicis fuerunt, ab ho¬
999 436 1563 486 stibus divinitus erepti & victoriis magnis ornati
1026 476 1814 521 OBIICITVRI. Multi qui Sacrae Scripturae dediti fuerunt, non
997 517 1801 548 tamen perinde felices exstiterunt, ut David ipsemet qui regno eiectus¬
996 547 1804 586 filio Absalomo & mala alia perpessus: Daniel & socii eius in exsilie fu¬
1003 581 1448 619 prunt. Ergo minor propositio non est vera
1032 597 1806 650 RESP. Processus est a dicto secundum quid ad dictum simpli¬
993 647 1805 686 citer. Multi Sacrae Scripturae dediti non sunt felices, nempe vel quan
993 680 1802 721 do Scripturae Sacrae non obtemperant & a mandatis Dei discedunt.
1002 717 1811 752 ut interdum accidit Davidi & Judaeis in exsilium Babylonicum abdu¬
1006 750 1808 787 stis: vel non sunt felices humano judicio, etsi coram Deo sint beati,
991 782 1805 819 ut qui ob veritatis caelestis professionem patiuntur persecutiones, sic
1006 810 1818 853 ut mattyres; quorum tamen multos Deus gloriose liberat, ut socios
1017 850 1820 891 anielis e fiammis fornacis Babylonicae, Danielem a lacu leonum;
1003 880 1334 926 alios fideles ex aliis periculis
1025 903 1804 957 OBIICITVRII. Gentilium & haereticarum religionum cul¬
1011 948 1813 981 pores & propugnatores fuerunt etiam felices; Ergo ex felicitate culto¬
1008 983 1817 1034 cum & propugnatorum Sacrae Scripturae non potest colligi illius divi¬
1006 1014 1070 1058 nitas.
1029 1036 1817 1088 RESP. Primo antecedens est falsum. Etsi enim Gentiles & haeretici:
1006 1083 1808 1119 visi sint felices, tamen nec vera ac solida nec diuturna illa felicitas fuit.
1005 1116 1822 1157 Secundo etiamsi daremus, illos felices fuisse, tamen ex eo non potest.
1007 1157 1825 1189 colligi, ipsorum religionem divinam fuisse, tum quia destituta fuit
1006 1182 1817 1220 aliis indubitatis argumentis divinitatem ejus evincentibus; sola enim
1011 1218 1811 1258 externa felicitas non est sufficiens religionis divinae documentum
1009 1248 1820 1287 neque nos ea solam nitimur, sed cum aliis argumentis coniuncta: tum
1023 1285 1819 1328 quia Gentilibus & haereticis interdum Deus utitur ad castigandum
1008 1316 1826 1354 Ecclesiam, ut eam a peccatis ad resipiscentiam adducat, ut exempla
1023 1350 1826 1387 lurima in libro Judicum & libris Regum & Chronicorum testan¬
1006 1388 1046 1424 tur.
1048 1398 1493 1452 Octavi membri illustratio & probatio¬
1052 1445 1826 1486 Cuius rei hostes & contemtores atrociter a Deo in hac & in futura
1017 1477 1825 1520 vita puniuntur, illa profecto est divina: At Scripturae Sacrae hostes & con¬
1022 1516 1712 1554 temtores atrociter a Deo in hac & in futura vita puniuntur.
1020 1545 1372 1594 Ergo Scriptura Sacra est divina.
1047 1580 1767 1620 Maior extra controversiam est etiam Gentilium confessione.
1059 1609 1817 1659 Minorem confirmant tum testimonia Scripture, tum exempla. Te¬
1018 1643 1829 1687 stimonia haec sunt. Psal. 1. v. 4. & 5. Non ita improbi sunt, sed sicut gluma
1027 1685 1820 1724 quam dispellit ventus. Idcirco non exsurgent improbi in illo iudicio; aut
1017 1718 1832 1758 peccatores in coetu iustorum. Psal. 2. v. 12. Osculamini Filium ut non ira¬
1025 1747 1831 1786 scatur & pereatis in via, quum exarserit vel minimum ira cius. Matth.
1030 1780 1835 1816 10. v. 14, 15. Quicunque non exceperit vos, neque audierit sermones ve¬
1019 1813 1832 1858 stros, exeuntes domo aut ex urbe illa, excutite pulverem pedum vestrorum:
1032 1847 1826 1882 Amen dico vobis, tolerabilior erit conditio terrae Sodomorum & Gomor¬
1017 1880 1829 1916 thaeorum in die iudicii, quam urbis illius. Joh. 12. v. 48. Qui reiicit me, nec
1027 1915 1829 1949 recipit verba mea, habet qui condemnet ipsum: sermo quem locutus sum,
1017 1954 1833 1987 ille damnabit eum ultimo illo die. Scriptura autem Sacra est sermo¬
1026 1980 1832 2015 Christi qui per Prophetas & Apostolos Ecclesie traditus est. Exempla
1017 2012 1826 2051 hostium & contemtorum Sacrae Scripturae a Deo atrociter in hac vi¬
1029 2048 1826 2083 ta punitorum & in futura puniendorum tot sunt quot tyranni & per¬
1026 2081 1832 2124 secutores pertinaces religionis divinae in Scriptura Sacra praeceptae;
1025 2114 1829 2158 homines reprobi, qui verbo Dei praedicato in mundo adversati fue¬
1026 2150 1826 2186 runt: ut primus mundus, qui verbum Christi per Noachum annun¬
1023 2181 1828 2219 ciatum spernens & ludibrio habens diluvio universali interiit Gen¬
1035 2212 1832 2252 7. & 1. Petr. 3. 19, 20. & 2. Petr. 2. v. 5. Civitates Sodomorum & Go¬
1029 2249 1838 2287 morrhae igne & sulphure caelitus depluente in cinerem redactae cum
1023 2280 1822 2316 incolis Gen. 19. & 2. Petr. 2. v. 6. & sequentibus, Judae epist. vers. 7. Da¬
1029 2316 1829 2358 than, Core, Abiram cum asseclis eorum Numer. 16. Jarobeam rex
1035 2351 1835 2388 Israelitatum cum sua posteritate, Achab, Jezabel, Sennacherib, Ma¬
1023 2380 1845 2419 nasses, Nebucadnetzar, Haman, Antiochus Epiphanes, Herodes;
1035 2414 1835 2450 Elymas Magus, Nero, Domitianus, Commodus, Maximinus, De¬
1031 2448 1831 2491 cius, Valerianus, Autelianus; Diocletianus, Maximianus, Magnen¬
1038 2480 1841 2529 lius, Julianus Apostata, &c. item Capernaum, Bethsaida, utbs Jeroso¬
1035 2512 1448 2564 lymorum a Romanis destructa, &c.
1071 2540 1841 2598 OBIICITVR I. Hostes & contemtores Scripturae Sacrae florent: Er¬
1028 2576 1241 2632 go non puniuntur.
1074 2597 1850 2651 RESP. Est processus a dicto secundum quid in antecedente. Ho¬
1038 2644 1849 2684 stes florent scilicet breve tempus, & aliqui solummodo: sed breveni
1048 2680 1846 2718 llorum felicitatem saepe luctuosus in hac vita, semper autem tristissi¬
1042 2714 1853 2763 mus atque aeternus interitus excipit, & multi hostes tragicis exemplis
1050 2747 1282 2788 ex hac vita tolluntur
1081 2773 1853 2829 II. Hostes & contemtores Scripturae Sacrae pleriinque florent: Ergo
1057 2811 1391 2861 Sacra Scriptura non est divina
1086 2838 1862 2899 RESP. Est processus secundum non causam ut causam: nam illi
1059 2887 1852 2932 lorent interdum & aliquandiu non hanc ob causam quasi sint adver
1056 2928 1865 2971 sarii rei non divinae, sed propter alias causas quarum prima est, ut pro¬
1063 2960 1868 3012 peritate temporaria illorum magis exerceatur & probetur fides &
1055 2999 1867 3042 patientia piorum: secunda, ut illis tempus resipiscentiae relinquatur;
1059 3030 1877 3074 tertia, ut illis longanimitate Dei abutentibus tanto justior & grauior
1065 3061 1864 3108 poena postea tandem infligatur, Psalm. 37. & 52: & 56. & 57: & 5&
1053 3099 1243 3141 Rom. 2. v. 4, 15.
1087 3125 1880 3192 III: Non omnes hostes & contemiores Sacrae Scripturae tragicos exi¬
1053 3172 1496 3211 tus habent; Ergo non puniuntur a Deo.
1099 3205 1876 3254 RESP. Primo ex puris particulatibus nihil sequitur: Quidam
1071 3238 1880 3278 non puniuntur, Ergo nulli. Secundo proceditur a dicto secundum quid.
1072 3276 1888 3323 Non habent tragieos exitus, scilicet in hac vita: Ergo prorsue non
