2063 3386
422 151 736 220 De Materia Mundi
207 222 967 269 Mundi materia dupliciter consideratur, vel ex qua ille sit creatus;
177 263 773 308 vel ex qua post creationum jam constitutus constet.
234 289 967 335 ateria ex qua creatus sit non est essentia Dei; neque substantia ul¬
186 325 958 368 la Deo coaterna, sed prima materia mundi, & ipsa facta est ex nihile
190 361 964 405 hoc est, ex nulla alia praejacente materia, ita ut nihil ejus antea fuerit:
186 395 964 432 voce NIHILaccepta negative, non privative ut supra dictum. Undi
194 423 974 465 prima materia Mundi aeterna non est: & Mundus proprie loquendo
192 459 968 506 a potentia ad actum non transiit, quum in potentia non fuerit, nulla
186 500 775 541 praeexsistente materia, in qua Mundus esset δυυαμει
225 521 970 563 Istud ex sola patefactione divina per verbum Dei nobis innotuit.
192 555 964 595 & ex sola illa innotescere potuit: quia est res fidei, sicut dicitur Heb. 11
192 597 964 638 3. Per fidem intelligimus compactum fuisse mundum verbo Dei, ut que
183 621 625 665 cernimus non sint ex apparentibus facta¬
231 652 962 691 Ex natura vero istud cognosci non potuit. Fidei enim Christiana
193 686 961 730 fundamentum non est natura: quum fidei Christianae articuli sint sua
189 722 535 769 pra & contra ordinem naturae
223 753 970 797 Convenientissimum autem est Deo, ut primam materiam produ¬
190 787 986 826 ceret absque ulla praeexsistente alia materia. Ut enim quaeque res est, ita
199 824 976 866 agit. Sed Deus ita est, ut non aliunde pendeat, nec aliud quid ad suum
192 857 977 904 esse praeexigat: Ergo similiter in agendo, nec prejacentem materiam,
190 892 673 927 nec quicquam aliud requirit aut supponit.
225 915 980 957 Ex materia vero prima e nihilo creata, deinceps aliae visibiles
189 954 964 990 creaturae sunt productae Sic mundus & omnes partes ejus sunt crea
198 985 974 1021 tae ex ihilo, immediate quidem si spectes primam materiam: media¬
195 1012 970 1058 te vero si spectes res alias vilibiles productas ex materia prima ini¬
195 1048 415 1090 tio ex nihilo creata.
219 1081 977 1124 Materia autem mundi jam creati & constituti, si partes ejus incor¬
192 1150 980 1190 sin vero partes ejus corporeas spectes, distincta est & multiplex, ad¬
196 1177 970 1219 miranda harmonia inter se compacta. Al a enim est materia caelo
205 1212 983 1255 alia terrae, alia aquae, alia aliorum corporum naturalium usque ad
196 1245 970 1289 semina minima: sicut Paulus ait 1. Corinth. 15. 37, 38, 39. Quod seris
207 1275 971 1314 non corpus oriturum seris, sed nudum granum, si cajus tulerit, tritio¬
198 1113 998 1158 poreas consideres, nulla est, ut Ange orum & animarum humanarum;
204 1309 976 1354 aut alicujus ex reliquis seminibus. Sed Deus dat ei corpus quod veluit
203 1339 980 1386 & singulis seminibus suum corpus. Non omnis caro, eadem caro, sed alia
201 1374 980 1419 quidem caro hominum, alia autem caro pecorum, alia autem piscium,
204 1407 976 1450 alia vero volucrium. Ita discernit Christus corpus humanum a spiri¬
199 1445 1002 1483 tu, Luc 24. 39. Videte manus meus & pedes meos: nam ego ipse sum:
213 1477 982 1522 contrectate me & videte: nam spiritus carnem & ossa non habet, sicut
204 1507 460 1553 me conspicitis habere.
237 1539 979 1578 FORMA Mundi alia est connexa mundo, alia separata. Illa tum
201 1570 980 1610 interna tum externa. Forma interna, est ordinatissima illa omni¬
210 1603 980 1643 um partium Mundi dispositio inter se, quam nulla pulchrior, nule
211 1638 986 1678 la aptior, nulla perfectior dari potest, per quam singulae partes, licet
211 1676 982 1711 materia diversa, & impati dignitate & virtute sint, tamen conspiram
217 1705 985 1737 inter se & quasi concinunt suavissima harvonia: sic ut ad Mundi per¬
216 1733 979 1771 fectionem nihil possit amplius desiderati. Ac certe ex partium con¬
220 1773 991 1805 unctarum proportione & ordine pulchritudo mundi elucet. Haec
210 1809 995 1846 partium Mundi harmonia naturalis admonet nos homines de har¬
207 1842 721 1875 monia spirituali colenda in Christo Domine
246 1861 992 1904 Forma externa est sphaetica, hoc est, ratunda, orbicularis, seu circu¬
217 1895 994 1938 laris, ut colligi potest ex eo quod Job. 22. 14. dicitur; Deum ambitum
210 1936 985 1972 caelorum obambulare: & Prov. 5. 26, 27. Adhuc non fecerat terram aut
207 1963 994 2001 rura: imo principium, pulveres orbis habitabilis. Quum aptaret caelos,
217 1993 992 2032 ibi eram, tum statueret ambuum in superficie abyssi. Jesa. 40. 22. Deus
207 2028 985 2068 insidet ambitui terrae. Jac. 3. v. 6 mundus dicitur rota geniturae nostrae
249 2059 989 2100 Forma autem mundi separata, est idea ejus in mente divina, juxte
216 2090 989 2138 quam velut archetypum creatus est mundus. Philo Judaeus libro de
217 2129 995 2166 mundi opificio inquit: Liquet autem quod archetypum sigillum, quem
223 2158 994 2202 dicimus esse mundum intelligibilem, ipse sit archetypum illud exemplar,
220 2192 515 2234 idea idearum, verbum Dei.
254 2210 997 2266 FINIS Mundi praecipuus, universalis & ultimus est Deus ipse, a
225 2257 989 2301 quo ut sunt omnia, ita in ipsum seu gloriam ipsius ordinata sunt o¬
223 2285 994 2327 mnia, sicut dicitur Proverb. 16. 4. Omnia fecit lebova propter semeti¬
219 2318 994 2362 psum. Unde nulla est pars mundi, nulla creatura, cui non insculpserit
219 2353 997 2396 Deus gloriae suae notam, Psal 8. 2. & Psa. 19. vers. 2. & sequentibus. Et¬
219 2389 994 2422 Psal. 36.6. Immediatus vero, particularis & proximus finis est ho¬
222 2412 1017 2459 mo: nam propter ipsum conditus est, ut in eo tanquam habitatorI
229 2456 997 2489 & dominus in domo amplissima habitaret & omnibus rebus a¬
219 2480 997 2526 liis in eo uteretur, frueretur, idque non tam ad suam utilitatem, quam
228 2520 407 2563 ad gloriam Dei.
256 2541 995 2587 Porro cum Mundi finis particularis dicitur esse homo, intelligi¬
216 2589 991 2624 tur tum humanum genus communiter, tum Ecclesia Dei speciatim
231 2612 992 2653 Omnes enim aliae res in Mundo creatae sunt tum hominum univer¬
226 2645 998 2684 sorum, tum peculiariter Ecclesiae Dei causa, ut ipsius bono & salut
213 2682 323 2729 servirent.
429 2717 803 2775 De adiunctis mundi Theses.
258 2772 992 2815 Thesis I. Mundus factus est in principio temporis Gen. 1. non
226 2813 1007 2856 quod tempus proprie acceptum fuerit ante mundum, sed quod Mun¬
226 2852 1001 2888 dus principium durationis acceperit, atque sic mundus cum tempore
218 2878 998 2918 factus sit & tempus cum mundo inceperit; neque quod tempus pro¬
228 2909 997 2959 prie sit creatura; creaturae enim proprie sunt substantiae, sed quod tam
219 2946 1003 2983 quam accidens inseparabile statim concreatum mundo eumque co¬
217 2975 1003 3013 mitatum sit. Unde mundi tempus inde a primordio ejus per Mosem
218 3005 1000 3052 & Prophetas, aliosque Chronologos per annos, menses & dies nume¬
219 3044 1000 3082 ratum est & deinceps numerabitur Itaque creatio mundi non est in¬
233 3070 1025 3115 temporalis: & mundi temporisque unum est principium, nec aliud alio
231 3111 358 3156 praevenitur.
265 3131 1012 3181 Thesis II. Natalis mundi fuit Verno aequinoctio nostri haemia
1007 157 1798 219 sphaerii, quod aequinoctium olim erat die primo primi mensis qui Ni¬
1030 207 1820 238 ian, item Abib dicitur, hoc est, canonice seu regulariter die 25. men¬
1018 237 1822 274 sis Martii nostri, Sole ingrediente arietem Dixi canonitce seu regula¬
1017 271 1804 307 riter, quia in alium diem Martii interdum cadebat. Nunc diversita.
1032 304 1817 346 Calendarii veteris & novi diem aequinoctii variat. Nam secundum
1033 337 1816 378 Calendarium novum interdum est dies 20, interdum 21, interdum
1021 369 1655 410 22. Martii: secundum vetus 10 vel 11 vel ia dies Martiis
1065 398 1813 442 Natalem vero Mundi fuisse verno aequinoctio patet ex eo I. quia
1017 435 1811 475 inde a principio mundi annus a verno aequinoctio inchoatus fuit: ut
1018 466 1331 511 colligi potest ex c8. Genes.
1057 494 1808 538 II. Quia Deus ipse per Mosen justam rationem anni, ejusque
1036 532 1814 568 principium declaravit, instaurata veteri ratione quam Israelitae in
1026 570 1802 611 AEgypto intermiserant. Sic enim Deus Exod. 12. 2. ait: Hic mensit
1027 599 1811 638 (nempe Abib ut appellatur Exod. 13. 4.) vobis principium mensium
1030 630 1828 673 erit: primus illa esto vobis inter menses cujusque anni, sacri videlicet. Du¬
1030 662 1828 709 plex enim annus erat, sacer & civilis: uterque AEquinoctialis seu per a
1033 697 1828 744 AEquinoctia distinctus. Sacer annus, erat qui ad redemtionem & ra¬
1024 732 1828 777 tionem festorum pertinebat, initium habens verno AEquinoctio
1035 760 1814 802 quod Sole tenente octavam partem Arietis inire solet. Civilis annus,
1026 798 1802 830 erat qui res civiles, nempe Jubilaeum intermissionem terrae atque pro¬
1037 827 1820 882 ventus spectabat, ducens initium ab autumnali a quinoctio cum Sol;
1023 858 1201 901 in Libra ageret.
1059 884 1810 935 III. Quia etiam Chaldaei & Petsae eandam rationem anni, vel¬
1029 927 1810 965 ut a Patribus per manus traditam, coluerunt: ac propterea Mithras
1033 958 1816 1002 Persarum Deus sedem in AEquinoctio verno habens figurabatur, &
1048 991 1316 1032 ladium gestans Arietis.
1071 1016 1813 1066 IV. Quia consentaneum est, voluisse Deum mundo recens nato
1035 1061 1804 1092 optimum anni tempus largiti. Esse autem vernum tempus anni to¬
1035 1091 1807 1125 tius optimum, indicat ejus amoenitas, temperies, & ad res gignendas
1018 1117 1820 1167 conseivandas atque ad incrementum provehendas commoditas:
1029 1156 1813 1201 cum tempore Autumni deflorescant paulatim omnia, & ad corru¬
1040 1185 1231 1233 ptionem tendant.
1074 1212 1807 1265 V. Quia Mundum verno tempore creatum affirmant pleriqui
1041 1246 1814 1293 Patres, ut Athanasius Quaestionibus ad Antiochum, responsione ad
1039 1290 1804 1326 quaestionem quinquagesimamquartam: Ambrosius quarto tomo o¬
1044 1325 1809 1362 perum. lib. 1. Hexameron, cap. 4. Mensis hic initium mensium eritvos
1038 1346 1810 1386 bis, quamvis & de tempore istud accipiatur, quia de Pascha Domini lo¬
1029 1383 1831 1425 quebatur, quod veris initio celebrabatur. In hoc ergo principio mensium:
1029 1418 1802 1456 caelum & terram fecit, quod inde mundi capi oportebat exordium ubi:
1048 1446 1817 1485 at opportuna omnibus verna temperies. Unde & aunus mundi ima¬
1044 1483 1813 1522 ginem nascentis expressit, ut post hybernas glacies atque hyemales cali¬
1041 1522 1817 1559 gines serenior solito verni temporis splendor eluceai. Dedit ergo for¬
1041 1546 1807 1586 mam fructus annorum curriculis mundi primus exortus, ut ea lo¬
1047 1588 1817 1622 ge annorum vices surgerent, atque initio cujusque anni produce¬
1039 1613 1820 1650 ret terra nova seminum germina, quae primum Dominus Deus dixe¬
1047 1645 1825 1690 rat: Germinet terra herbum foeni, seminans semen secundum genus
1045 1675 1817 1714 & secundum similitudinem, & lignum fuctiferum faciens fructum. Et
1051 1712 1820 1748 statim produxit terra herbam foeni, & lignum fructiferum: in quo no¬
1050 1744 1820 1782 bis & moderationis perpetuae divina providentia, & celeritas terrae ger¬
1035 1776 1828 1813 minantis ad aestimationem vernae suffragatur aetatis. Nam etsi quo¬
1044 1809 1825 1846 cunque tempore & Deo jubere promium fuit & terrae obedire naturae,
1048 1841 1819 1883 ut inter hybernas glacies & hyemales pruinas, caelestis imperit fotu ger¬
1041 1878 1833 1913 minans terra foetum produceret, non erat tamen dispositionis aeternae,
1041 1906 1829 1945 rigido stricta gelu in virides subue fructus laxari arva, etque horrentibus
1044 1940 1825 1974 pruinis florulenta misceri. Ergo ut ostenderet Scriptura veris tempora in
1051 1974 1843 2012 constitutione mundi ait: Mensis hic vobis initium mensium: primus est
1042 2003 1816 2035 vobis in mensibus anni. Primum mensem, vernum tempus appellans
1050 2034 1822 2079 Decebat enim principium anni, principium esse generationis, & ipsam
1042 2071 1820 2105 generationem mollioribus auris fover: Neque enim possent tenera rerun¬
1047 2102 1817 2138 exordia aut asperioris laborem tolerare frigoris, aut torrentis aestus in¬
1052 2131 1832 2171 juriam sustinere. Simul illud ad vertere licet, quia jure concurrit ut eo
1053 2165 1833 2210 tempore videatur in hanc generationem atque in hos usus ingressus
1056 2198 1823 2242 tributus, quo tempore ex hac generatione in regenerationem legiti¬
1053 2230 1832 2275 mus est transitus. Siquidem verno tempore filii Israel Aegyptum
1048 2263 1824 2301 reliquerunt, & per mare transierunt, baptizaui in nube & in ma¬
1048 2296 1847 2325 ri, ut Apostolus dixit: Et eo tempore Domini quotannis Iesu Christi Pa¬
1057 2326 1825 2371 scha celebratur, hoc est, animarum transitus a vitiis ad virtute, a pas¬
1063 2357 1835 2409 sionibus carnis ad gratiam sobrietatemque mentis, a malitiae nequitiaeque
1053 2391 1477 2430 fermento ad veritatem & sinceritatem
1083 2425 1839 2466 Idem sentit Theodoretus quaestione septuagesimasecunda in Exo¬
1053 2458 1826 2498 dum: Quamobrem prima die primi mensis Deiuis jussit erigi tabernacu¬
1059 2490 1825 2530 lum? Propterea quod eodem fere tempore Deus creaturas condidit. Cui
1059 2519 1848 2553 jus rei fidem facit arborum germinatio. Germinet, inquit, terra herbam
1054 2557 1848 2594 virentem, ferentem semen secundum genus & similitudinem suam: &
1057 2583 1848 2622 lignum fructiferum faciens fructum, cujus semen in ipso sit, ad similitu¬
1060 2620 1848 2650 dinem, juxta genus suum super terram. Incipiente euim vere prata flo¬
1065 2651 1832 2689 vere solent, segetes semina concipiunt, arbores fructum emittunt. Ed de
1050 2686 1833 2724 causa Deus etiam sub idem tempus liberavit popuium Israela servitute
1062 2717 1829 2751 Agyptiorum. Et Gabriel Archangelus sanctae virgini Mariae laetum nun¬
1053 2750 1835 2791 tium admirandi partus attulit. Eodem quoque tempore Christus Domi¬
1053 2779 1823 2816 nus salutarem pertulit passionem. Cyrillus Jerosolymitanus Cateche¬
1057 2812 1829 2848 si 14. Leo Sermone 9. de Passione: Damascenus secundo libro Fi¬
1053 2846 1826 2881 dei Orthodoxae, septimo capite: Beda in libro de ratione tempo¬
1062 2879 1832 2917 tum, capite 28. Isidorus 5. Etymologiarum, capite de Temporibus
1065 2909 1825 2946 Rabanus ad caput 12. Exodi: Synodus Palaestina coacta a Theophi¬
1062 2944 1834 2984 lo Episcopo Caesariensi; decreti illius meminit Beda, libro jam alle¬
1056 2973 1201 3025 gato, cap. 10.
1089 3005 1838 3045 Idem visum fuit antiquis Astrologis, qui popterea Solarem
1059 3038 1841 3082 motum a principio Arietis auspicabantur: & poetis, quorum inter¬
1062 3071 1576 3114 Latinos princeps ita cecinit lib. 2. Georgicone
1063 3103 1498 3138 Non alios prima nascentis origine mundi.
1062 3139 1495 3178 Illuxisse dies, aliumve habuisse tenorem
