2063 3396
184 181 985 235 Stella ista e caelo cadens est primarius quidam Episcopus qui a ve¬
180 225 968 264 ri Christi Ecclesia discessit & terrenus factus est doctrina ac vita.
190 261 965 298 Et cap. 12 vers. 7 Et factum est praelium in caelo Michael & Angeli e¬
186 285 961 333 jus praeliabaretur cum dracone, & draeco pugnabat & angeli ejus Et Jes.
178 320 967 363 65. vers. 17. Ecce ego creaturus sum caelos novos. & cap. 66. vers 22.
188 349 970 397 Quemadmodum caeli illi novi & terra ipsa nova quam ego facturus
178 385 964 430 sum, constituta sunt coram me, dictum Iehovae, ita constitutum est
183 423 961 461 semen vestrum, & nomen vestrum. Luc. 10. v. 18. Spectabam Satanam,
192 454 967 490 ut fulgur e caelo cadentem, id est, ex Ecclesia Dei & cordibus electorum
216 483 455 528 ejectum profligatumque.
219 519 965 558 Eadem voce itidem per metonymiam intelliguntur quandoque
183 554 959 588 nubes & alia meteora, ut quum Deus dicit Levit. 26. v. 19. reddam
192 580 955 618 caelum vestrum tanquam ferrum, id est, nubes ita solidabo ut non stil¬
189 617 637 659 lent pluviam ad foecundandam terram.
223 648 970 683 Per Synecdochen vero totius pro parte, usurpatur in sacris literis
183 685 962 721 interdum pro summa, alta ac gloriosa habitatione Dei, ut Marc. 16.
192 710 967 755 v.19. Dominus igitur postquam loquutus fuisset eis, sursum receptus est
193 751 967 781 in caelum: Interdum pro corpore illo in quo stellae sunt collocatae, ut
186 780 961 818 Psal. 19. 7. Ab extremitate caelorum exortus Solis: Interdum pro aëre,
188 814 700 850 ut quum dicuntur volucres caeli Gen. 1. v. 26.
216 844 973 891 In praesentia intelligimus caelum tum supremum, tum sidereum:
191 877 700 923 quod utrumque primo die a Deo creatum est.
225 901 970 950 Ac ut de reipsa agatur, de caelo supremo quaeritur, unde ejus cognitio
201 939 974 979 habeatur? & qualis illa cognitio sit? an sit caelum tale? quid sit? quibus
192 972 977 1016 nominibus appelletur? an sit creatum? an sit in loco? quantum & quale
198 1008 913 1047 sit? an extra illud Deus sit? quem nobis usum praestet ejus cognitio?
228 1032 967 1080 Cognitio supremi caeli aliunde haberi non potest, quam ex verbo
201 1069 968 1110 Dei, seu ex sola revelatione divina, quae jam in sacris literis contine¬
195 1103 971 1146 tur: ac proinde cognitio illius non est naturalis. Caelum enim supre¬
198 1144 996 1176 mum dum in hac vita versamur, nulli nostro subjectum est sensui,
196 1171 974 1205 unde naturalis cognitio initium sumit: neque ratione naturali per¬
202 1205 974 1244 cipitur; quum nullus ejus effectus, unde tanquam a posteriori in e¬
207 1237 974 1277 jus cognitionem perduci queamus, ad nos usque pertingat. Non
201 1270 973 1310 prodest ad indagationem ejus Geometria & Arithmetica: non O¬
207 1302 982 1344 ptice, non observationes, non hypotheses ullae: non Physica, quum
207 1331 974 1369 caelestia corpora ex solo motu aspectuve deprehendantur; cae¬
204 1364 977 1403 lum autem supremum immobile sit, nullum motum sibi ven¬
210 1395 980 1432 dicans, neque sub aspectum nostrum cadens. Nihil igitur de eo
211 1430 974 1465 scit humana Philosophia: maxime quum Aristoteles in libris de cae¬
210 1466 1000 1498 lo & mundo probet, extra caelum stelliferum, nullum esse corpus aut
200 1496 286 1536 locum.
237 1517 979 1563 Caelum supremum, quod ab aere & caelo stellato distinctum est,
204 1561 983 1602 revera esse, Scriptura Sacra testatur. Nam Paulus Apostolus ait
213 1594 976 1630 2. Corinth.3 vers 2. se raptum in tertium usque caelum: & Ephes. 4.
208 1626 989 1659 vers. 10 dicit, Christum adscendisse longe supra omnes caelos, nimirum
201 1657 979 1695 hosce adspectabiles caelos, aerem & caelum stellatum. Plura testimo¬
201 1689 991 1730 nia hic non addo, quia in sequentibus allegabuntur: sed definitionem
208 1722 361 1771 ejus subjicio.
243 1756 980 1795 CAELUM SUPREMUM, est expansum, extimum illum hu¬
213 1786 977 1824 jus universitatis ambitum circumplectens, gloriosissimum Dei,
220 1820 979 1852 sanctorum Angelorum & hominum beatorum habitaculum.
216 1851 992 1889 Huc pertinet quo dicitur Psalm. 113. vers. 5. Quis est par Iehovae Deo
219 1883 986 1916 nostro, qui in altissimis habitat? Deuteron. 26. vers 15. Prospice ex
210 1915 973 1957 habitaculo sanctitatis tuae e caelis: & 1. Reg. 7. vers. 30, Auscultes in lo¬
208 1949 989 1985 co habitationis tuae in caelis. Matth. 18. vers. 10. Videte ne contemnatis
217 1977 979 2015 aliquem ex parvis istis: dico enim vobis, Angelos eorum in caelis per omne
213 2010 986 2051 tempus intueri faciem Patris mei qui in calis est. Johan. 14. versic.
216 2042 985 2080 2,3. In domo Patris mei habitationes multae sunt: alioqui dixissem vo¬
211 2076 977 2114 bis: Proficiscor paraturus vobis locum: & quum profectus fuero & para¬
vero vobis locum, rursum veniam, & assumam vos ad meipsum: ut ubi
211 2106 1000 2158 vero vobis locum, rursum veniam, & assumam vos ad meipsum: ut ubi
212 2141 409 2189 ego ero, & vos sitis.
243 2171 989 2212 NOMINA habet multa, quae vel expresse exstant in Scriptu¬
213 2203 983 2247 ra Sacra, vel ex ea deducuntur: in Scriptura expresse duplicia no¬
225 2241 989 2280 nina ejus occurrunt, propria & tropica. Prioris generis sunt, ter¬
222 2278 976 2309 tium caelum, caelum caelorum, templum Dei. Tertium caelum nomina¬
223 2307 989 2346 ur I. Corinth. 12. v. 2. respectu duorum aliorum, nempe caeli stel¬
213 2335 985 2374 lati & aeris. Caelum caelorum nuncupatur Deuteron. 10. versic. 14.
216 2368 982 2411 & I. Reg 8. vers. 27. Psalm. 115. vers. 16. quia sublimius est caeteris
216 2401 988 2442 caelis. Templum Dei dicitur Psal. 11.4. & 18.7. quia e caelo Deus omnia
220 2434 386 2477 tuetur & videt.
252 2456 988 2507 Tropica nomina illius plura occutrunt: eaque vel metonymi¬
216 2493 988 2532 ca vel metaphorica, vel Synecdochica. Metonymice vocatur Para¬
214 2532 979 2570 disus, Lucae 23. vers. 42. 2. Corinth. 12. v. 4. Ierusalem quae sursum est,
223 2561 980 2599 Galat. 4. vers. 26. Ierusalem caelestis Hebr. 12 vers. 22. mons Sion, ibi¬
222 2592 977 2631 dem. Sacrarium. Hebr. 9. versic 12. Christus ingressus est semel in Sa¬
220 2632 995 2666 crarium, & capite 10. v. 9. Quum igitur, fratres, habeamus libertatem
218 2656 995 2699 ingrediendi Sacrarium per sanguinem Iesu. Nam Paradisus terrestris,
216 2690 982 2730 urbs Jerusalem, mons Sion, Sacrarium templi Jerosolymitani, fue¬
217 2727 476 2771 runt typi caeli supremi.
261 2750 992 2798 Metaphorica nomina supremi caeli sunt; domus Patris Christi, Jo¬
229 2789 997 2826 han. 14. 2. habitaculum sanctitatis Dei, Deuteron. 26 vers. 15 locus
229 2823 991 2860 habitationis Iehovae, Psal. 33 ver. 14. Sinus Abrahami, Luc. 16. vers 22.
231 2855 1001 2890 Sic enim vocatur locus exoptatae quietis & beatitudinis a Deo de¬
223 2887 995 2928 stinatus ac paratus Abrahamo patri credentium, & omnibus illis
219 2923 985 2960 qui insistunt vestigiis fidei Abrahami. Similitudinis ratio est; Sic¬
222 2955 998 2994 ut filii laboribus diurnis fessi aut ex peregrinatione domum paternam
222 2994 989 3030 reversi veluti in sinum patris suscipiuntur ut quiescant: ita fideles, qui
225 3022 998 3056 vestigiis fidei Abrahami insistunt, post labores hujus aerumnosae vitae
220 3049 994 3083 & peracta hujus vitae peregrinatione ab Angelis sanctis in caelum as¬
231 3082 991 3125 portantur & velut in sinum ab Abrahamo suscipiuntur, dum in caelo
225 3120 998 3154 tanquam in tutissimo loco a laboribus suis quiescunt & in veram pa¬
232 3153 994 3194 riam pervenerunt, ubi aeterna beatitudine & praesentia Dei perfru¬
1006 181 1814 228 untur. Sinus Abrahami est in caelo, ut patet ex Matth. 8 v. 11. quum
1023 224 1808 262 sit locus quietis, in quem sanctorum animae deveniunt: non autem
1017 259 1798 293 in inferno. Unde Augustinus ait epistola nonagesimanona, quae est
1023 292 1804 325 ad Evodium: Non utique sinus ille Abrahae, id est, secretae cujusdam quie¬
1026 324 1804 362 tis habitatio, aliqua pars inferorum esse credenda est: quanquam in his
1026 351 1805 394 ipsis tanti verbis magistri, ibi ait dixisse Abraam, inter nos & vos chaos
1023 384 1802 427 magnum firmatum est, satis ut opinor appareat non esse quandam par¬
1023 421 1810 463 tem & quasi membrum inferorum tantae illius felicitatis sinum. Chaos
1017 457 1798 494 enim magnum, quid est nisi quidam hiatus, multum ea separans, inter
1014 487 1525 528 quae non solum est, verum etiam firmatus est?
1056 509 1814 555 Nominatur etiam civitas Dei viventis Heb. 12. 22 civitas illa ha¬
1022 544 1813 591 bens fundamenta, cujus artifex & conditor est Deus Heb. 11. v. 10.
1025 582 1804 624 Dicitur & patria respectu terrae in qua certe peregrini sumus & ad¬
1026 621 1808 658 venae. Etsi enim in terris uniuscujusque patria dicitur in qua quis natus
1018 651 1802 686 est: tamen fidelib. alia ac potior est patria, nempe caelestis, sicut legitur
1026 682 1813 717 Heb. 11. v. 13, 14. Secundum fidem mortui sunt isti omnes, non adepti
1026 714 1807 752 promissa, sed eminus ea conspicati postquam ipsis fuissent persuasa, & ea
1024 750 1813 785 amplexi fuissent, ac sese professi peregrinos & advenas esse in terra. Nam
1023 779 1811 821 qui haec dicunt, palam ostendunt, se patriam quaerere. Quod si illius me¬
1007 817 1808 850 mores fuissent ex qua exierant, habere poterant tempus ad revertendum:
1020 845 1807 882 At qui potiorem expetunt, hoc est, caelestem: quapropter Deum non pudet
1017 875 1744 911 eorum id est, cognominari Deus eorum, paraverat enim eis urbem.
1066 906 1813 946 Per Synecdochen caelum supremum nominari solet caelum simpli¬
1035 937 1816 978 citer & absque additione, ad denotandam caeli illius excellentiam, ut
1039 974 1805 1009 Acto. 3. v. 21. Quem oportet quidem caelum capiat usque tempora resti¬
1032 1007 1801 1043 tutionis omnium. Nominatur τὸ ὕψος, Altum, Excelsum, ob loci sub¬
1029 1036 1805 1076 limitatem. Luc. 24. 49. Eph. 4. 8. Item alta, ὕψιστα, altissima, excelsa;
1038 1072 1807 1107 Ps 7. v. 8 In altum revertere, Luc. 2. v. 14. Gloria in altissimis Deo.
1038 1103 1819 1146 Heb. 1. v. 3. Christus sedet ad dexteram majestatis illius in excelsissimis.
1059 1138 1819 1172 Haec & similia nomina expresse in Scriptura Sacra exstant. Alia
1029 1171 1808 1212 nomina deducuntur bona consequentia ex Scriptura: ut cum appel¬
1036 1200 1815 1243 latur caelum supremum respectu aliorum caelorum qui inferiores sunt:
1041 1236 1813 1268 nam supra hunc visibilem mundum occupat summum locum: caelestes
1035 1265 1814 1304 sedes ab August. lib. 22. de Civitate Dei, cap. 4. caelum beatorum a
1045 1296 1811 1333 Theologis omnibus communiter: Caelum Empyreum aut Empyrium,
1044 1337 1819 1378 id est, igneum, eo quod admirabiliter sit lucidum, & fulgidum, quia
1036 1365 1690 1409 1. Tim. 6. 15. legitur, quod Deus habitat lucem inaccessam.
1186 1402 1652 1459 Tantum de nominibus supremi caeli.
1077 1452 1835 1501 Jam quaeritur, An caelum supremum seu beatorum sit Deus ipse? Sunt
1041 1487 1835 1529 qui contendunt, supra nonam sphaeram nullum aliud esse caelum, in
1050 1526 1835 1563 quo vel jam sit corpus Christi & sancti Angeli ac beati spiritus ho¬
1039 1555 1836 1598 minum sanctorum, vel futuri sint homines post hanc vitam: ac pro¬
1042 1589 1836 1633 inde caelum illud in quo jam est Christus corpore suo & in quo nos
1045 1621 1825 1656 erimus post hanc vitam, esse ipsum Deum. Istud probare conantur
1038 1655 1826 1693 ex eo quod Apostolus Paulus ait 1. Cor. 15. 20. Deum futurum omnia
1041 1686 1823 1730 in omnibus.  At hinc non sequitur, caelum beatorum esse ipsum
1044 1720 1816 1756 Deum: quia caelum non est nec erit in corpore Christi, in Angelis
1041 1752 1819 1793 sanctis & beatis hominibus, sed corpus Christi, Angeli sancti & beati
1035 1783 1837 1820 homines sunt & erunt in caelo. Deinde Paulus non docet his verbis,
1041 1819 1837 1858 quodnam sit caelum beatorum, sed quaenam futura sit beatitudo Ec¬
1045 1857 1838 1893 clesiae Christi post universalem resurrectionem omnium hominum
1039 1883 1837 1918 ex mortuis & adductionem Ecclesiae Christi ad Patrem. Deus erit o¬
1041 1914 1825 1952 mnia in omnibus, id est, resignato per Filium regno Mediatorio, Deus
1056 1948 1822 1981 ipse deinceps in aeternum in omnibus electis omnia erit, id est, do¬
1042 1977 1827 2023 ctor, illuminator, rex, gubernator, vita, salus, gloria & quicquid ad
1048 2014 1813 2049 aeternam beatitudinem pertinet, idque erit immediate & perfectis¬
1048 2039 1827 2083 sime, sine opera Mediatoris, sine verbi praedicatione externa, sine
1051 2074 1814 2121 Sacramentorum administratione, sine aliis mediis in hac vita ne¬
1051 2104 1141 2145 cessariis.
1072 2137 1822 2190 Nos autem negamus, caelum beatorum esse Deum; & nostram
1045 2161 1625 2218 sententiam confirmamus sequentibus argumentis:
1078 2202 1821 2248 Primum, Habitaculum, sedes, solium, thronus, domus, civitas
1050 2231 1825 2272 Dei, non est ipse Deus: Caelum beatorum est habitaculum, sedes, so¬
1042 2265 1825 2313 lium, thronus, domus, civitas Dei: Ergo caelum beatorum non est i¬
1056 2296 1158 2335 se Deus.
1071 2333 1825 2369 Secundum: Caelum & caeli caelorum, Deum non capiunt: Ergo cae¬
1051 2370 1830 2425 lum beatorum non est Deus ipse. Antecedens probatur ex 1. Reg. 8.
1038 2394 1127 2434 vers. 27.
1068 2431 1828 2474 Tertium: Deus est ubique Caelum beatorum non est ubique: Ergo
1051 2468 1825 2512 caelum beatorum non est Deus. Assumtio certa est: quia caelum bea¬
1039 2494 1475 2530 torum non est in terra, mari, & inferno.
1078 2523 1829 2584 Quartum: Deus non est corpus: Caelum beatorum est corpus: Er¬
1041 2559 1426 2610 go caelum beatorum non est Deus.
1080 2589 1833 2626 Caelum beatorum esse corpus, id est, substantiam non spiritualem,
1046 2621 1833 2678 sed corpoream quamvis subtilissimam, ex subjectis argumentis
1045 2661 1107 2707 patet:
1071 2685 1833 2730 I. In quo continentur & locum habent corpora, id corporeum
1050 2717 1816 2761 esse necesse est: In caelo beatorum continentur & locum habent cor¬
1053 2756 1808 2794 pora: Ergo celum beatorum est corporeum. Propositio major est cer¬
1041 2790 1810 2826 ta: quia oportet inter contentum & continens, inter locatum & lo¬
1059 2820 1813 2858 um proportionem aliquam esse & convenientiam, quae certe non
1047 2854 1814 2893 est inter corpus locatum & locum mere incorporeum. Corpora enim
1050 2888 1810 2921 non continentur, nisi in loco corporeo. Quicquid domicilium est cor¬
1053 2921 1823 2955 porum, id corporeum sit necesse est. Assumtio certa est: nam in caelo
1053 2952 1820 2993 beatorum continentur corpora Enochi, Eliae, Chrsti Domini: & lo¬
1047 2989 1582 3025 cum in eodem habebunt etiam nostra corpora.
1077 3017 1810 3053 II. Quicquid aperitur visibiliter, id est corporeum: Caelum bea¬
1054 3049 1819 3091 torum aperitur visibiliter. Actor. 7 v 56. ait Stephanus; Ecce, conspicio
1038 3083 1687 3119 caelos apertos, & Filium illum adstantem ad dexteram Dei.
1090 3114 1820 3147 III. Omne luminosum est corporeum: Caelum beatorum est
1057 3145 1822 3186 luminosum: Ergo est corporeum. Propositio major vera est: quia lume
