2063 3429
142 156 952 207 um secundum sic illud expansum quod inde a Luna diffusum exten¬
135 200 937 242 sumque est supia & circa totum aerem undiquaque usque ad supremum
144 241 940 273 caelum: posterior ab abjunctis in caelo secundo contentis, nimirum
141 275 929 313 stellis, quibus exornatum est mirifice: unde etiam caelum stellatum, cae¬
142 305 644 343 lum steil serum, caelum sidereunm nominatur.
177 335 944 376 Caelum secundum non est aeternum, id est, quod fuerit ab aeter¬
139 373 938 411 no, ut Vhilosophi nonnulli opinuti sunt: sed a Deo creatum est in prin¬
140 399 939 440 cipio temporis, sicut Gen 1. v. 1 dicitur, In principio creavit Deus cae¬
147 433 944 474 lum & terram. Et Psal. 8 4. Quum aspicio caelos tuos, opus digitorum
139 472 940 509 tuorum. Lunam & stellas quas statuisti. Psal. 19. 2. Caeli enarrant glo¬
147 508 938 550 riam Dei fortis, & opus manuum ejus indicat expansum eorum. Et I02.
144 534 497 577 26opus manuum tuarum caelis
196 566 952 607 DBIICITUR:Omne quod ortum est, corrumpitur: Caelum sidereum
141 605 565 641 non coerrumpitur. Ergo non est ortum
184 636 950 674 RESPON. Primo major propositio non est universe vera; distin¬
159 674 949 713 guenda igitur. Omne quod ortum est, nimirum per generationem:
153 707 943 738 ex re aiia ordine naturali, id corrumpitur. Quicquid autem ortum
160 731 944 770 est per creationem, qua Deus sua omnipotentia illud vel ex nihilo
154 766 950 805 vel ex materia antea e nihilo producta facit, id liberrima voluntate
153 800 946 837 Dei aut in eodem statu manet, ut Angeli sancti, aut mutatur, aut in
150 838 949 870 mhilum redigi potest: ita corruptio non creationem, sed naturalem
165 870 947 909 generationem unius ex altero, naturali ordine sequitur. Sic caelum
159 906 949 942 secuntum non corrumpitur nempe naturali modo & quia per po¬
150 937 947 971 tentiam Dei Creatoris in suo statu conservatur, & conservabitur tan¬
159 965 407 1013 tisper eum vult Deus.
186 993 956 1034 Materia ex qua caelum secundum productum est, nulla erat: sed
163 1037 943 1068 ex nihilo factum est potentissime & magnifice, ut & supremum cae¬
160 1065 949 1102 lum. Neque enim eductum est ex materia prima atque elementis:
172 1102 940 1144 quia de eo nihil Scriptura testatur: sed confestim cum caelo Empy
156 1139 956 1167 reo perfecte creatum & distinctum in ipso creationis momento a ma¬
166 1163 958 1202 teria prima continente elementa, unde corpora elementaria dein¬
159 1202 958 1240 ceps a Deo producta. Quum enim dixisset Moses, In principio crea¬
162 1236 964 1272 vit Deus caelum & terram: nihil amplius de caelo sive Empyreo sive
168 1259 956 1299 secundo adjecit, quale illud fuerit; terra autem cum aliis elementia
166 1293 961 1333 cor fusa aliquantisper permansit, donec separatio facta; ideo de illa
165 1332 962 1370 mox adjecit Moses, qualis illa fuerit & quomodo omnia distincta
163 1364 312 1409 sint deinceps.
201 1389 956 1439 Materia vero ex qua jam caelum secundum constat postquam i
172 1424 962 1467 Deo creatum est, est corporea quide, sed subtilissima, tenuissima ce¬
171 1461 971 1505 dens aliis corporibus solidis: quia per eam Enochi, Eliae, & Christi¬
171 1500 958 1540 corpora in caelum supremum penetrarunt & nostra corpora pene¬
160 1532 962 1570 trabunt. Eadem est pellucida quia per illam non tantum stellae, qua¬
169 1564 952 1603 rrum aliae aliis loco superiores sunt, videntur, sed etiam caelum supre
169 1597 964 1642 mum si aperiatur, videri potest, sicut per illud Stephanus protomartyr
175 1631 938 1666 Christum Dominum in caelo supremo stantem vidit, Actor. 7. 56.
205 1653 971 1698 Ideo quintae cujusdam essentiae esse recte dicitur: quia distincta est
171 1696 880 1737 ab essentiis quatuor elementorum, terrae, aquae, aeris & ignis
205 1731 967 1762 Proinde & illi errant, qui caelum secundum omnis materiae expers
177 1759 305 1794 esse dicunt.
213 1785 955 1826 Forma caeli secundi non est anima aliqua nec adsistens, nec info¬
181 1828 962 1867 mans: quapropter etiam caelum non est animatum, non magnum a¬
180 1859 967 1894 liquod animal. Sed de forma caeli secundi vide eruditissimas Othoni:
178 1889 964 1928 Casinanni Scholas Philosophicas & accurate elaboratos libello¬
183 1926 700 1969 Cuntadi Aslachi Dani de natura caeli triplici:
211 1949 971 1994 Finis caeli secundi primarius est gloria Dei: sicut dicitur Psal. 19. 2.
189 1985 961 2023 Caeli enarrant gloriam Dei fortis, & opus manuum ejus indicat expan¬
190 2018 968 2058 um eorum. Plures sunt modi glorificandi Deum: unus oratione fit,
190 2053 968 2097 ilter aspectu, tertius vitae operibus. Caeli igitur enarrat gloriam Dei,
177 2090 967 2132 quia dum sub aspectum nostrum cadunt, sua pulchritudine, magnitu
177 2119 962 2160 dine, ordine, motu, efficacia nobis commendant Creatoris sapienti
177 2154 971 2195 am, bonitatem & liberalitatem erga nos, potentiam, nosque ad
177 2187 962 2228 Deum praedicandum invitant & incitant: ut David de seipso pro¬
183 2221 974 2257 fitetur Psal. 8. v. 4, 5. Quum adspicio caelos tuos, opus digitorum tuorum,
183 2252 967 2298 &c. dico; Quid est mortalis, quod memor sis ejus? aut filius hominis:
190 2283 383 2331 quod visites cum?
214 2311 968 2355 Secund irius finis caeli est homo: caelum enim hominis causa crea¬
183 2350 964 2393 tum, non homo caeli cau a: ac certe caelum hominibus, non homine¬
183 2388 971 2422 caelo inserviunt. Caeli sunt omnium populorum veluti concionatores
193 2416 961 2459 Confirmant fidem nostram in promissiones Dei, sicut Jesa 44. 19. d.
177 2453 965 2492 citur, Sic ait Iehova vindex tuus, & formator tuus ex utero: ego Ieho¬
183 2489 974 2522 va facio omnia, extendo caelos solus. Similiter cap. 45. 12, 18. & cap. 51. v.
184 2522 968 2555 13. Zach. 12. v. 1. Dictum Iehovae qui extendit caelos. Alios fines subor.
186 2552 802 2597 dinatos & mere naturales Physicae relinquendos duxri
219 2591 976 2642 Altitudo caeli nos admonet de praevalente benignitate & mi¬
184 2622 983 2659 sericordia Dei erga nos, sicut David ait Psalm. 103. Quam alti¬
192 2658 980 2701 sunt caeli supra terram, praevalet benignitas Dei erga timentes eum. Jes.
195 2694 983 2738 55. vers. 9. ut alti sunt caeli supra terram: ita altae sunt viae meae supra
199 2728 367 2772 vias vestras, &c.
220 2755 986 2805 Expansio ejus in sublimi commendat admirabilitate operis divini:
187 2798 920 2841 sicut Jobusc 9. 8. ad Dei gloriam dicit, Qui extendit caelos solus
225 2834 971 2876 Caelum stellatum obsequio suo quod Deo reddit & ordine
196 2867 973 2910 quem servat inde ab initio creationis, exprobrat hominibus ingra¬
189 2901 983 2938 titudinem & inobedientiam adversus Deum: Ideo Deus accusans
198 2933 977 2976 peccata populi contestatur seu in testes advocat contra homines
202 2973 983 3010 caelum & terram, Jesa 1. vers. 2. Audite caeli, & auribus percipe terra,
199 2996 979 3038 nam Ihova loquitur: filios educavi & extuli, ipsi autem deficientes
192 3032 976 3068 rebellaverunt in me. Jero. 2. v. 2. Obstupescite caeli de hac re; & horret
198 3065 296 3107 scite, &c.
237 3104 983 3147 Caeli asservantur igni in diem damnationis & exitii impiorum ho¬
194 3141 974 3194 minum2 Pet. 3. 7 perituri sunt, Ps. 102. 27. cum stridore praeteri¬
203 3180 743 3223 bunt, & conflagrantes solventur 2. Pet. 3. 10, 12.
1044 156 1733 211 Sic est de caelis primo die creationis statim perfectis &
1272 204 1499 266 absolutis: sequitur
1270 269 1520 323 CAPTI
1119 322 1654 377 In quo de Angelis in communi¬
1005 378 1798 418 TODEM die creati sunt etiam a Deo Angeli; de quibus primo a¬
992 410 1476 474 Rgemus in communi, deinde distincte
1092 444 1801 483 ANGELI, sunt spiritus seipsis subsistentes creati initio ad ima¬
1006 481 1804 529 ginem Dei, incommunicabiles, non sustentati in alio, neque pars
1002 517 1097 554 alterius.
1158 554 1616 605 Declaratio definiti & definitionis.
1032 597 1783 646 Nomen Angeli, quod Hebraice est: INPU sumtum est ab offi¬
996 646 1787 683 && significat enim nuncium, δπο γ αγγιλειν, quod est nunciare, sic
1000 669 1397 726 ut Hebraeum est a radice PNys
1038 717 1787 758 Usurpatur tribus modis: tribuitur enim tum Christo, tum Spiriti
1003 740 1781 792 bus quibsdam creatis, tum etiam hominibus. Christus quatenus legi
1005 786 1787 822 tus fuit Dei Patris tam ante, quam post assumtam carnem, vocatur An
1009 819 1787 858 gelus Jehovae, Angelus Dei. Angelus faciei Jehovae, Angelus magn
1012 850 1793 889 confilii, Angelus federis seu testamenti. Idem Christus vocatur Arch.
1009 884 1783 916 angelus 1. Thess. 4. v. 16. quia reliquorum omnium Angelorum Prin¬
1002 916 1789 951 ceps est Deinde spiritus quidam creati dicuntur angeli, ut Genes. 28.
1015 955 1796 982 v. 12. vidit Jacob Patriarcha in somnio schalam constitutam in terra¬
1015 983 1790 1020 cujus summitas pertingebat ad caelum, & Angelos Dei adscendentes &
1011 1016 1805 1058 descendentes per eam. & 1. Cor. 6. 3. An ignoratis fore ut Angelos judi¬
1005 1049 1796 1088 cemus? Homines etiam, qui tanqua legati Dei verbum ejus annunciat,
1009 1083 1819 1114 Angeli vocantur: ut Jobi 33. 23. Si adsit ei angelus, interpres unus ex
1015 1116 1821 1159 mille, qui indicet homini aequitatem illius. &c. Hoc Jobi loco angelus
1016 1146 1821 1178 dicitur homo qui minister est Dei, voluntatem ejus ae grotanti ho¬
1011 1181 1805 1216 mini annuncians & pro eo Deum orans, sicut Hieronymus pro ex¬
1005 1218 1802 1257 emplo hujus dicti allegat Jesaiam missum a Deo ad Rege Ezechiam
1017 1249 1810 1288 aegrotantem & pro Rege aegrotante deinceps precantem Deum. 2.
1020 1281 1807 1313 Reg. 20. 11. Quanquam Gregorius Magnus Papa Romanus in ca¬
1021 1313 1808 1349 put Jobi 33. per Angelum hunc intelligit Christum Dominum: Gte¬
1027 1348 1801 1382 rorio Magno consentit Glossa ordinaria & Cardinalis Hugo. Sec
1017 1380 1813 1419 absque dubitatione Angelorum nomen tribuitur hominibus Malach.
1020 1406 1498 1455 2. 7. & 3. 1. Apoc. 1. & 2. Jud. 2. 1, & passim
1046 1445 1802 1498 Hoc loco accipitur nomen secundo modo & competit commu¬
1017 1476 1546 1516 niter omnibus angelis tam malis, quam bonis
1050 1509 1828 1551 Iidem appellantur communiter stellae lucidae Jobi 38. vers. 7. ad
1027 1544 1828 1588 indicandam lucidissimam eorum substantiam, cum qua creati fue¬
1024 1578 1828 1612 tunt, scientia & sapientia plenam. Malos angelos etiam hoc no¬
1021 1611 1829 1649 mine insigniri, patet ex Jesa. 14. 14. 12. Quomodo decidisti de caelo lu¬
1024 1642 1829 1683 cifer, nate aurora? Nam tuina Regis Babylonii comparatur casui Sa¬
1017 1677 1829 1709 tanae, qui initio fuit creatus instar stellae lucidissimae, verum in il¬
1026 1711 1830 1743 la luce non diu stetit, sed detrusus est in tenebras & servatur sub ca¬
1026 1740 1830 1777 digine, ut sanctus Judas Apostolus loquitur. Eodem spectat quod
1024 1773 1823 1816 Christus ait Luc. 10. versic. 18. Spectabam Satanam instar fulguris e
1027 1807 1816 1848 caelo cadentem. Dicuntur etiam ignis flammans Psal. 104. 4. Hebr. 1.
1023 1843 1822 1881 versic. 7. Vocantur etiam αρχαι, principatus, δυνdμεις, potestates. Ro¬
1027 1872 1816 1924 8. 38. Ephes. 1. 21 & 3. 10. Nomina quibus a profanis autoribus ap¬
1022 1905 1226 1946 peliantur omitto.
1065 1939 1825 1978 Tantum de definito & nominibus variis quibus communiter.
1021 1975 1823 2026 Angeli boni & mali insigniuntur: nunc definitionis explicationem
1024 2001 1143 2039 videamus.
1056 2036 1834 2078 Primo in ea dicitur, quod Angeli sint, hoc est, quod sint entia. Ens
1032 2066 1424 2105 autem duplex est, reale aut rationis
1053 2101 1835 2146 Ens reale, est quod revera est in natura, etiam extra intellectum, sic
1030 2136 1637 2177 ut ejus esse ab operatione intellectus non dependeat.
1059 2169 1828 2210 Ens rationis, est quod nullum habet esse, nisi ab operatione mentis:
1017 2197 1816 2240 seu rationis. Jam Angeli sunt entia, non rationis, sed realia: quia res¬
1039 2234 1814 2281 psa per suam essentiam a Deo creatam, in rerum universitate exsi¬
1018 2269 1448 2308 stunt, etsi mens nostra non concipiat.
1065 2298 1822 2342 Quum Angeli sint entia realia, habent igitur essentiam. Deinde
1034 2333 1817 2378 quicquid habet potentiam agendi naturalem & actionem, id essentiis
1028 2365 1817 2410 habeat necesse est: Actio enim a potentia naturali prodit, potentia al¬
1029 2400 1823 2442 essentia dependet. Atqui Angeli habent potentiam agendi naturalem
1018 2432 1468 2466 & actionem: Habent igitur essentiam
1059 2456 1819 2500 Porro essentia Angelorum est completa: quia sunt substantiae con¬
1035 2491 1826 2533 pletae. Unde etiam exsistentia earum est completa, hoc est, per se exsi¬
1023 2533 1828 2576 stunt: modus enim exsistentiae sequitur modum essentiae. Qualis est;
1026 2563 1469 2601 rei essentia, talis est ejusdem exsistentia.
1128 2599 1711 2651 Hactenus prima particula definitionis eAn¬
1371 2643 1473 2686 pelorum.
1059 2677 1817 2725 Secundo dicitur Angelos esse spiritus seipsis subsistetes, hoc est, verat
1042 2709 1813 2759 substantias & hypostates, non aute tantum inspirationes vel motus &
1039 2756 1813 2793 affectus, vel eventus bonos aut malos: ut sequentia argumenta pla¬
1035 2780 1186 2819 num faciunt:
1065 2805 1816 2859 I. Quicunque proprie insigniuntur nominibus significantibus ve¬
1035 2853 1786 2883 ras substantias & hypostases; n sunt verae substantiae & hypostases
1075 2884 1828 2925 tam spiritus hi proprie insigniuntur nominibus siignificantibus
1038 2917 1819 2950 veras substantias & hypostases. Exempli gratia: Nomenantur Au¬
1035 2950 1819 2988 geli, id est, nuncii, seu ministri, per quos Deus aliquid hominibus
1029 2989 1813 3026 nunciat: rales autem esse non possunt nili vφιστίμ να Angeli nomi¬
1033 3018 1823 3058 nantur filii Dei, custodes, vigiles: quae nomina certe signincaut sub¬
1029 3045 1291 3089 stantias seu hypostases.
1069 3071 1826 3120 II. Quicunque sunt proprie creati a Deo. ii profecto sunt verae sub¬
1027 3109 1817 3161 stantiae & hypostases. Substantiae enim sunt proprie creatae: acendens
1033 3149 1265 3182 tia autem concreata
1074 3173 1829 3225 Atqui Angeli sunt proprie creati a Deo: sicut legitur. Psal. 104.
