2063 3392
267 156 1047 202 I. Quia Scriptura testatur eos non omnia nosse, Marci 13. versic. A
240 196 1010 241 32. Do die illa ac hora nemo scit, ne Angeli quidem, qui in caelo sunt, neque
239 228 457 275 ipse Filius, sed Pater
276 253 1020 299 2. Quia solius Dei est non solum seipsum, sed alia etiam omnia
238 297 302 341 nosse
268 326 1024 374 3. Quia nullus Angelus est in omnibus, nec in quoquam Angelo¬
237 364 371 404 sunt omnia
273 388 1016 428 4. Quia Angeli nihil crearunt, neque illi omnia gubernant, nec
236 425 829 470 denique omnia & singula ad certum finem dirigunt.
270 453 1058 499 5. Quia ut Angelorum essentia, ita & intelligentia, sapientia, po¬
247 498 1027 538 tentia non est infinita, alioquin esset aequalis essentie, intelligentiae, sa¬
249 522 799 572 pientiae & potentiae divinae, quod est impossibile.
279 555 1031 594 6. Quia si Angeli non sciunt omnia quae scit humana natura
255 588 770 627 Christi, tum certe omnia & infinita non sciunt
285 621 1015 662 Natura enim humaua Christi antecellet sapientia omnibus An¬
249 660 1021 701 gelis & hominibus, cum propter unionem ejus personalem qua aetere
246 684 1034 727 no illi Sermoni est copulata, tum propter Mediatoris officium, quod
258 721 1034 758 si una cum Deitate sibi unita gerit. Atqui antecedens verum est: nam
258 755 1024 793 Angeli ex plenitudine Christi omnia accipiunt: tum non omnia re¬
255 786 1032 826 velantur Angelis, quae intellectui humano Christi a Deitate unita re¬
262 822 722 858 velantur. Verum est igitur & consequens.
294 846 1030 894 7. Quia si humana natura Christi non novit omnia & infinita;
261 884 1025 931 quae Deitas novit: tum nec Angeli, quorum cognitio est inferior cogi
255 916 1028 957 nitione Christi. At humana natura Christi non novit omnia & infi¬
256 948 1027 989 nita, quae Deitas novit: nam vis ejus & sapientia non est infinita u¬
255 991 1034 1026 Deitatis, nec sua aliqua in ipsam transfusa vi cognoscit omnia. De
254 1016 1030 1057 cognitionis enim modo ipsi conveniente dicitur Marci 13 v. 32. De
266 1045 1022 1082 die illo & hora nemo scit, neque Angeli neque ipse Filius, sed solus Pater
256 1083 1040 1122 De patefactione arcanorum per Deitatem Marc. 2. v. 8. Cum statim
270 1123 817 1155 cognov sset Spiritu suo eos sic ratiocinari apud se, &c.
291 1149 1030 1191 8. Quia Angeli per revelationem successive multa cognoscunt &
264 1181 1039 1224 proficiunt in cognitione sapientiae & consiliorum Dei, ex ipsa ope¬
255 1214 1037 1256 rum divinorum exsecutione & contemplatione, ut videre est apuc
264 1245 1040 1288 Danielem Prophetam & in Apocalypsi Johannis. Quo pertinet
264 1277 1040 1321 quod dicitur 1. Petr. 1. 12. Angelos desiderare introspicere in mysteria Ev¬
259 1313 1037 1347 angelii: Et Ephes. 3. v. 10. ut nota nunc fiat per Ecclesiam imperiis ac po¬
265 1343 1034 1384 testatibus, quae in caelis sunt, multiformis illa sapientia Dei: secundum
270 1374 1046 1410 propositum aternum, quod constituit in Christo Iesu Domino nostro.
286 1412 1033 1450 am qui per revelationem divinam antea ignota cognoscunt & pro¬
273 1442 1073 1474 ficiunt, ii certe omnia & infinita non sciunt. Tum omnia & infinita E
267 1472 919 1507 revelari Angelis, nunquam ex Scriptura Sacra probabitur?
303 1501 1040 1539 USUS doctrinae hujus est, ne ex Angelis faciamus deos, & ut in
276 1535 1045 1573 telligamus falsum esse commentum Papistarum de speculo divinita¬
268 1570 1043 1606 tis seu Trinitatis, in quo omnium rerum imagines reluceant, qua
270 1602 1051 1647 sancti Angeli & homines beati intueantur, & in illis omnia cognos¬
276 1642 1042 1680 cant; ac proinde sint religiose invocandi: unde cum Gregorio Ma¬
276 1673 1043 1710 gno Papa Romano dicunt; Qui videntem omnia videt Deum, is in eo¬
289 1707 1047 1740 omnia videt. Hoc autem falsum est: essentia enim divina non est spe¬
274 1733 1043 1771 culum in quo Angeli sancti ac homines beati omnia naturaliter vi¬
279 1763 1052 1803 deant: neque illi essentiam Dei totam & totaliter intuentur, de qua di¬
280 1800 764 1836 citur Joh 1 v. 18. Deum nemo vidit unquam,
315 1828 911 1865 Sic est prima quaestio de subjecto, sapientiae Angelicae,
310 1853 1033 1896 SECUNDA quaestio est; An Angeli cognoscant res singulares &
273 1893 1040 1927 materiale.? Causa quaestionis est, quia cognitio singularium & mate¬
282 1924 848 1962 rialium sit per sensus, Angeli autem sensibus carent.
306 1955 1040 2002 RESPON. Angeli cognoscunt res singulares & materiales, quod
279 1988 661 2033 probatur sequentibus argumentis:
309 2013 1043 2058 I. Quia Scriptura testatur, quod Galbriel norit Danielem, Za¬
276 2058 1037 2097 chariam, Mariam, &c. Satanas Jobum, Saulem, Judam Iscariotem
280 2092 320 2124 &c.
307 2117 1034 2158 II. Si Deus, licet careat sensibus, cognoscit res singulares & ma¬
263 2149 1042 2193 teriales; tum etam absurdum non erit Angelos, etsi carcant sensibus,
267 2186 1046 2226 eas cognoscere. At quod antecedit verum est, ut probatum in doctri¬
270 2221 910 2258 na de attributis divinis: Ergo verum est & quod sequitur
304 2248 1041 2290 III. Si Angeli sunt Spiritus ministratorii, qui ministerii causa
277 2286 1040 2321 emittuntur propter haeredes salutis futuros, si castra metantur circa
274 2314 1040 2354 timentes Dei & cripiunt eos: si Angelis suis Jehova praecepit de te, de
262 2352 1045 2386 me, de quolibet electo, ut te, me, & alios electos homines conservent.
268 2382 1043 2417 in omnibus viis suis; si laetantur de quolibet peccatore resipiscente, si
267 2412 1042 2453 in consummatione seculi hujus colligent ex regno Christi omnia of¬
267 2446 1037 2493 fendicula & eos qui dant operam transgressioni Legis, proiicientque
264 2484 1036 2519 eos in fornacem ignis: si diabolus ut leo rugiens obambulat, quaerem
273 2514 1039 2554 quem absorbeat; tum profecto norunt Angeli singularia. Quomodo
265 2549 1043 2585 enim boni angeli singulis ministrarent, pro singulis excubarent, sin¬
265 2581 1037 2617 gulos exiperent, de singulis peccatoribus resipiscentibus laetarentur.
267 2616 1038 2657 singula offendicula colligerent, & in infernum mitterent? quomodo
264 2643 1037 2681 mati angeli hos vel ilos tentarent; si illos in singulari non nossent:
273 2678 1042 2720 Quae antecedunt, omnia vera sunt, ut testantur loca Hebr. 1. v. 14. &
261 2709 1046 2762 Psalm. 34. 8. & 91. 11, 12 Luc. 15. 10. Matth. 13. 41. 1. Petri 5. v. 8. Ve¬
268 2741 575 2786 rum ergo & quod sequitur.
289 2765 1042 2815 IV. Quorum singuli se invicem & singulas animas humanas no¬
258 2805 1036 2846 runt, illi certe norunt singularia. Atqui Angeli singuli se invicem &
268 2836 1045 2885 singulas animas humanas norunt: Nam omnis intelligentia novit res
267 2878 1040 2919 quae non corrumpuntur: Gabriel novit Raphaelem, & alios Angelos
262 2900 1043 2953 bonos & malos singulos: Angeli norunt animani Lazari, animam
273 2932 860 2983 divitis epulonis & aliorum: Ergo noverunt singularia
313 2964 1046 3003 Quod vero usitate dicitur; Sensum esse singularium, intellectum uni¬
261 2997 1034 3039 versalium: id de cognitione intelligendum est hominis, qui singula¬
264 3029 1036 3077 ria per sensum, universalia per intellectum cognoscit. Hoc enuncia.
273 3062 1073 3109 tum a cognitione humana ad aliud genus cognitionis ab humano
276 3094 1036 3145 distinctum non est trahendum: alioqui peccatur μιτκθασει εἰς ἀλλ
270 3120 338 3170 διοογ.
1098 148 1870 198 TERTIA quaestio de subjecto sapientiae Angelorum est: An¬
1095 190 1384 232 ngeli praecognoscant futura.
1111 213 1767 259 RESP. Quaestio prius est declaranda, deinde decidenda
1108 246 1880 287 Futura quaedam sunt necessatia, quae ex causis proveniunt simpli¬
1071 290 1880 325 citer necessariis; veluti quod post noctis tenebras secutura sit lux diei:
1081 321 1880 365 quaedam futura sunt ως ἐπι το πλεῖσον, ut plurimum & plerumque & in
1071 362 1859 397 pluribus; ut quod corrumpant sanctos mores commercia prava: quae
1072 387 1862 422 dam futura sunt vere contingentia. Futura autem vere contingentia.
1081 417 1865 458 sunt tum quae raro & in paucioribus fiunt, eoque causas habent vero
1075 453 1865 497 contingentes, quae vulgo fortuna & casus appellantur: tum quae ext
1071 485 1357 528 libera voluntate penden¬
1114 508 1873 562 Prioris modi exempla sunt, quod Saul quaerens asinas patris sui.
1087 552 1871 589 angenduslesset rex Israelitatum: quod idem rediens ex agro cum bo¬
1089 583 1877 627 bus, esset Spiritu Dei ornandus. Posterioris modi exempla sunt, quod
1083 616 1864 663 Jobus esset patienter laturus jacturam omnium suorum bonorum.
1085 649 1873 685 item quod Paulus Apostolus appellaturus esset Caesarem. Nam quae
1084 684 1880 718 fiunt semper, & aliter non fiunt, eoque necessarias habent causas, non
1089 716 1874 749 sunt vere contingentia: ut quod Sol fingulis diebus mane oritur &
1084 753 1874 788 vesperi occidit: quod hyemi succedit Ver, Veri estas, estati autumnus,
1079 789 1874 819 autumno hyems. Vt nec vere contingentia sunt quae ως ἐπι τυ πλεισεν,
1077 814 1871 851 id est, plerumque & in pluribus fiunt, ut quod gravia peccata sequan¬
1077 852 1273 892 tur graves poenae.
1114 869 1885 918 Deinde res futurae cognoscuntur vel in seipsis vel in suis causis. In se¬
1081 909 1886 957 ipsis cognoscuntur, quae quasi praesentes coram cernuntur. In suis causis
1077 944 1886 983 cogno cuntur, quarum cognitae sunt causae vel simpliciter necessariae
1083 985 1887 1018 vel fortuitae vel voluntatiae. Sic explicatus est sensus quaestionis:
1093 1011 1887 1058 munc decidenda, quod commode net distinctis Thesibus quin¬
1096 1052 1140 1090 que.
1110 1068 1883 1117 I. Res futurae, in seipsis non possunt praecognosci ab Angelis, sed
1083 1113 1874 1146 tantum a Deo: quia omnia sunt ab aeterno praesentia soli Deo, qui
1086 1144 1883 1185 uno intuitu ab aeterno omnia videt, tam futura, quam quae jam reipsa
1099 1177 1190 1212 xsistunt.
1120 1198 1877 1247 II. Res futurae quae ex causis proveniunt simpliciter necessariis,
1090 1241 1882 1279 certo praesciuntur ab ipsis etiam hominibus, multo magis ab An¬
1093 1275 1153 1323 gelis.
1122 1310 1870 1350 III. Res futurae quae plerumque fiunt, ab Angelis certius prae
1099 1340 1874 1377 cognoscuntur, quam a nobis; tum quia earum causae notiores sum
1090 1372 1886 1408 Angelis, quam nobis: tum quia illas Angeli certo, nos tantum proba¬
1089 1405 1619 1442 biliter seu ex probabilibus causis cognoscimus.
1132 1431 1877 1474 IV. Futura vere contingentia, quae casualia dicuntur, nod possunt
1101 1467 1880 1507 ab Angelis, nedum ab hominibus praecognosci, nisi a Deo ipsis reve¬
1092 1504 1870 1539 lentur; ac proinde si ea praecognoscant, tum non naturaliter, non i1
1101 1536 1885 1578 causis suis ea praevident & praecognoscunt, sed per revelationem di¬
1096 1569 1175 1610 vinam.
1134 1602 1580 1641 Hoc confirmant sequentia argumenta.
1131 1637 1892 1673 I. Quia Angeli ignorant, quam diu calamitates hujus vel illius
1104 1663 1880 1712 Ecclesiae, hujus vel illius populi aut hominis sint duraturae, nisi ipsis a
1114 1700 1886 1737 Christo Domino reveletur: ut Dan. 8. 13. quum visio esset exhibita de
1107 1732 1879 1776 interturbatione jugis cultus, de desolatione templi & urbis Jerosoly¬
1096 1768 1886 1801 morum & persecutione populi Judaici per Antiochum Epiphanem:
1107 1801 1886 1841 quidam sanctus, id est, Angelus dixit Christo Domino. quousque ista¬
1108 1833 1882 1873 visio erit de jugi cultu, de defectione desolante? quousque proponetur &
1101 1860 1887 1907 sanctitas & exercitus conculcationi? Et cap. 12. 6. interrogat quidam
1098 1896 1883 1926 Angelus Christum Dominum, Quousque terminus erit horum mira¬
1093 1928 1874 1968 bilium? Sic ignorabant Angeli quo pacto Achabus ruiturus esset u¬
1099 1961 1877 2002 poenas impietatis daret donec Deus revelaret. 1. Rog. 22. versicul. 19.
1089 1993 1251 2038 20, 21, 22, 23.
1117 2015 1886 2070 2. Quia Angelo revelavit Christus, & per Angelum Johanni
1083 2055 1879 2091 Evangelistae, quae oporteret fieri, Apocalyps. 1. versicul. 7. Jam si no¬
1093 2093 1873 2133 verat illa Angelus per revelationem, non igitur in ipsorum causis nae¬
1093 2123 1182 2159 turaliter
1122 2149 1880 2196 3. Quia si ne ipse quidem Christus qua homo, praevidet futura na¬
1095 2190 1880 2222 turaliter in causis, sed cognitionem illorum dedit ipsi Deus per reve¬
1092 2222 1873 2258 lationem: tum profecto Angeli ea non praecognoscunt naturaliter
1092 2254 1873 2290 Ratio consequentiae est: quia Christus, qua homo est, antecellit futur
1090 2292 1883 2321 rorum cognitione omnibus Angelis. Jam autem antecedens verum.
1093 2320 1886 2370 est, sicut legitur Apocal. 1. v. 1. Apocalypsis Iesu Christi, quam dedit ipsi
1096 2355 1647 2396 Deus ut indicaret servis suis quae oporteat fieri cito
1128 2381 1882 2427 t. Si praecognitio rerum vere contiugentium est simpliciter pro¬
1101 2420 1876 2461 pria Dei, non ergo tribuenda Angelis. Illud est teste Scriptura Jesa¬
1095 2459 1885 2490 42. vers. 8, 9. Ego sum Iehova, illud est nomen meum; & gloriam meam
1101 2484 1882 2523 alteri non dabo, & laudem meam sculptilibus. Priora ecce evenerunt: &
1098 2516 1883 2554 nova ego indico; quum nondum exoriuntur, praenuncio vobis. Et versic.
1098 2548 1876 2587 17. juxta distinctionem Tremellii & Junii: Ego indico & servo & prae¬
1099 2584 1877 2623 nuncio, non autem ullus in vobis alienus Deus, & cap. 44. vers. 2, 3. Quid
1098 2612 1874 2653 ergo ut ego praedicat & indicat istud, aut ordinat istud mihi ex quo dis¬
1088 2644 1886 2687 posui populum aeternum, ut futura & quae eventura sunt indicentur il¬
1098 2679 1886 2712 lis? Ne paveatis, neque timentis, annon inde ab eo tempore praenunciavi
1093 2711 1880 2753 tibi ac indicavi? Ergo Angeli futura vere contingentia, quae casualia
1092 2744 1882 2783 dicuntur non praecognoscunt naturaliter. Sic fuit quarta Thesis cum
1102 2777 1406 2826 rgumentis confirmationis
1131 2805 1883 2851 V. Res futuras, quae ex libera voluntate vel Dei vel hominum
1096 2842 1877 2881 vel aliorum Angelorum pendent, Angeli certa scientia non prae¬
1099 2883 1882 2919 cognoscunt; sed vel per revelationem, vel per effecta & signa, pen¬
1099 2916 1880 2951 quae res illae occultae sese produnt: ut confirmationem sui in gra¬
1102 2943 1874 2975 tia & primaeva integritate boni Angeli naturaliter non praecogno¬
1101 2972 1879 3003 verunt, ut nec mali angeli eam praevidere potuerunt, quia pendebat
1108 3008 1877 3050 libera voluntate Dei. Qualem se Jobus gesturus erat non scie¬
1092 3037 1873 3080 bat Satan, Job. 1. quia id pendebat ex libera voluntate DEI & Jobi
1104 3071 1883 3117 Quid facturus erat Spiritus ille malus, qui postea decepit regem
1090 3102 1887 3137 Achabum, alii Angeli ignorarunt donec ipse revelasset & Jeho¬
1089 3137 1880 3179 va confirmasset. 1. Reg. 22. versic. 20, 21. Lapsum seu peccatum ma;
