2063 3476
204 169 1022 210 afficere, verum etiam substantia suae occupare, atque obsidere. Testatur
213 205 668 255 id historia Evangelica plurimis in locis.
250 237 1004 278 Tertio possunt etiam pios impedire in sancto instituto: Sic enim
217 273 1000 316 ait Paulus I. Thess. 2. 18. Voluimus venire ad vos (ego quidem Paulus.
222 311 710 354 semel atqiterum, sed impedivit nos Satanas
255 333 1003 389 Quarto possunt agere etiam in animas hominum, sic ut sensus il¬
222 378 1013 416 lorum tum externos tum internos, imo etiam quodammodo vo¬
220 411 1010 452 luntatem moveant, percellant, immutent, sive id fiat ex parte orga¬
223 445 1013 486 ni, sive ex parte objecti, turbataque humorum κρασει, facultatum
219 478 1032 518 tum naturalium tum acquisitarum impetus incitent, propositisque
232 507 1013 549 llecebris ad scelera & flagitia instigent, odiorum, contentionum, li¬
231 548 1022 583 bidinum fomites subjiciant & fiammas excitent, commotoque
226 573 1016 619 hunc in modum τῳ θυμικῳφκι τῶ επιθυμητικς, quandoque etiam τὸ η
222 615 1015 658 γιμονικον eodem actu de statione dejiciant, excussoque gubernaculo
234 651 1015 688 transversum abripiant Ostendunt id exempla, ut Saulis, de quo
225 675 1029 723 Sam. 16. 15 Spiritus Iehovae recesserat a Saule, perturbabatque eu spiri¬
226 711 1028 752 tus malus a Iehova. Davidis, quem incitavit adversarius ad numeran¬
232 744 1025 794 dum Israelem & Judam. 2. Samuel. 24. 11 Chron. 21 1. Iudae Iscario¬
238 776 1016 825 tae, in que ingressus est Satanas, qui eum agitavit ut Christum prode
244 818 1027 859 ret Joh. 13. 17. Ananiae de quo dicitur, Act. 5. 3. Dixit autem Petrus.
235 846 1027 886 Anania, cur impievit Sotanas cor tuum ut mentireris in Spiritum San¬
236 885 730 929 ctum & interverteres ex pretio istius praedii¬
267 914 1027 957 Inprimis autem spiritus illi impuri & turbulenti petulanter lu¬
238 949 1034 989 dunt & potenter agunt in filiis contumaciae, ut legitur Ephes. 2. v. 2.
237 985 1027 1026 unde & filii diuboli nominantur, sicut Paulus dicit ad Elimam Act
251 1017 1024 1058 13. v 10. O plene omni dolo & ad quodvis scelus facilitate, fili diaboli
237 1051 1025 1090 hostis omnis justitiae, non cessabis pervertere vias Domini rectas? Tale¬
241 1084 1039 1123 erant & Judaei ad quos Christus dicit Joh. 8. 44. Vos ex parte diabolis
255 1124 1036 1164 estis & cupiditates patris vestri vultis exsequi. Huc pertinet quod le¬
249 1150 1033 1202 gitur Apoc 12 v. 12. Vae incolae terrae & maris: nam descendit diabolus
247 1193 1040 1226 ad vos, excandescentiae magnae plenus, ut qui sciat se exiguum tempus
247 1223 1042 1268 habere. Et cap. 20. vers. 3. 8, 10. dicitur Satanas seduxisse gentes: cujus
253 1253 1027 1291 falsa dogmata speciem profundae sapientiae habentia nominam
251 1291 1040 1332 tur profunditates Satanae, Apocal. 2. vers. 24 Hinc ex Satanae Syna¬
248 1324 1039 1370 goga esse dicuntur, qui se vere fideles esse jactitant, sed mentiuntur
258 1364 394 1402 Apoc. 3. v. 9.
257 1398 1045 1454 Hactenus responsum quidnam possint mali angeli iustissime
318 1438 982 1484 Dei iudicio & permissu in creaturas: iam ostenden¬
526 1475 804 1531 dum quid non possint.
291 1516 1054 1563 Primo creaturas nullas possunt producere. Damnamus enim
262 1555 1045 1595 Manichaeorum delitium, qui diabolum malarum naturarum auto¬
267 1589 1046 1632 tem & creatorem constituunt; Eorum autem objectiones paucis re¬
259 1623 389 1666 futabimus
309 1651 1043 1698 OBIECTIO I. Diabolus appellatur Deus & princeps mundi &
257 1687 1030 1738 potestas tenibrarum. 2. Cor. 4. v. 4. Ioh. 12. 31. & 14. 30. & 16. 11.
306 1722 823 1761 Ergo diabolus malarum naturarum est creator
300 1748 1063 1794 RESP. Committitur elenchus γ αυτίς. Nam diabolus non
276 1789 1052 1822 propterea appellatur deus & princeps mundi, quod malarum creatur
268 1824 1076 1855 rarum sit autos: sad cum propter potentiam & efficaciam quam in
263 1859 1049 1891 impios, & tyrannidem quam etiam in pios Deo permittente exer¬
273 1890 1055 1928 cet: tum propter obsequium, quod ipsi praestatur ab impiis, etiam vers
264 1920 616 1962 Dei cultum foris profitentibus
298 1950 1052 1994 CE ECTIOII. Diabolus est pater impiorum: sicut Dominus ait
269 1983 1046 2027 Ioh. 8. v. 44. Ves ex patre diabolo estis, & cupiditates patris vestri vul
268 2024 611 2066 tis exsequi: Ergo impios creavit.
307 2047 1062 2091 RESP. Usurpatur elenchus falsae causae: non enim dicitur pater
270 2083 1051 2138 impiorum ob ipsorum creationem, sed ob corruptionem & impuli
267 2121 529 2162 sionem eorum ad mala
306 2148 919 2199 OBIECTIOIII. Diabolus est autor peccati & mortis
297 2194 692 2232 Ergo peccatum & mortem creavit.
303 2220 1055 2262 RESPON. I. Falsa est omissa propositio, nempe, qui est autor
266 2259 1049 2297 peccati & mortis in peccatum & mortem creavit. Quia & homo su
271 2297 1053 2337 peccati suaeque nmontis est autor, nec tamen propterca ejus creator dic¬
260 2322 344 2371 potest.
303 2353 1049 2399 II. Altera assumtionis pars, nempe de morte, est intelligendaκxa o
268 2381 1055 2432 s. Nam alioquin Deus is est, qui infligit homini mortem, tanquam
263 2432 1048 2473 poenam peccati, sicut Augustinus primo libro Retractationum, cap.
271 2461 1052 2498 2I. ait: vua & mers a Domino Deo est, vita scilicet a donante, mors e
264 2491 476 2532 vindicante peccat:
294 2527 1013 2577 INSTANTIA: Sapientiae 1. v. 13. dicitur, Deus mortem non fecit?
298 2558 473 2603 Ergo Diabolus.
297 2589 1061 2639 RESP. Dictum autoris Sapientiae est intelligendum κατα τ,
261 2629 1055 2669 nempe, de statu mundi qualis ex creatione ante peccatum fuit: ut eo¬
261 2662 1052 2696 dem loco declaratur, cum additur, v. 14: Nam omnia ut essent creavit.
273 2695 1061 2730 ortusque mundi sunt salutares, in quibus nullum est venenum pernicio¬
270 2727 1064 2770 sum, nec regnum inferorum in terra. Mors autem intravit demum in
261 2768 997 2805 mundum per peccatum, inflicta homini a Deo tanquam poena.
304 2803 1055 2855 OEIECTIOIV. Malae creaturae non sunt a Deo: alioquin essent au¬
274 2837 398 2876 tor peccati.
316 2862 527 2914 Ergo sunt a Diabolo
298 2905 1068 2948 RESP. Antecedens est intelligendum καταπ. Malae creaturae non
268 2931 1056 2987 sunt a Deo, videl. quoad malitiam, seu quatenus malae sunt. Neque ne¬
271 2974 1067 3013 cesse est ne Deus autor peccati fiat, alterum ex diabolo deum facere,
270 3004 1058 3051 cum diabolos & homines, bonos & sanctos a Deo conditos esse Scri¬
277 3038 1061 3083 ptura doceat: diabolum vero deficientem a Deo & seducentem ho¬
281 3068 659 3114 mines, & se & homines corrupisse
313 3107 1062 3170 Primo igitur certum est, quod mali angeli creaturas nullas produ¬
278 3142 421 3191 cere possint.
306 3184 1049 3238 Deinde in corpora caelestia nihil juris esse malis Angelis e caelo de¬
273 3220 1051 3282 turbatis, probabile est: ac proinde rapidissimum Solis, Lunae alios
1069 156 1870 206 rumve syderum motum sistero aut mutare non possunt; multo mi¬
1068 199 1877 242 nus Lunam & alia sidera caelo deducere; quaecunque olim ludibria per¬
1074 235 1581 272 Thessalos, aliosve magos oculis objecerint.
1095 268 1864 312 Tertio formas rerum substantiales absque naturalium agentium ad
1068 306 1591 341 miniculo gignere aut immutare non possum
1107 340 1873 378 Quarto animas humanas semel a corporibus separatas e loco
1074 366 1873 409 suo revocare & rursus corpori ὑποσατιϰώς unire non possunt; Pro¬
1066 406 1868 442 inde Satanas veram animam Samuelis non evocavit & produxi
1072 440 1867 481 per Pythonissam, sed spectro duntaxat Saulem regem delusit 1. Sa
1068 471 1862 517 muel. 28. vers. 12 & sequentibus Bellarminus libro secundo de purga
1074 504 1871 544 torio, cap. 7. contendit, fuisse verum Samuelem, & praevenisse incan¬
1083 541 1874 577 ationem, sed utrumque falsum est. Non enim fuit verus Samuel
1083 572 1864 610 sed spectrum seu daemon speciem Samuelis mentiens. Dicitur qui
1074 606 1882 641 dem v. 12 quod mulier viderit Samuelem: sed loquitur Scriptura δ¬
1071 639 1885 682 Sαστικώς, id est, secundum opinionem Pythonissae, cujusmodi loquuti¬
1083 677 1876 726 ones κδ δυζαν, secundum opinionem hominum multae in Scripturi
1086 709 1885 749 exstant, ut aquae dicuntur esse sub terra. Exod. 20. vers. 4. Deut. 4. vers.
1081 745 1892 789 18. & cap. 5 v. 8. Baal dicitur esse Deus. 1. Reg. 18. v. 27. Paulus ait esse
1091 783 1883 819 Deos multos & Dominos multos 1. Cor. 8. 5. Pharisaei dicuntur valere.
1083 810 1888 849 Matth. 9. v. 12 dicuntur justi, v. 13. Praedicatio Evangelii de cruce¬
1086 844 1891 883 Christi vocatur stultum praeconium, 1. Cor. 1. 21. & Gal. 5. 4. dicuntur.
1080 881 1894 919 inanes facti a Christo. Quicunque per Legem justificantur. 2. Pet. 2. 1. di¬
1084 917 1889 957 citur Dominus mercatus eos qui sibi velox exitium accersunt. Ita &
1093 948 1894 988 noc loco secundum opinionem Pythonissae spectrum diabolicum
1082 985 1888 1021 vocatur Samuel. Deinde non fuisse verum Samuelem, agnoscunt &
1092 1014 1898 1056 docent Orthodoxi Patres: Autor libri quaestionum & responsionum ad
1093 1047 1886 1085 Orthodoxos, qui Justino Martyri attribuitur, quinquagesima secun¬
1096 1083 1886 1122 da quaestione & responsione. Tertullianus libro de anima, capit
1107 1116 1897 1157 uinquagesimo septimo: Hieronymus Commentar in cap. 6. Mat¬
1090 1157 1898 1191 thaei: Augustinus libro secundo de doctrina Christiana, capite 23.
1105 1186 1891 1237 psummet jus Canonicum, causa vigesimasexta, quae st one quinta
1095 1216 1898 1254 Capitulo, Nec mirum, docet, non fuisse Samuelem, sed Satanam ha¬
1098 1249 1892 1288 bitum Samuelis mentientem. Idem statuit Glossa ordinaria in
1096 1282 1889 1322 hunc locum. Deinde falsum est Samuelem praevenisse incanta.
1095 1318 1891 1358 tionem. nam Pythonissam usam esse magica evocatione testantur
1111 1351 1901 1387 pers. 11. & 12. Tum dixit mulier, quem evos abo tibitqui dixit, Samue¬
1106 1389 1897 1427 lem evoca mihi. Quum autem mulier videret Samuelem, clamavit vo:
1105 1417 1895 1466 ce magna, & v. 15. Dixit autem Samuel Sauli, quare commovisti me
1104 1454 1259 1493 evocando me?
1131 1485 1903 1531 Quinto, mali angeli non possunt voluntates hominum flectere
1107 1525 1907 1573 pro arbitrio suo quo volunt, nam hoc solius Dei est: licet eas possint
1102 1563 1756 1598 tum objectis oblatis tum affectibus excitatis permover¬
1119 1596 1907 1630 Sιχso, non possunt proprie & vere dicta mitacula edere, ut mortuos
1101 1626 1895 1663 excitare, cursum Solis sistere, &c. Nam miracula vera soli Deo Scri¬
1107 1662 1906 1700 ptura tribuit, Ps. 72. v. 18. Benedictus sit Iehova Deus, Deus Israelis, qui
1106 1697 1897 1731 facit mirabilia solus, item Psal. 136. 4. Qui facit mirabilia opera ma¬
1107 1727 1825 1770 gna solus. Miracula facere sua ac propria virtute est solius Dei.
1140 1759 1906 1798 OBIICITURI. Facta pseudoprophetarum, pseudochristorum & An¬
1110 1788 1897 1827 tichristi, quae ope diaboli edunt, non minus dicuntur σημεια μιγαλα,
1110 1824 1910 1865 τερατα Matth. 24. v 24. Apoc. 13. v. 13. atque Apostolorum Marc. ult.
1113 1856 1589 1897 Actae. Ergo sunt proprie & vere miracula.
1131 1884 1909 1937 RESP. Elenchus est sophisticus ex homonymia: nam eadem qui¬
1104 1921 1903 1964 dem nomina tribuuntur factis quibusdam Dei & diaboli, sed non
1104 1961 1906 1998 eadem definitio rem proprie & vere explicans, quod vel solus finit
1111 1993 1903 2033 miraculorum evincit. Nam omnia miracula proprie & vere sic di¬
1107 2026 1903 2064 cta fiunt ad bonos fines, imprimis ad gloriam Dei & salutem electo
1105 2059 1904 2101 rum promo vendam: ac mira facta diaboli sunt σημεια κι τιρατα ψαι
1108 2093 1913 2126 δes, signa & prodigia mendacii, hoc est, omnia eo spectant, ut iis con¬
1107 2128 1922 2169 firmetur mendacium, impiaque doctrina ad dejiciendos & seducendos
1116 2161 1383 2211 perdendosqe homines.
1153 2188 1913 2234 OBIICITUR II. Exempla innumera dantur miraculorum a ma¬
1116 2222 1906 2267 lis angelis vel eorum ope a malis hominibus editorum, veluti a magis
1116 2261 1909 2300 Aegyptiis Exo. 7. & 8. a Simone mago, Act. 8. ab Alexadro magno cui
1111 2294 1916 2334 mare Pamphylium cessit, ejusque exercitui iter praebuit, quemadmodum
1113 2330 1906 2372 commemorat Iosephus Anquitatum Iudaicarum secundo libro, cap. ul¬
1107 2363 1915 2398 timo: a Magis & veneficis qui morbos Medicis insanabiles sanarunt. Hi¬
1110 2395 1903 2433 larioni viro sancto exhibuit diabolus formosas feminas & lautissima.
1110 2428 1907 2464 dapes ad pelliciendum illum ad libidines, ut refert Hieronymus invita e¬
1111 2462 1913 2507 jus. Plurima similia annotata sunt a multis. Hinc videtur inferendum,
1102 2501 1739 2542 malos angelos posse vera ac proprie dicta nmiracula facere
1147 2523 1915 2565 RESP. Committitur sophisticus elenchus ex pluribus interro¬
1103 2562 1909 2609 gatis dissimilibus: nam exempla in antecedente enthymematis
1117 2596 1910 2642 recitantur, quorum non est eadem ratio. Quod mare Pamphyli¬
1107 2633 1913 2668 um cesserit Alexandro Magno, ejusque exercitui iter praebuerit, ve¬
1108 2665 1915 2706 fabulosum est, vel si factum est, divinum opus fuit, non diabolicum:
1113 2702 1903 2740 nam Mexander Magnus a Deo fuit excitatus & adducebatur ad e
1116 2734 1916 2776 vertendam monarchiam Petsarum. Magi AEgyptii veros quidem
1119 2767 1914 2803 serpentes, verasque ranas, ut multi existimant, produxerunt in¬
1113 2807 1919 2840 cantationibus & invocationibus daemonum, qui subito veros ser¬
1123 2833 1915 2871 pentes attulerunt & in locum virgarum substituerunt, qui etiam
1113 2875 1916 2907 tanas veras attulerunt: nam possunt corpora sublunaria loco mo¬
1112 2902 1919 2937 vere & alio celerrime permissu Dei transferre: vere tamen & pro¬
1112 2941 1918 2977 prie dicta mitacula non fecerunt, ut definitio mitaculi evincit. Idem
1120 2964 1922 3003 de feminis & dapidibus Hilarioni adductis statuendum. Simone
1116 3000 1913 3045 magus praestigiis oculos hominum fascinavit. Morbos denique
1110 3037 1909 3080 mali Angeli curant, non propria virtute, sed rebus quibusdam natu
1116 3068 1926 3103 ralibus, quarum virtutes optime norunt & quas adhibere ju¬
1117 3103 1172 3147 bent.
1143 3124 1915 3177 QUAERITUR VI. Cur Deus permittat malis Angelis haec falsa ede
1104 3172 1924 3224 re miracula? RESP. Causae possunt septem dari, quarum sex electos
1114 3204 1397 3253 attingunt, una reprobos
1134 3228 1910 3282 I. Ut constantia electorum in vera fide & charitate in Deum explo¬
