2063 3416
194 189 1013 242 pdololatria ideo quam ventus, quam vanitas? Quin etiam a vento
190 240 989 270 compatatur, quia est res inanis & infructuosa, ut dicitur Oseae 8. v.
196 265 991 308 7. Qui vento seminaverint, turbini metent. Jer. 5. 13. esse ventus seu
195 307 989 341 abire in ventum dicuntur, quorum sermones eventu ipsovani depre¬
192 332 992 378 henduntur. Et c. 14. 6. onagros, dicit Deus, hausturos ventum, id est;
195 363 698 409 nihil habituros unde sitim & famem sedent.
232 399 980 439 Subministrat venti consideratio etiam morales nuthesias, ut Pro¬
193 430 983 466 verb. 25. 23. Vt Caecias ventus (inter Aquilonem & Orientem situs.
192 464 980 510 gignit pluviam: ita vultum indignabundum lingua simulantis
190 496 1010 538 Hanc Caeciae naturam esse ut nubilus & pluviosus sit, docet etiam
200 530 991 569 Arist. lib. 2. meteoron, c. 9. unde proverbium, Caecias nubes. Et Prov.
186 567 976 605 27. 16. abscondere ventum, est frustra conari occultate rem quae occul
192 598 980 640 tari nequit, sicut ventus abscondi nulla ratione potest. Abscondentia
196 629 980 664 contentiosam mulierem quisque absconderit ventum. Sententia est
197 662 989 700 Contentiosa mulier seipsam exponit ignominiae omnium ob libidi¬
196 699 980 739 nem contendendi, & nulla ratione potest cohiberi ignominia illa
197 730 983 773 quin pervagetur in autes omnium. Eccles. c. 11. 4. ait: Qui obseruat
201 767 983 803 ventum, non seminabit: Sententia est, non sunt in beneraciendo ne¬
193 793 986 838 ctendae morae: nam qui spe majoris gratiae meliores opportunitates
195 826 989 864 exspectans, beneficia sua differt conferre in alios, tandem omne be¬
199 860 982 902 ne agedi tempus amittit; quemadmodum agricolis, dum quemlibe
192 895 996 932 ventum intuentur, tranquillioremque autam exspectant, sementim in
195 930 991 969 crastinum semper reiicientes, non raro sementis faciendae tempus
189 960 986 1002 elabitur. Proinde ne metu ingratitudinis aut indignitatis pauperum
199 992 990 1034 aut spe majorum facultatum quas sis consequuturus, ut postea eo
185 1028 982 1069 commodius possis aliis benefacere, abstine a beneficentia erga pau¬
195 1061 989 1101 peres: ne diffidentia utitor, ut manum a beneficentia in egenos re¬
189 1092 983 1126 trahas; neve has aut illas excusationes obtedas, ignavos rusticos imi¬
192 1122 986 1166 tando, qui dum haec aut illa causantur, justum sementis tempus si¬
190 1162 986 1191 nunt effugere. Idem dictum proverbiale generaliter accommodar
204 1194 991 1232 potest ad omnia, quae ex officio sunt facienda, absque procrastinatione.
192 1227 983 1259 Ut qui ventum observat, qui metu venti hodie sementim facere recu¬
190 1253 995 1290 saverit, eras quoque ob eandem causam sementim differat, ac deinceps
191 1295 986 1331 per plures dies ventus vigeat, itaque praeterierit interim sementis tem¬
189 1324 997 1365 pus, is nunquam seret: sic si quis pericula omnia aut incommoda, que
193 1356 988 1395 in aliquo opere faciendo eventura sint, aut evenire possint, velit at
192 1384 995 1421 tendere, nunquam quicquam aget. Qui non est hodie, cras minus a¬
193 1421 305 1466 ptus erit
226 1443 983 1493 Eodem cap. v. 5. ait Ecclesiastes: Quemadmodum ignoras quae sit.
196 1488 994 1527 via venti, ut ignoras, quae via ossium in utero gravidae: ita ignoras o¬
198 1522 986 1561 pus ipsius Dei, qua via faciat haec omnia. Sententia est: Quicunqui
207 1548 992 1586 aliquam benefaciendi aliis facultatem habes, ne differto benefacere.
196 1582 988 1618 Nam ignoras, quid Deus facturus sit, an semper sit concessurus tibi
202 1615 989 1654 ut facultatem benefaciendi habeas, an vero in inopiam conjecturus
228 1647 991 1684 Paulus Apost. Ephes. 4. 14. nos dehortatur ab amplectendis hu¬
199 1683 985 1719 manis doctrinis, quia illae sunt ventus, id est, frivolae, inanes: Ne am¬
204 1716 997 1762 plius, inquit, simus pueri, qui fluctuemus & circumferamur quovis
214 1750 374 1786 vento doctrinae.
234 1782 985 1818 Sumic etiam Scriptura Sacra similitudines a vento ad eventus a
208 1812 1013 1849 nimi vel corporis repraesentandos, ut Jes. 7. 2. narratur, Achabi regis
201 1844 991 1887 Judaeae & populi ejus aninmum a rumore de conspiratione Syrorum
195 1879 989 1913 & Israelitatum ita commotum fuisse, sicut commoventur arbore.
211 1908 998 1952 sylvae a vento. Psalm. 85. 24. & Jes. 18. 2. de dissipatione multitudinis:
199 1945 985 1980 hostium Ecclesiae Dei & persequutionum dicitur; Agitabitur ut
201 1979 986 2018 gluma montium coram vento & ut rota coram turbine. Jes. 64. 10
210 2013 1001 2046 Diffluimus velut folium omnes nos, & iniquitates nostrae ut ventus
213 2043 991 2083 auferunt nos. Jerem. 13. 24. comminatur Deus impiis, Dispergan¬
202 2079 989 2115 eos velut stipulam praetereuntem, ad ventum deserti. Sic dubitatio¬
211 2106 988 2148 nes quae turbant animum precantis sunt similes ventis quibus flu¬
211 2139 991 2183 ctus maris agitatur & jactatur, ut Jacob. 1. 6. dicitur: Qui ambigit
205 2170 986 2214 similis est fluctui maris; qui ventis agitatur & jactatur. Tentatio
208 2200 986 2246 nes item, quibus probamur, ventis similes sunt. Ut enim venti irrue
194 2237 988 2276 tes in domum aedificatam super arenam, ideoque fundamento ca¬
208 2270 989 2312 rentem, eam impellunt ut concidat: ita tentationes facile pessundam
207 2301 989 2338 animos instabiles, super hypocrisin aedificatos: ut Christus doce¬
204 2334 992 2372 Matth. 7. v. 26, 27. Quisquis audit ex me hos sermones, & eos non prae¬
208 2369 992 2408 stat assimilabitur viro fatuo qui aedificavit domum suam super are¬
207 2399 989 2441 nam: Descendit autem pluvia, & venerunt flumina & flaverunt.
208 2431 986 2472 venti, & impegerunt in domum illam & cecidit, & fuit casus ejus
213 2467 992 2507 magnus. Et cap. 11. 7. negat Johannem Baptistam esse arundinem,
205 2501 991 2543 quae vento agitetur, id est, instabilem & tentationibus se huc illud
205 2533 401 2577 flecti patientem:
244 2554 986 2603 Denique venti consideratio suggerit etiam consolationis mate
217 2591 989 2634 tiam, ut Jes. 32. 2. dicitur; Et erit vir tanquam absconsio seu latibus
208 2625 1001 2669 lum a verto, hoc est, Christus Dominus erit spes & perfugium no¬
217 2665 997 2699 strum in his procellis injuriarum & persequutionum, quibus nos a¬
213 2697 994 2740 gitari necesse est, quamdiu in hoc mundo versamur. Tantum bona
213 2727 593 2778 ad nos redit ex regimine Christi.
453 2750 782 2806 Tantum de finibus venti.
243 2799 1001 2841 Porro venti sunt subjecti Christo, ut Deo & Domino suo, ideo
211 2830 992 2871 voci & imperio ejus obtemperatunt, ut legitur Matth. 8. 26, 27. &
207 2862 989 2903 Marc. 4. vers. 39, 40. Quapropter testimonium dederunt Christo¬
216 2894 1000 2948 quod natura verus Deus sit. Vide Chrysostomum in Psalmum δ6ι
291 2940 928 2986 Sufficiat de vento: sequitur de fulgetro & tonitrus
244 2982 988 3027 FULGETRUM seu CORUSCATIO, est splendor flammae emicam
211 3020 1003 3060 tis, per totum aerem uno momento transcurrens, per intervalla; vel
213 3057 997 3093 cum nullo vel cum parvo sonitu, ortus ex modica tenuique exhala¬
214 3088 992 3123 tione in nube accensa. In Graeca versione Ps. 18. dicitur τῆλαυγήσις
208 3116 803 3160 id est, splendor eminus apparens, longeque sparsus
247 3140 995 3192 Definitio fulgetri seu coruscationis est petita ex his verbis Psal
218 3183 895 3226 18. 13. Asplendore qui est ante eum nubes ejus transierunt
242 3215 1010 3259 Ut autem reges anteambulones suos majestatis causa habentiita¬
1030 190 1835 242 etiam Deo fulgetra veluti anteambulones serviunt in tempestati¬
1053 238 1835 275 bus quas ciet. Similiter de igne anteambulone Dei dicitur Psalm.
1051 275 1806 313 30. 3. Ignis ante ipsum consumit & circa ipsum procellosus valde:
1063 308 1832 354 Suntque fulgetra saepe noxia teneris praesertim herbulis, quas ex¬
1049 332 1315 379 siccant, quia ignita sunt
1086 365 1834 406 Tonitru, est sonitus in aere aut ex agitatione vaporis calidi & sic.
1047 397 1834 442 ci, in nube frigida & humida, propter antiperistasin excitatus: aut ex
1054 434 1840 474 jusdem vaporis, e nube vidsenter fracta eruptione generatus: aut
1050 472 1753 506 etiam nonnunquam ex nubium cavarum collisione coortus.
1071 498 1838 546 De Tonitra agitur Psalm. 29. 3. & sequentibus aliquot, in qui¬
1050 532 1835 569 bus describitur a causa efficiente, ab adjunctis, effectis & fine. Namsi
1039 570 1842 612 causam efficientem requiras, est tonitru vox Dei fortis: is enim est qui
1050 603 1844 637 conat in coelis & edit vocem suam, Psalm 18 14. Exod. 9. 23. Quod
1051 634 1846 667 adiuncta attinet, est tonitru meteoron vehementissimum, superans
1050 667 1840 707 vehementia sua fragores, plausus, fremitus & strepitus etiam aquarum
1053 698 1840 738 multatum: est meteoron potens & decorum. Si effecta intueamur, o¬
1043 731 1847 770 mnia etiam validissima fragit, veluti cedros, arbores procerissimas.
1051 765 1843 803 crassissimas & maxime durabiles: firmissima quaeque & quae stabilia
1048 799 1837 836 judicantur commovet, exempli gratia, montes, ut exsiliant sicut vi¬
1038 831 1849 868 tulus aut pullus unicornium: caedit fiammas ignis, id est, coruscatio¬
1045 864 1837 902 nes, fulgetra, & fulgura quae dissipat: perhorrefacit omnia animalia
1047 895 1840 931 non tantum homines, sed etiam feras ac horrificas bestias desertum.
1047 929 1840 963 incolentes; unde & cervas, quantumvis prae angustia utantur diffici¬
1047 958 1844 1002 liore partu, abortire cogit, & feris trepidantibus in antra & latibula;
1046 991 1383 1036 sua compulsis, sylvas denudat,
1071 1027 1846 1063 Finis tonitru est gloria potentiae Dei, ut Psalmus vigesimus no¬
1045 1061 1838 1099 nus docet. Sic Jobus c. 26. v. 14. ait tonitru summae potentiae ejus qui¬
1042 1092 1840 1128 intelligat? Quapropter Deus est etiam a siliis fortium, hoc est, a ge¬
1053 1126 1844 1166 nerosissimis & potentissimis quibusque glorificandus, laude exrol¬
1054 1159 1839 1201 lendus, & humillime adorandus. Eodem pertinet descriptio tonitru
1059 1192 1844 1231 quae exstabit Jobi 37, ubi Elihu omnipotentiam Dei asserit conside¬
1051 1226 1840 1265 ratione tonitru; ut Jobum revocet ad humilitatem, cognitionem in
1048 1254 1846 1292 firmitatis & ignorantiae suae, & ad dandam Deo laudem omnipoten¬
1050 1291 1851 1334 tiae, bonitatis, justitiae & misericordiae. Audite, inquit Elihu, diligen¬
1050 1324 1835 1364 ter conjunctam commotione vocem ejus & loquelam ex ore ejus pro¬
1047 1354 1843 1394 deuntem, (id est, tonitru) Sub omnes coelos dirigit eam, & lucem sub¬
1057 1385 1840 1420 Vid est, fulgetra lucida) ad oras terrae. Post eam rugit sonus, tonat vos
1048 1420 1849 1457 ce excellentiae suae, neque differt illa, quum audieda est vox ejus. (Nam
1065 1451 1852 1488 rius videtur coruscatio, quam audiatur sonus.) Tonat Deus fortia
1057 1484 1851 1528 voce sua mirabiliter: facit res adeo magnas ut non possimus cognosce¬
1056 1521 1846 1558 re. Ad declarandam potentiam suam formidandam, quam possit ju¬
1062 1547 1849 1588 dicia sua facillime exsequi adversus omnes contemtores mandatorum
1050 1584 1846 1621 suorum, & domare superbissimos etiam & potentissimos in terris
1056 1618 1855 1652 Reges, tonitrua horribilia edidit in AEgypto, Ezod. 9. 23. adeo ut
1059 1652 1852 1683 prae metu quem tonitrua incutiebant, Pharao rex AEgypti cocere¬
1048 1684 1841 1718 tur fateri se peccasse; & Jehovae justitiam, sibi vero ac suis improbita.
1054 1716 1850 1753 tem tribuere, vers. 27, 28. accersivit Mosen & Aaronem & dixit eis,
1044 1753 1850 1794 peccavi hac vice: Iehova justissimus est, ego vero & populus meus im¬
1059 1780 1846 1816 probissimi sumus. Supplices orate Iehovam(nam fatis est) ne pergant.
1062 1811 1845 1851 sse soni Dei & grando: tum dimittam vos & non ultra manebitis:
1063 1852 1852 1891 dem docetur Psalm. 77. 18, 19. Idem fecit cum Decalogum pro¬
1053 1879 1849 1914 mulgaret. Exod. 19.16. & cap. 20. 18, 1. Sam. 12. v. 18, 19, 20. populo
1053 1908 1841 1948 Israelitico Deus per tonitru declaravit magnitudinem peccati ipso¬
1056 1946 1854 1988 rum quod regem sibi petivissent, & potentiam suam in ipsis ob pec¬
1048 1979 1846 2013 catum puniendis & consumendis. Huc pertinet quod Channa mater
1054 2009 1841 2044 Samuelis ait 1. Sam. 2. 10. Contendentes in Iehivam conterentur
1060 2041 1844 2081 contra quemque in coelis intonabit, Iehova judicabit fines terrae: Et
1059 2073 1850 2113 quod legitur Jes. 29. vers. 6. A Iehova exercituum visitabitur urbs
1058 2102 1240 2140 Davidis tonitrus
1071 2125 1844 2179 Tonitru facit etiam eo, ut agnoscamus tum nostram injustitiam,
1053 2171 1847 2217 tum impotentiam ac infirmitatem, & ut Deo integram gloriam sic¬
1050 2204 1844 2238 ut justitiae, ita & ominipotentiae tribuamus. Hoc docet Deus cum Jo¬
1047 2232 1840 2277 bo e turbine respondens dicit cap. 40. 3. 4. An etiam irritum facie.
1044 2268 1847 2309 judicium meum? condemnabis me ut justus sis? Aut an braceum ut
1052 2303 1819 2339 Dei fortis est tibi? & voce, ut ipse, intonabis? Exemplum 1. Sam. 12.
1080 2333 1837 2374 Insuper tonitru edit Deus etiam ad hunc finem, ut sit timor Dei,
1053 2369 1846 2410 ante faciem nostram, ne peccemus, quemadmodum Moses docet.
1054 2396 1219 2435 Exod. 20. v. 26.
1078 2422 1857 2466 Denique tonitru est imago verbi Dei, ac inprimis Evangelii, cu¬
1064 2466 1857 2499 us sonus totum orbem terrarum subito pervasit, & corda hominum
1051 2494 1857 2539 perculit, ut ad Christum converterentur. Quo pertinet quod dicitur:
1047 2530 1857 2574 Apocal. 4. v. 5. Prodibant autem ex illo throno fulgura & tonitrua:
1052 2564 1841 2600 & voces. Et cap. 14. 2. Audivi vocem e coelo tanquam sonum coni¬
1057 2594 1834 2635 tru magni. Evangelium de Jesu Christo terribile & adversum est An¬
1050 2626 1840 2664 tichristo & factioni ipsius impiae non secus ac tonitru. Unde etiam
1050 2658 1847 2698 imago est praeconum Evangelii, Apoc. 10. 3. 4. loquuta sunt septem
1062 2694 1834 2732 tonitrua voces suas, id est, Apostoli & alii praecones Evangelii annum
1065 2725 1834 2760 ciarunt Evangelium de jesu Christo cum potenti declaratione Spi¬
1059 2756 1840 2802 ritus. Quam ob causam Jacobo & Johanni filiis Zebedaei Apostolis
1056 2790 1844 2827 imposuit Christus nomina Boanerges, quod est filii tonitrui, Marci¬
1050 2823 1837 2867 3. vers. 17. ut significaret, ipsos votem Evangelii tonaturos in tote
1054 2855 1109 2894 Jorbe
1095 2886 1832 2928 Est imago etiam comminationum divinarum quibus Deus judi¬
1047 2917 1837 2960 cia sua denunciavit impiis. Huc facit quod legitur Apocal. 6. 1. Postea
1053 2963 1838 2995 vidi, quum aperuisset Agnus primum ex sigillis, & audimi unum ex
1053 2990 1847 3031 quatuor illis animalibus dicens, tanquam vocem tonitrui, Veni &
1059 3019 1145 3067 aspice.
1089 3045 1835 3087 Denique est imago magni consensus & vehernentis contentioni¬
1053 3085 1840 3120 omnium electorum in laudando Deo; quo referendum quod legitur
1047 3116 1832 3151 Apocal. 19. 6. Et audivi tanquam sonitum turba multae, & tanquo
1053 3150 1838 3190 sonitum aquarum nultarum, & tanquam sonitum tonitruorum
1053 3182 1837 3224 vehementium, dicentium, Hallelusah: quoniam regnum inijt Do¬
1054 3217 1459 3259 minus Deus ille noster omnipotens.
