2063 3391
210 157 995 213 qui amatore erroris erat doctrinam Ecclesiae infecturus eoque mul
204 211 1003 242 torum hominum animas interfecturus: qualis stella fuit Paulus Sa¬
206 238 1004 281 mosatenus in Ecclesia Antiochena. Et cap. 9. vers. 1. dicitur, Vidi stel¬
210 270 1009 313 lam e coelo cecidisse in terram, id est, Episcopum Romanum qui an¬
214 300 842 341 tea pure docuerat, a vere Catholica Ecclesia defecisse
249 325 1006 373 Stellae erraticae in epistola Judae v. 13. quibus comparantur profan¬
214 366 998 404 seductores, non sunt stellae illae, quae ab Astronomis Planetae vocan
213 401 1004 442 tur, nimirum Saturnus, Jupiter, Mars, Sol; Venus, Mercurius, Luna¬
225 436 1001 475 quae quamvis nullae (ut ait Plinius) errent minus illis, tamen erran¬
218 468 1004 506 tes dicuntur ex opinione & communi judicio sensus: Nam breviore
216 505 1011 544 orbe ac multo propinquiore citcumaguntur, ex quo sit ut multo ma¬
216 534 997 574 gis quam stellae fixae errate videantur. Sed errantes stellae ibi intelli¬
216 574 1003 606 guntur ἀσερες δαθεοντες, stellae discurrentes, quae revera stellae non
213 601 1000 640 sunt, sed exhalationes infiammatae in aere in longum ductae cadenti¬
220 632 1003 666 bus stellis persimiles, de quibus Aristoteles libro primo de Meteoris
212 664 1010 705 cap. 4. Nam pseudapostoli & pseudodidascali speciosam lucem praese¬
217 695 1010 735 ferunt, sed eam mendacem atque instabilem, estque illis caligo in
219 730 1000 765 aeternum servata: quemadmodum stellae discurrentes lucem subito
219 765 1004 796 evanescentem ostendunt, sed mox perpetua nocte conduntur, nec
222 796 1003 840 ullum vestigium sui relinquunt. Sic breviter vitium & exitium sedu¬
214 828 482 872 ctorum repraesentatur.
247 849 1007 906 Stellam peculiarem Christo nato Magis visam, legitur Matth. 2.
205 894 1012 931 v. 2, 9, 10. ubi & stella Regis Iudaeorum dicitur: Sic enim Magi, Ubi
217 935 1006 964 est, inquiunt, ille Rex Iudaeorum qui natus est? vidimus enim ejus
225 960 1003 996 stellam in Oriente, & venimus ut adoremus eum. Haec stella Christo
213 1000 1016 1035 nato in Oriente emicuit, (facta comparatione ad Palaestinam,) &
228 1027 1000 1067 Magos Astronomiae studiis deditos ad Regis regum incunabul
216 1059 998 1105 proficisci jussit, revocans illis in memoriam, tempus adesse quo vati
213 1091 1001 1131 cinium Num. 24. 17. Orietur stella ex Iacobo, in ipsa veritate sit im¬
225 1125 1003 1167 plendum, sicut jam olim in Davidis regno tanquam typo impler
220 1156 1016 1199 coeptum erat: & admonens illos de vaticiniis quae Babyloniae Magi a¬
217 1189 1013 1226 Daniele didicerant, quibus decuplo superior fuit Dan. 1. 20. & qui¬
213 1224 1007 1260 bus ille jussu Nebucadnetzaris Magni cum autoritate praefuit, ut le¬
212 1254 1016 1295 gitur Dan. 2. v. 48. Magi igitur secretiore coelestis Numinis afflatur
219 1295 1010 1332 hanc stellam quasi coeli linguam loquentem agnoverunt, eaque ac
217 1325 1019 1362 Christum quaerendum sunt permoti. Quaeritur autem, num ea stella¬
213 1356 1000 1395 de numero stellarum ab initio creatarum, an vero Cometa fuerit
262 1390 1016 1428 RESP. Nec fuit de numero stellarum ab initio creatarum,
226 1418 1010 1460 nec Cometa. Primo enim stellae initio mundi creatae, singulis diebus
223 1457 1013 1494 poriuntur & occidunt, a diurna luce Solis absconduntur, noctu sereno
217 1486 1015 1526 coelo non occultantur, & in aetherea regione sedem habent: at stella
219 1518 1011 1563 Regis Judaeorum ex quo visa est in Oriente, spectandam se Magis
232 1555 1013 1594 perpetuo dabat eisque per totum iter praeluxit, donec in Judaeam &
222 1588 1010 1631 postea ad domum in qua rex Judaeorum erat pervenirent, eadem in¬
226 1621 1019 1662 terdiu lucebat, & noctu quamvis coelo sereno tantisper delituit donec
213 1648 1004 1684 Magi Jerosolymis nativitatem Christi annunciassent atque ita stu¬
219 1681 1002 1729 porem & supinam negligentiam exprobrassent cum Judaeis com¬
223 1720 1004 1756 muniter tum Sacerdotibus qui pastorum Bethlehemiticorum ser¬
220 1754 1001 1790 mones contemserant, tum rursus Magis apparuit & terris vicina ste
219 1782 1009 1818 tit supra locum in quo puerulus Jesus erat, ut legitur Matth. 2. vers.
230 1820 317 1858 9. & 10
262 1837 1004 1883 Summa, stella Regis Judaeorum differebat a stellis naturalibus
222 1875 1010 1919 motu, lumine seu splendore, diuina apparitione, nocturna interdum
228 1916 1000 1951 occultatione, loco seu situ, quia supra domum in qua puerulus Je¬
222 1942 1010 1983 sus cum matre sua erat, officio quo fungebatur, disparitione totali.
228 1974 1009 2016 Non igitur fuit e numero stellarum initio factarum: qua de re Basi¬
228 2004 1004 2047 lius Magnus de humana Christi generatione, Chrysostomus homi¬
237 2037 1004 2082 ia sexta in Matthaeum, Augustinus lib. 2. contra Faustum Mani¬
228 2074 746 2121 chaeum cap. 5. Damascenuis lib. 2. cap. 7. & aliij
261 2094 1037 2147 Secundo nec Cometa fuit, ut liquet ex iis quae Physici tradunt de
224 2135 1010 2177 Cometarum natura & ingenio, motu, evanescentia sub diurno lu¬
228 2171 1006 2218 mine Solis, & distantia a terris; quae in stellam Christi nequaquam
230 2214 374 2254 competunt.
267 2226 1007 2279 Fuit igitur ut veritati maxime consentaneum est, novum quod
228 2268 1012 2312 dam & insolitum atque extraordinarium prorsus ac proinde mira¬
230 2298 1007 2346 culosum Meteoron, non naturali modo, sed divina virtute e subcoe¬
240 2335 1016 2377 esti materia conflatum & eximiae lucis fulgore radians, quod non
232 2364 1016 2411 suapte vi, sed eadem virtute divina aut certe sancti alicujus Angelis
237 2395 1013 2444 ministerio deferebatur: propterea Magis Judaeam ingressis stella il¬
227 2429 1042 2476 la ad tempus vel subtracta fuit vel splendor ejus aliis modis occulta¬
225 2467 1007 2508 tus, ut occasio praeberetur Magis de nato Rege Judaeorum quaeren¬
228 2493 1019 2542 di & ex Scriptura Sacra discendi ubi Christus nasceretur. Ita stella¬
231 2533 1007 2578 illa Magos ad Scripturam divinam adductos ad CHRISTUM per¬
232 2575 303 2614 duxit.
425 2589 832 2652 Haec de stella Christi nati indice.
264 2621 1017 2681 Nominatim autem Scriptura Sacra meminit Solis, Lunae, Hespe¬
238 2663 1009 2714 ri seu luciferi, &c. ut intuitu vel consideratione illorum de rebus di¬
234 2698 1008 2753 vinis & ad fidem atque bona opera pertinentibus efficaciter admo¬
233 2730 1010 2783 neamur. Corporalis usus stellarum istarum satis praedicari nequit
237 2763 1012 2818 sed spiritualis usus multo est amplior. Nam prae caeteris stellis animo,
237 2795 1015 2851 nostros ad Deum evehunt & ad cognitionem ejus ducunt, de cujus
228 2830 1022 2884 nos docent divinitate, sapientia, bonitate & potentia, & de rebus aliis
246 2881 343 2927 praeclaris
276 2895 1022 2947 Nam intuitus istarum stellarum docet, ipsas distinguendas a Deo.
240 2926 1021 2983 Creatore cujus essentia est spiritualis, incorporea, invisibilis, infini¬
239 2964 1022 3015 ta, increata; & qui a nemine agnoscitur, nisi cui se patefecit: ac proin¬
232 2994 1022 3050 de illis cultus divinus non impendendus, sicut Moses docet Deuter.
237 3027 1023 3079 4. v. 19. Et ne sublatis oculis tuis versus coelum, quum aspexeris So¬
240 3058 1017 3116 lem aut stellas, ullam rvem exercitus coelestis, tum impellaris, & in¬
244 3090 1021 3147 curvans te eis colas ea: quae impertitus est Iehova Deus tuus reliqui-
243 3126 1018 3174 omnibus populis sub universo coelo. Sensus est: Sol non est Deus, non
231 3163 1025 3215 stella creata alia; nec cultu divino colenda: quia Sol & aliae stellae sunt,
1044 170 1841 222 corpora visibilia, certis coeli locis affixa, creata a Jehova Deo tuo &
1072 211 1828 252 hominibus data ab eodem ut eis ministrent, non autem homines il
1062 237 1841 289 lis dati; & data sunt corpora illa coelestia utenda non uni alicui popu¬
1066 271 1838 322 lo, sed omnibus sub universo coelo. Quocirca vetuit Deus Solem:
1066 304 1843 344 Lunam aliasque stellas adorari, & cultores earum detestatus est & ca¬
1065 340 1841 387 pitali supplicio puniri voluit Deut. 17. 3. & passim per Prophetas de¬
1060 377 1626 416 illis questus est & severissimis judiciis eos punivit.
1096 400 1834 458 Sol & Luna jubente Deo ad preces Josuae substiterunt, sicut legi¬
1071 436 1835 486 tur Jos. 10. v. 12, 13, 14. Tunc alloquutus est Iosuae Iehovam, quo die
1059 477 1837 512 exposuit Iehova hunc Emoraeum filiis Israelis: & dixit ante oculos.
1063 502 1840 539 Israelis, Sol in Gibhone subsiste; & Luna in convalle Ajalonis. Sub¬
1060 539 1837 577 stitit ergo Sol & Luna stetit, donec vindicata esset gens Israelitica ab
1065 568 1833 618 hostibus suis, nonne hoc scriptum est in libro recti? stabat autem So¬
1068 603 1828 647 in medio coelo neque festinabat ad occasum quasi diem integrum. Ne¬
1063 633 1829 680 fuit similis diei illi ante eum, vel post eum, auscultante Iehova voc
1066 672 1837 707 cujusquam: nam Iehova pugnabat pro Israele. Sol in gratiam Re¬
1059 699 1830 747 gis Ezechiae retrocessit Jes. 38. 52. Hinc refulget singularis favor Dei
1068 736 1831 772 erga Ecclesiam & singulos in ea fideles, quod sicuti ad usum humam
1071 771 1843 813 generis quotidiano Solis cursu diem a nocte dividit, & molem illam
1065 802 1828 837 ingentem infatigabili pernicitate assidue versat: ita ad conservatio¬
1068 830 1826 878 nem confirmationemque Ecclesiae suae fidelium singulorum, ad bro
1074 864 1837 904 re tepus quum visum est, subsistere vel etiam cursum reflectere jubet
1099 898 1834 936 Sol nobis est monimentum gratiae ac benignitatis Dei, & felici
1075 926 1834 967 atis perpetuae quam fidelibus largitur Deus per Christum & in ipso¬
1071 959 1838 1007 sicut Psalm. 84. v. 12. dicitur; Sol & scutum est Iehova Deus, gratiam
1065 992 1834 1034 & gloriam dat Iehova: Et Jes. 60. v. 19, 20. Non erit tibi amplius So¬
1066 1028 1832 1073 in lucem diurnam; & quod ad splendorem noctis, luna non illustra
1073 1058 1834 1102 hit te: sed erit tibi Iehova luci perpetuae, & Deus tuus ornamento ti¬
1068 1088 1849 1128 bi. Non occidet amplius Sol tuus, & Luna tua non recipiet se: nam
1075 1125 1837 1169 lehova tibi erit luci perpetuae, & completi erunt dies luctus tui. Qui
1069 1159 1849 1199 admodum Sol luce sua mundum vivificat, fovet atque exhilarat: ita¬
1066 1188 1834 1230 sereno Dei adspectu fideles recreantur, imo non aliter vivunt & spi¬
1069 1226 1837 1261 rant, nisi quatenus illis Deus affulget. Cujus Sol Deus est, ejus pro¬
1071 1254 1840 1298 speritas est sempiterna & immutabilis, quum perpetuam lucem ha¬
1065 1286 1597 1321 beat, nulli mutationi & vicissitudini subjectam
1092 1311 1843 1356 Ut Sol iste visibilis luce sua tenebras pellit: ita Christus Dominus
1077 1356 1845 1397 peccatorum nostrorum caliginem abigit & lucem justitiae reducit,
1077 1388 1835 1422 nos justitia sua tanquam luce circumfundens: unde Christus Sol ju¬
1071 1418 1843 1455 stitiae dicitur Malach. 4. v. 2. Ut unicus in coelo Sol est, qui caetera si¬
1065 1457 1837 1490 dera lucida efficit: & sublunaria luce & calore suo illustrat, vivificat &
1078 1483 1843 1524 sovet; ac si Sol non foret, nox esset perpetua: ita unicus est justitiae
1065 1521 1844 1559 Sol, & Dei ac hominum Mediator homo Jesus Christus, qui omnes
1078 1550 1835 1583 sanctos in Ecclesia, radiis sapientiae suae illuminat, vitae suae benedi¬
1071 1585 1838 1618 ctione vivificat, gratia sua fovet & conservat, qui etiam regnans ac
1065 1612 1844 1650 dexteram aeterni Patris, pro nobis interpellat solus, quia ipse solus
1077 1647 1850 1682 pro nobis justitiae divinae satisfecit; ac si hic Sol justitiae nobis exor¬
1065 1681 1846 1720 tus non esset, tum enimvero in tenebris & umbra mortis omnibus.
1074 1710 1504 1748 contabescendum & pereundum foret.
1101 1731 1852 1782 Sol medius fertur inter stellas, amplissima magnitudine ac pote¬
1072 1773 1853 1816 state, nec temporum modo terrarumque sed siderum etiam ipsorum
1068 1810 1853 1842 rector; hic lucem rebus ministrat, aufertque tenebras, hic reliqua si¬
1069 1841 1854 1882 dera occultat, hic vices temporum, annumque semper renascentem.
1069 1873 1855 1909 ex usu naturae temperat, hic coeli tristitiam discutit atque etiam nu¬
1071 1906 1855 1942 bila humani animi serenat, hic suum lumen caeteris quoque sideri¬
1075 1939 1856 1971 bus foenerat, praeclarus, eximius, omnia intuens: ita Christus versa¬
1077 1977 1846 2008 tur in medio septem candelabrorum auteorum, id est, Ecclesiarum
1062 2004 1840 2046 suarum in quibus accensa lux Evangelii lucet, eidem data est omni
1072 2038 1850 2071 potestas in coelo & in terra & omnia subjecta pedibus ejus, lucem
1059 2074 1834 2111 fidei cordibus nostris infert & ignorantiae tenebras discutit, cum ipsi
1071 2102 1841 2137 etiam sancti Angeli luce comparari non possunt, nedum homines.
1066 2135 1847 2171 hic tempus gratiae verumque illum annum Jubileum reduxit, hic ani¬
1068 2167 1850 2202 morum nostrorum tristitiam discutit, & moerores validissime sola¬
1059 2204 1835 2234 tur, hic lumen salvificum beatis Angelis & hominibus communicat
1066 2234 1856 2278 eminens super omnes, caput Ecclesiae, omniscius, &c. Apocal. 1. vers.
1068 2263 1238 2305 16. & cap. 12. 1.
1102 2293 1844 2337 Sol imago est Ecclesiae, Cantic. 6. v. 7. Quae est illa spectata ut au¬
1059 2325 1268 2370 rora, pura ut Sol;
1096 2353 1837 2398 Sol praeterea imago est primariorum rectorum in Ecclesia &
1078 2389 1850 2435 Republica, Apocal. 8. v. 12. percussa est tertia pars Solis, ut obscura¬
1063 2421 1845 2465 retur, hoc est, tertia pars gubernatorum orbis Christiani, Episcopo¬
1065 2463 1838 2498 rum & Magistratuum, caligine haereseos obtenebrata fuit. Et cap. 9.
1075 2491 1850 2527 2. Adscendit fumus ex puteo ut fumus fornacis magne & obscuratus
1077 2521 1835 2565 st Sol, id est, prodiit erronea doctrina & idololatria ex inferno, qui
1081 2556 1844 2597 praecipui quique Ecclesiastici & politici, qui aliis doctrinae & vitae pu¬
1070 2581 1546 2633 ritate praelucere debebant, seducti fuerunt
1093 2607 1835 2654 Est symbolum visionis veritatis, Mich. 3. v. 6. Occidet Sol super¬
1071 2652 1835 2697 istos Prophetas, id est, haec vindicta in ipsos divina erit, quod verita
1081 2685 1373 2728 is visio ipsis non continge¬
1101 2709 1831 2752 Est symbolum gloriae & prosperitatis qua quis fruitur, Jer. 15. v. 7.
1073 2742 1844 2787 occidet Sol ejus, id est, momento mutabitur clarissima gloria prospe¬
1079 2774 1566 2827 ritasque eius in calamitates tenebrosissimas
1100 2808 1846 2852 Est spes liberationis, Amos. 8. v. 9. ait Deus, efficiam ut Sol occidat
1083 2838 1838 2891 ipso meridie & obtenebrabo terram die lucido, id est, efficiam ut sper
1084 2870 1841 2922 liberationis consequendae & adipiscendae laetitiae evanescat eo ipse
1079 2906 1403 2960 tempore quo validissima erit
1113 2941 1838 2991 Est persecutionum & afflictionum aestus, Cantic. 1. v. 6. dicit spon¬
1078 2984 1840 3026 sa Ecclesia: Ne respiciatis ad me, quod sim subnigra, quod contuitus
1076 3019 1844 3064 sit me Sol, hoc est, ne offendamini eo quod velut infuscata sim pecca¬
1077 3050 1850 3091 tis & afflictionibus, quod persecutione & oppressione, tanquam Sole
1083 3073 1711 3128 correfacta sim, ut Matth. 13. 6. Solis appellatio accipitur.
1114 3101 1842 3155 Est imago quaedam & gustus gloriae Christi Matt. 17. v. 2. Trans¬
1077 3140 1844 3194 formatus est coram eis & fulsit facies ejus ut Solimo & gloriae justo¬
