2063 3466
258 188 1069 243 rum in coelo, Matth. 13. 34. Tunc justi fulgebunt ut Sol, in regno Pa¬
259 232 814 281 tris sui. Qui habet aures ad audiendum, audiat
315 253 1030 306 volis perpetua conversio quam oritur & occidit quotidie, argui
267 294 1033 341 miserabilem hominis vanitatem, qui semel mortuus, ad vitam hanc
262 325 1037 375 nunquam revertitur, ut docet Eccles. cap. 1. v. 3. 4, 5. Quid emolumen¬
265 361 1037 409 ti est homini, ex toto labore suo quo laborat sub Sole? Generatio una,
265 392 1030 440 abit, & altera advenit; quavis terra in saculum permaneat. Oritus
257 424 1022 474 Sol, & occidit Sol; iterumque ad locum suum adspirat, ubi oriebatus
267 456 1039 511 Qua comparatione & poeta Gentilis Catullus usus est ad hominis
262 501 566 547 vanitatem exaggerandam
346 526 714 574 Soles occidere & redire possunt:
342 564 728 608 Nobis cum semel occidit brevis lu¬
351 597 718 646 Nox est perpetua una dormienda
288 620 1037 668 Luna est imago Ecclesiae Dei, nam Cantic. 6. v. 7. dicitur de Ec¬
268 661 1027 706 lesia quod sit pulera ut Luna. Ut Luna non propria, sed aliena luc
252 692 1040 738 lucet, quandoquidem a radiis Solis collustrata lucem suam inde ac¬
248 723 1040 768 cipit: ita Ecclesia lucet, non suo, sed Christi fulgore & summis ejus
249 755 1029 803 dotibus ac beneficiis illustrata. Et queadmodum non semper Luna ple¬
261 790 1040 834 no orbe lumen suum nobis ostendit, sed aliquando ita decfescit, ut
259 826 1031 867 nobis illa non amplius superesse videatur, nec tamen unquam pro¬
268 857 1031 900 pterea radiis Solis destituitur, quamvis humanis sensibus secus ap¬
267 891 1034 932 pareat: ita Ecclesia non semper plenum fulgorem emittit, sed aliqua¬
259 931 1027 967 do ita obscuratur, ut nostris oculis non pateat: & nihilominus cert¬
255 958 1028 1000 est eam semper esse, semperque a Sole illo justitiae, id est, a Christo il¬
249 995 1037 1033 luminari. De mystica significatione defectus & mutationis Lunae
258 1032 1037 1069 habet praeclara Ambrosius Hexameron quarto lib. cap. 6. unde quae¬
256 1059 1034 1099 dam decerpsimus: Si miraris quomodo defectum Luna patiatur, cum
250 1092 1031 1133 tantam vim mutationis habeat suae: considera & in eo magnum est.
250 1133 1027 1166 mysterium, quod ejus exemplo cognoscis o homo nihil rerum huma¬
265 1161 1027 1203 narum esse posse, & mundanae totius creaturae, quod non aliquand.
256 1194 1027 1233 rasolvatur. Nam si etiam Luna, cui tantum Dominus commisit mi¬
264 1235 1025 1270 nisterium, ut illuminet orbem terrarum, & crescit & deficit, quia o¬
249 1258 1034 1302 mnia ex nihilo orta usque ad perfectionem venerunt, & iterum perfe¬
253 1294 1039 1333 cta minuuntur: Coelum enim & terra praeteribunt: cur non id mo¬
256 1323 1046 1368 derationis assumimus, ut neque in adversis abijciamus animum: qui
252 1359 1031 1404 enim omnia fecit ex nihilo, facile te quoque potens est ad summa perfe¬
250 1391 1032 1427 ctaque provehere; & rursum non extollamur in prosperis, neque in potet
259 1425 1034 1467 state aliqua nos divitiisque jactemus, neque in viribus corporis aut pul¬
244 1461 1025 1498 chritudine gloriemur, in quo est facilis corruptio, crebra mutatio
248 1492 1036 1532 sed manentem in futurum animi gratiam persequamur? Nam si te
250 1525 1040 1562 Lunae contristat occasus, quae se semper reparat ae reformat: multo
244 1557 1028 1601 magis cotristare te debet si anima profectu virtutis impleta cum fue¬
249 1596 1019 1633 rit, postea per inconstantiam mentis atque incuriam a suo deflexa pro¬
265 1626 1024 1667 posito, studia sua saepe commutet: quod est insipientiae & inscientiae.
258 1657 1024 1698 Pnde & Scriptura ait: Stultus ut Luna mutatur; Et ideo sapiens non
256 1691 1022 1735 cum Luna mutatur, sed permanebit cum Sole. Unde non Luna est
259 1718 1024 1759 particeps stultitiae, quia non Luna mutatur ut stultus, sed stultus ut
251 1763 1021 1797 Luna. Denique semen justi sicut Luna perfecta in aeternum manet, &
250 1790 1024 1826 testis in coelo fidelis. Aliud enim est fungi ministerio, aliud circum
259 1823 1015 1860 ferre ingenio, & sensus infirmitate fixam non habere sententiam Lu¬
258 1858 1038 1894 na pro te laborat, & propter uoluntatem Dei subdita est. Vanitatis
262 1889 1036 1925 enim creatura subjecta est: non sponte, sed propter eum qui subjecit in
255 1922 1034 1961 spe. Illa ergo non sponte mutatur, tu sponte mutaris, Illa congemiscit
251 1955 1034 1989 & comparturit in sua mutatione: tu non intelligis, & gratularis fre¬
249 1987 1028 2031 quenter. Illa tuam redemtionem frequenter exspectat, ut a communs
250 2023 1030 2055 totius creaturae servitio liberetur: tu & tuae redemtioni, & illius li¬
255 2052 1024 2090 bertati affers impedimentum. Tuae ergo, non suae stultitiae est, quod di¬
249 2092 1022 2126 tu exspectaris, & nec sero converteris, adhuc & illa mutatur. Noli er
253 2125 1016 2161 goLunam oculo tui corporis aestimare, sed mentis vivacitate. Minus
245 2155 1021 2190 tur Luna ut elementa repleat: Hoc est vere grande mysterium. Do¬
258 2189 1021 2225 navit hoc ei qui omnibus donavit gratiam. Exinanivit eam ut re;
250 2222 1022 2265 pleat, qui etiam se exinanivit ut omnes repleret. Exinanivit enimse
254 2256 1031 2291 ut descenderet nobis: descendit nobis, ut ascenderet omnibus. Ascen¬
258 2285 1033 2329 dit enim, inquit, super omnes coelos, ut impleret omnia. Itaque qui
255 2325 1013 2365 exinanitus advenerat, de plenitudine sua Apostolos adimplevit: Vno
240 2356 1021 2390 de unus ex his dicit: Nam de plenitudine ejus omnes nos accepimus
249 2383 1027 2427 Ergo annunciavit Luna mysterium Christi: non mediocris, in qua
253 2416 1022 2465 signum posuit suum: non medioeris, quae typum dilectae habet Ecclesiae.
253 2450 1018 2489 quod significat Propheta dicens: Orietur in diebus ejus justitia, & ab¬
252 2487 1041 2517 undantia pacis donec extollatur Luna. Et in Canticis Dominus de
253 2514 1016 2565 sua sponsa ait: Quaenam est haec prospiciens tanquam diluculum, spe¬
252 2554 1021 2597 ciosa sicut Luna, electa ut Sol: Et merito speciosa sicut Luna Ecclesia;
255 2584 1027 2623 quae toto mundo refulsit, & tenebras seculi hujus illuminans dicit:
262 2614 1029 2662 Nox praecessit, dies autem appropinquavit. Pulchre ait, prospiciens,
252 2649 1021 2697 quasi suos de superiore prospectans, sicut habes: Dominus de caelo pro¬
255 2680 1024 2722 spexit super filios hominum. Prospiciens ergo Ecclesia, sicut Luna de¬
249 2711 1022 2757 jectus habet & ortus frequentes, sed defectibus suis crevit, & his me¬
244 2747 1018 2788 ruit ampliari, dum persequutionibus minuitur, & confessorum mar¬
252 2776 1024 2819 tyrijs coronatur. Haec est vera Luna, quae de fratris sui luce perpetua
252 2808 1026 2859 lumen sibi immortalitatis & gratiae mutuatur. Fulget enim Ecclesia.
256 2842 1032 2892 non suo, sed Christi lumine, & splendorem sibi arcessit de sole justitiae,
249 2874 980 2915 ut dicat: Vivo autem jam non ego, vivit autem in me Christus.
289 2901 1019 2952 PHOSPHORUS seu LucITER stella praeveniens Solem, & ant¬
259 2928 1020 2989 matutinum exoriens, magnitudine alia sidera exsuperans & clarita.
263 2965 1012 3016 tis tantae ut umus hujus stellae radiis, praeter Solem & Lunam, um
262 2995 1019 3049 brae reddantur; quam alii Hesperum seu Vesperum quum subsequi
259 3028 1021 3082 tur Solem, adii stella Veneris, alii Isidis, alii Junonis, alii matris deum
270 3061 1017 3117 appellavere. Est illustris imavo clarae doctrinae Evangelii de Sole ju¬
271 3092 1022 3155 stitiae Domino nestro Jesu Christo: nam 2. Petr. 1. v. 19. legitur: Et¬
269 3121 1016 3182 habemus firmiorem sermonem Propheticum: quem quod attenditis
270 3159 1042 3211 velut lucernam splendentem in obscuro loco, recte facitis, denec dies
266 3184 1023 3246 illuceicat, & lucifer exoriatur in cordibus vestris. Projhei: cus ser¬
268 3219 1028 3282 mo comparatur lucernae in obscuro loco praelucenti, doctrina Ev¬
1096 179 1900 233 angelii autem lucifero, ob claritatem: nam in Evangelio est pleniit
1096 211 1727 265 & apertior cognitio Christi, quam sub umbris Legis,
1123 244 1895 296 Idem est imago Christi, qui ut Rex & Princeps summa dignitate
1098 286 1898 322 & gloria inter omnes homines veluti stella matutina in coelo est con¬
1095 324 1808 372 spicuus, unde Christus stella matutina dicitur Apocal. 22. 16.
1129 356 1892 390 Et cujusvis hominis est imago qui luce gloriae alios homines an¬
1090 383 1895 433 tecellit: ita Rex Babylonis dicitur lucifer, Jesa. 14. v. 12. Quomodo de¬
1095 420 1532 466 cidisti de coelis Lucifer, nate Aurora
1239 432 1744 499 Haec de operibus creationis quarti diei:
1291 516 1673 567 CAPUT XXIV
1325 564 1657 626 In quo de Aquatilibus.
1097 607 1904 706 QNimalia constitutis rebus superioribus, Deus quinto & sexto¬
1168 649 1898 692 die creavitanimalia, quae sunt corpora animata sentientiat
1170 684 1769 724 Deo creata quinto die, sunt aquatilia & volatili.
1127 718 1898 756 Animalia aquatilia producta a Deo in aqua & ex aqua, sed non
1092 749 1901 794 ex sola aqua, verum etiam ex aliis elementis, quae ipsa quoque ad a¬
1095 793 1892 824 quatilium generationem & constitutionem suas partes contulerunt
1098 822 1904 860 Quia vero aqua, tanquam mater utero suo aquatilia profudit, illorum¬
1102 850 1892 897 que tanquam incolarum sedes est: ideo Moses narrat Genes. 1. v. 26.
1095 893 1897 930 21, 22. Deum dixisse ut aquae reptilia animantia abunde progigne¬
1089 919 1891 959 rent; e quibus ceti sunt omnium maximi, quorum speciatim memi¬
1090 951 1895 989 nit: approbasse Deum illa animantia & ad bonum usum ordinasse
1089 994 1903 1029 & verbo suo naturalem potentiam ad foecunditatem eis ind idisse, ut
1098 1021 1898 1057 foetificarent ac augescerent & aquas per maria impleret, & sic copio¬
1100 1054 1633 1092 ce suas species multiplicarent & conservarent.
1128 1085 1895 1131 Aquatilia autem animalia tum pisces sunt, tum ζωυφυια aquatilia
1124 1124 1901 1162 Piscium duo summa sunt genera; alterum quidem laeve; alterum
1103 1148 1897 1197 cabrum. Hujus item quatuor sunt genera, testaceum, crustaceum
1097 1189 1898 1230 squammatum & aculeatum: pisces vero laeves triplici genere conti¬
1096 1220 1900 1265 nentur; sunt enim vel plani vel oblongi vel cum laevore mollitiem &
1089 1257 1654 1298 pro sanguine saniem aut atramentum habentes
1129 1288 1754 1325 E subjectis locis pisces vel marini sunt, vel fluviatiles
1135 1325 1904 1360 Xωοφιια seu plantanimalia, sunt animalia quae mediam inter
1111 1356 1901 1391 lantas & animalia perfecta naturam sortita sunt. Et sunt vel aqua¬
1095 1387 1895 1430 tilia vel terrestria. Aquatilia sunt, spongia, marinus pulmo, urtica,
1098 1420 1898 1466 stella, holothurio, conchylia: eaque una cum piscibus quarto die a Deo.
1102 1454 1220 1498 creata sunt,
1123 1485 1891 1529 Piscium naturalis finis est, ut hominum usibus serviant ex ordi¬
1083 1522 1888 1561 natione Dei sive ad cibum, sive ad medicinam, sive ad alia vitae huma¬
1093 1557 1898 1599 nae commoda & necessitates. Ideo Deus Genes. 1. v. 26. dixit, Facia¬
1084 1597 1899 1629 mus hominem ad imaginem nostram, secundum similitudinem no¬
1096 1625 1888 1663 stram qui dominentur in pisces maris. Et vers. 28. ad hominem jan
1098 1657 1891 1693 creatum dixit; dominamini in pisces maris. Et c. 9. 2. dixit ad Noa¬
1099 1690 1901 1725 hum & filios ejus: omnes pisces maris in manum vestram traditi
1092 1724 1895 1760 sunt. Unde David beneficentiam Dei erga hominem extollit Ps. 8. v.
1095 1756 1898 1794 7, 9. Praefecisti eum operibus manuum tuarum: omnia posuisti sub pedi¬
1099 1797 1892 1834 bus ejus: inter ea commemorat etiam pisces maris & quicquid per¬
1098 1824 1891 1863 meat semitas marium. Atque hoc insigne est bonitatis Dei erga nos
1088 1856 1195 1894 indicium
1125 1884 1894 1928 Deinde piscium magnitudo & multitudo & admirabilis varietas
1082 1918 1892 1970 est certum argumentum omnipotentiae, sapientiae, bonitatis & pro¬
1092 1958 1888 1994 videntiae divinae: quo sine dicit Job. cap. 26. 13. formavit manus Dei
1089 1992 1883 2036 serpentem oblongum, id est, balaenam quae ab immensa illa longitudi
1093 2025 1889 2065 ne sua nominatur vectis maris Jesa. 27. 1. Mox subiicit Jobus. En istae
1095 2058 1892 2100 sunt partes viarum ejus; sed quantam particulam rei audimus de
1092 2093 1886 2126 eo? q. d. omnipotentia Dei & sapientia non potest nisi minima ex par¬
1092 2124 1897 2167 te intelligi, nedum audiri aut praedicari a nobis. Ec cap. 41. Deus ipse
1096 2156 1898 2192 Jobum reprehendens, omnipotentiam sibi vindicat illustrissimo ex¬
1093 2193 1886 2230 emplo Leviathanis seu balaenae: An, inquit, extrahas balaenam homo
1089 2228 1887 2268 aut fune quem demerserit lingua ejus? An apponens juncum nases
1086 2259 1886 2296 ejus: aut spina perforabis maxillam ejus? An multis utetur apud te¬
1093 2294 1890 2333 deprecationibus? aut alloquetur te mollibus? An panget fedus tecunt
1087 2322 1879 2363 assumes eam servum perpetuum: Ludesne ea tanquam avicula? au¬
1093 2366 1887 2401 igabis eam pro puellis tuis? Apparabuntne convivium propter eam
1086 2390 1877 2431 socis? divident eam inter mercatores? An implebis harpagonibus cu¬
1081 2428 1881 2472 tem ejus? aut fuscina piscaria caput ejus? Pone super eam manum
1086 2462 1885 2494 tuam: meminisse belli ne pergito. En spes ejus capiendae mendax est;
1083 2494 1891 2531 an etiam ad adspectum ipsius hominis deijcietur? Non est ferox, qui
1083 2522 1886 2567 excitet eam: quis ergo est, qui sistat se coram mei Quis praevenit me, &
1077 2555 1891 2596 rependam? quicquid subest toti coel, meum est. Non silebo membra
1083 2599 1876 2640 ejus, & sermonem de viribus, & gratia dispositionis ejus. Quis rete¬
1087 2626 1885 2666 git superficiem vestis ejus: cum geminis habenis suis quis accedat
1086 2660 1885 2692 Fores faciei ejus quis aperiat? circa dentes ejus est terror. Excellen¬
1083 2690 1891 2726 tia, viribus scutorum, circumclusa est sigillo arctissimo: Vnum alteri
1083 2724 1876 2763 tam prope sunt: ut ventus non possit intervenire illis. Quodque proxi¬
1087 2764 1874 2803 mo suo cohaerent, continentia sunt ita ut non sejungantur. Sternuta.
1080 2795 1882 2829 tionibus ejus splendet lux; & quidem oculorum ejus; velut palpebrae
1087 2826 1874 2860 aurorae. Ex ore ejus velut taedae prodeunt, scintillae ignis proripiunt.
1084 2854 1880 2894 sese. E naribus ejus prodit fumus: ut aheni ferventis & cortinae: Qua¬
1087 2886 1883 2932 si halitus ejus carbones incenderet; & flamma ex ore eius prodiret.
1086 2922 1877 2967 In collo eius comoratur robur, & ante ea exsiliit moeror. Melandrya
1083 2954 1877 3004 carnis ejus cohaerent: firma est in se, non dimovetur. Cor ejus fir¬
1078 2992 1879 3031 mum est ut lapis;: firmum, inquam, ut fragmen metae. Ab excellentia
1083 3022 1879 3062 ejus timent fortes: metu confractionum se purgant. Assequentis eam
1083 3059 1883 3101 gladius non consistet: hasta, telum, aut lorica. Reputat ut paleam, fer¬
1089 3085 1885 3125 rum: ut lignum putre chalybem. Non fugat eam sagitta; in stipu¬
1089 3125 1873 3161 iam conuertuntur ei lapides fundae. Vt stipula reputantur ballista
1086 3148 1873 3198 lapides: & ridet ad vibrationem lanceae. Subduntur ei ut acumi¬
1080 3184 1882 3234 na testacea; substernit excisum in luto. Fervefacit tamquam ollam
1080 3215 1880 3269 prefundum; & mare disponit ut mortarium unguentarij. Post
1078 3255 1873 3305 se lucidam reddit sumitam, putaret videns abysso canitiem esse .
