2063 3484
189 149 995 215 Hericus III. Imperator, Dux Austriae, si quando Consiliarios Vien¬
194 201 992 254 hae Curiam ingredi videret, optare solebat, ut ad unum omnes prius
191 237 992 291 quam intrarent, deponerent duas pestes Rerump. SIMULATIONEN
199 268 498 309 & DISSIMULATIONEM.
244 305 986 350 Quemadmodum autem praelia apum, quando ea maxime ferven¬
189 334 991 380 jactu pulvisculi, aut fumo; dirimuntur: Sic morte quorundam Dy¬
189 377 993 432 nastarum, bella interdum finiuntur, ut de iis quoque id dici possit, quod
196 402 467 442 monent versus veteres.
270 430 824 483 Hi motus animorum, & haec certamina tanta¬
284 472 776 518 Pulveris exigni jactu compressa quiescunt.
231 498 984 552 Caetera quae post Aristomachum Solensem, Hyliscum Thasium
186 541 994 584 cognomento Agrium, Plinius Natural. Historiae lib. XI. memoriae
196 577 985 619 prodidit de apum natura & industria, consulto praetermitto: illud in
183 613 995 651 terim a Deo petens, ut qui nos officij & exercitij virtutum, non tan¬
185 643 986 683 tum exemplis immensae subtilitatis animalium, sed etiam illustribus
190 672 994 714 verbi sui testimoniis, toties & tot modis admonet; idem quoque eam
193 705 998 755 sancti sui Spiritus gratiam largiatur, ne homines ratione praediti, &
195 745 985 779 luce fidei illustrati, minora virtutum Christianarum documenta eda
191 777 976 816 mus, quam bruta naturalis suae industriae specimina edere videmus.
222 808 985 850 Deuteron. 1. 44. dicit Moses de Emoraeis ad Israelitas, persequu
182 840 991 881 ti sunt vos ut facere solent apes, nempe eum a quo sunt offensae con¬
183 874 985 913 fertim & denso agmine omni parte aggredientes. Et Psal. 118. 12. ai
189 905 985 945 David ut typus Christi de hostibus suis: Circumdederant me tan¬
192 945 991 982 quam apes, exstinctae sunt ut ignis spinarum: nam in nomine Iehovae.
193 979 994 1014 enervavi eas. Jes. 7. v. 18. confertissimi, potentissimi, velocissimi &
185 1011 983 1055 militati disciplina instructi Assyrii, dicuntur apes quae sunt in Assyriae
189 1041 980 1083 Ita apum exercitus est imago exercitus militatis bono ordine instru
188 1077 995 1114 ctus, in-primis exercitus hostilis, quem Deus exstinguere potest &
193 1108 489 1153 solet ut ignem spinarum.
243 1137 1018 1179 Examen apum in corpore leonis a Simsone interfecti, fuit me¬
183 1172 985 1210 dium per quod Deus viam stravit ad vindicandum populum Isravi.
182 1212 983 1251 ticum a servitute Pelischtheorum, Jud. 14. Ita serviunt ista etiam ani¬
193 1242 824 1276 mascula divinae providentiae ad Ecclesiae Dei salutem.
240 1269 980 1314 MELLIS itidem eximius usus tum corporalis tum spiritualis o¬
189 1302 571 1347 stendi ex Scriptura Sacra potest.
412 1336 757 1410 CAPIII
326 1398 853 1463 In quo de brutis animalibus terrenis.
188 1445 989 1486 TTACTENUS actum est de operibus creationis quinque dierum
191 1483 992 1530 AIsequitur de operibus sexti diei. Eaque sunt animalia terrena¬
270 1518 989 1563 quae virtute verbi divini e terra producta sunt, & in terra de¬
174 1550 251 1601 gunt.
223 1575 699 1631 Suntque alia bruta, alia ratione praedita.
219 1606 1001 1660 Utrorumque ortus duplex est: supernaturalis & naturalis: ille per
189 1653 817 1690 treationem primam, hic per generationem physicam
216 1676 985 1728 Debrutorum creat one prima scribit Moses Genes. 1. vers. 24, 25.
183 1708 982 1755 Deinde dixit Deus, producat terra animantia in species ipsorum, pe¬
177 1752 976 1782 cudes & reptilia, bestiasque terrenas in species suas; & fuit ita. Fecc
187 1784 986 1821 enim Deus bestias terrenas in species suas, & pecudes in species suas
190 1815 979 1852 imniaque reptilia terrae in species suas: & vidit Deus id esse bonum
177 1848 976 1885 Sic tria brutorum animalium terrestrium genera Moses statuit: alis
177 1881 979 1916 sunt pecorini generis atque mansueti: alia reptilis; alia feri sylve¬
173 1917 982 1948 strisque. In distinctione animalium mundorum ab immundis Levit.
187 1949 971 1983 II. Deuteron. 14. alia quoque distributio innuitur, qua animal bru
186 1986 978 2015 tum terrestre dividitur in gradiens & reptile; Gradiens in ruminano
171 2010 987 2053 & non ruminans: illud cornutum est, ut bos, cervus, capra, &c. hoc
180 2042 975 2083 excorne, ut leo, porcus, &c. Ac rursus vel scissam ungulam habet: ut
180 2081 981 2116 sus: vel non habet scissam ungulam, ut, camelus, mus montanus,
184 2117 248 2163 depus
234 2139 976 2181 Quem usum ex animalibus brutis percipiamus, copiose docer¬
176 2181 979 2226 posset, sive tota animalia spectemus, sive partes eorum, partum item
179 2211 922 2255 & naturam eorum: sed nobis propositum est paucis de eo agere
207 2241 970 2290 Ex eo quod animalia omnia a Deo creata sunt, colligimus & Dei,
183 2272 971 2317 um esse, & sapientem, bonum ac potentem, qui ea produxit: quo per¬
179 2306 971 2354 tinent ea quae Deus ad Jobum loquitur cap. 39. & 40. Item Deum
183 2339 980 2383 esse alium ab animalibus omnibus ac proinde graviter peccare ido¬
186 2371 986 2419 lolatras, qui mutarunt gloriam incorruptibilis Dei in efformatam
178 2413 808 2455 imaginem quadrupedum & reptilium, Rom. 1. v. 23.
207 2434 980 2487 Ineprimis bonitas Dei erga homines cognoscitur ex eo, quod tor
183 2474 967 2522 animalia terrena in hominis usum condiderit, ad cibum, ad medici
176 2505 973 2554 nam, ad vestitum, ad oblectationem honestam, ad sublevandos & mi¬
185 2536 967 2587 nuendos hominis labores, ad terram colendam, ad vehenda ac pos¬
177 2570 985 2617 tanda onera, ad alios usus plurimos, in quibus tot animalia homini¬
177 2601 981 2653 serviunt ex voluntate Dei, qui hominis dominio ea subjecit, Genes. 1.
183 2649 586 2695 v. 28. & cap. 9. v. 2, 3. Psal. 8. v. 7, 8.
231 2661 974 2719 Naturam Dei adumbrant aliquo modo illa animalia, quorum
186 2707 983 2751 nomina vel proprietates ei attribuuntur, ut quum Deus appellatur
174 2735 926 2794 ursus & leo, Thren. 3. v. 10. idque ab effectu judiciorum suorum
216 2764 974 2822 Providentia sua Deum omnia liberrime gubernate, docent ani¬
179 2805 1014 2852 malia, ut Job loquitur cap. 12. v. 7. Interroga quaeso jumenta & doce¬
184 2849 424 2898 bit te illorum quodque .
216 2851 973 2920 Ad Christum Dominum adumbrandum animalia adhibita in sa¬
183 2900 984 2957 crificiis veluti agnus, hircus, &c. unde etiam appellatur Agnus ille
186 2935 984 2995 Dei. Vocatur & Leo ille de tribu Iuda, Apoc. 5. v. 5. Imo & vermis.
183 2983 335 3027 Psal. 22. v. 7.
215 3003 986 3054 Animalia bruta terrena serviunt Deo in exsequendis justis ipsius
189 3034 974 3088 udiciis, vel quando illorum usu privantur homines, ut factum per di¬
177 3067 974 3119 Iuvium universale, ut sit per pestem pecorum, per abactionem ab ho¬
183 3101 967 3152 stibus, per inundationes: vel quando per bestias Deus punit delit
180 3133 974 3190 quentes, juxta comminationem Levit. 26. v. 22. Immittam in vos be¬
182 3168 980 3221 stias agri, ut orbent vos rescindentes jumenta vestra, & diminuentes
181 3203 977 3258 vos; adeo ut desolatae reddantur viae vestrae. Mude bestia alae refe¬
1027 169 1856 242 runtur inter quatuor judicia Dei pessima, Ezech. 14. 21. Exempla sunt:
1050 222 1756 275 1. Reg. 13. v. 24 & 20. 36. item 2. Reg. 2. v. 24. & cap. 17. v. 25.
1083 253 1835 300 Glorificant Deum, dum nullo damno afficiunt fidos cultores Dei
1053 277 1838 339 Jesa. 43. v. 20. vel ex distinctione Tremellij v. 7 Honorabit me bestis
1057 322 1844 374 agri, dracones & ulula. Psal. 91. 13. Super ferocem leonem & aspidem
1049 350 1848 404 incedes, conculcabis juvenem leonem & draconem. Sic leones non
1054 389 1748 438 nocuerunt Danieli in foveam illorum conjecto, Dan. 6. v. 23.
1083 416 1834 468 Angeli sancti in animalibus adumbrantur, Ezech. 1. & 10. Apoc
1057 457 1838 507 4. v. 7. Diabolus comparatur leoni rugienti & quaerenti quem de¬
1042 483 1271 522 voret, 1. Petr. 5. v. 8.
1095 509 1833 565 In animalibus depinguntur etiam ingenia ac naturae hominum
1044 542 1837 602 sic ut homines ipsi nominibus illorum animalium apud Prophetas
1051 591 1835 636 interdum significentur, ut Jesa. 11. v. 6 7. 8., Quapropter commorabi
1041 620 1835 670 tur lupus cum agno, & pardus cum hoedo recubabit; vitulusque & ju¬
1052 653 1843 697 venis leo, ac pecus pingue simul erunt, & puer parvulus dux inter eos
1050 680 1837 733 futurus est. Et vacca ursaque compascentibus, simul recubabunt catu¬
1045 718 1834 763 li earum; & leo sicut bos comedet stramen: Et oblectabit se lactens sui
1057 748 1838 803 per foramen haemorrhoi, & super specum viperae depulsus a lacte ma¬
1051 777 1847 829 num suam injiciet. Sensus est, Homines ferocissimi & damnosistimi
1047 817 1835 872 mitescent & ad Christum convertentur. Sic Jesa. 61. v. 25. Lupus &
1050 857 1838 899 agnus pascentur una, & leo ut bos comedet stramen, serpenti autem
1048 884 1835 934 pulvis erit cibo; non malefacient, neque corrumpent in toto monte san¬
1041 922 1834 969 ctitatis meae, ait Iehova, id est, nihil damnosum esse poterit in Eccle¬
1048 946 1133 984 sia Dei.
1082 981 1834 1027 Qvis est imago Christi, Jes. 53. v. 7. est imago hominis errantis, Jes.
1059 1015 1841 1067 3. vers. 6. est imago hominis vere fidelis, & Christi vocem audientis;
1051 1044 1313 1089 Joh. 10. Matth. 25. v. 33.
1084 1082 1839 1123 Hircus quatenus sacrificium erat, fuit typus Christi, Levit. 4. & 9.
1053 1112 1835 1170 & 10. quatenus vero foetidum est animal, est imago hominis repro¬
1038 1139 1272 1188 bi, Matth. 25. v. 33.
1083 1179 1849 1227 Leo est imago Dei, Thren. 3. v. 10, item Christi, Apoc. 5. ver. 5. &
1045 1203 1837 1260 Angeli boni, Ezech. 1. & 10. vel mali. 1. Petr. 1. v. 8. cujusvis homini
1043 1255 1841 1300 magnanimi & fortis Gen. 49. 9. Deut. 33. 20. est etiam imago homi¬
1048 1281 1843 1333 nis crudelis, violenti, & hostiliter Christum, vel fidos Christi cultores
1052 1314 1733 1354 oppugnantis. Psal. 22. v. 22. Psal. 7. v. 3. & 10. v. 9. & passim.
1071 1346 1835 1396 In usdem proponuntur nobis imagines virtutum quas imitemur.
1050 1373 1832 1428 & vitiorum quae caveamus. Ad prudentiam Oeconomicam, qua no¬
1053 1412 1829 1462 bis de rebus necessariis in tempore prospiciamus & ad cavendam se
1063 1446 1838 1496 gnitiem proponit Salomon formicam, Prov. 6. v. 6. & seqq. Abi ad
1059 1483 1840 1527 cormicam, o piger; aspice vias ejus, & sape. Cum non sit illi ductor,
1047 1519 1846 1550 moderator, aut dominator: Comparat aestate cibum suum, compor¬
1050 1547 1837 1589 tat per messem escam suam. Quousque piger jacebis? quando surges a
1060 1579 1831 1621 omno tuo? Pauculis somnis, pauculis dormitationibus, paucula com¬
1054 1612 1843 1651 plicatione manuum cubando; interea advenit tanquam viator ex¬
1056 1652 1846 1694 poditus paupertas tua, & egestas tua, tanquam vir clypeatus. Sic
1050 1675 1472 1720 Prov. 30. v. 24, 25, 26. & v. 29, 30, 31.
1083 1709 1843 1753 Abanimalibus terrestribus sumuntur in Scriptura Sacra multae
1041 1742 1834 1784 nuthesiae, item metaphorae, similitudines & proverbia ad insti: utio¬
1050 1785 1834 1820 nes falutares: ut Psal. 32. v. 9. Ne estote ut equus, ut mulus, expertes in¬
1038 1817 1835 1851 telligentiae: cujus os freno & habena constringendum est, ne appropin¬
1054 1841 1836 1882 quet ad te. Sic bestiae sunt imagines regum & regnorum. Vide com¬
1054 1882 1841 1928 nentatios nostros in caput septimum & octavum Danielis, & cap. de¬
1047 1906 1336 1947 cimum nonum Ezechiel.
1099 1930 1776 1981 Hactenus de animalibus brutis: de homine sequiter.
1239 2006 1625 2059 CAPUT XXVII.
1144 2050 1712 2107 In quo de nomine & definitione hominis:
1065 2101 1825 2146 Eeo sic acturi sumus, ut primo nomen ipsum explicaturi, dein
1030 2149 1829 2187 de ad rei ipsius contemplatione Theologicam accessuri simus.
1161 2174 1835 2227 HOMINIS nomen ductum est ab humo, eo quod corpus
1036 2204 1454 2247 ejus ex humo sumtum & creatum sit.
1066 2236 1837 2282 Diversimode autem usurpatur; interdum absolute, interdum cum
1036 2268 1251 2323 quadam additione.
1074 2302 1825 2345 Quum absolute & absque additione aliqua usurpatur, vel proprie
1039 2336 1830 2378 accipitur, vel figurate. Proprie significat animalratione praeditum,
1035 2371 1820 2410 communiter intellectum tam de femina quam de mare, velut cum
1035 2403 1819 2438 Genes. 1. v. 26. Deus dicit, Faciamus hominem ad imaginem nestram.
1039 2436 1823 2474 fecundum similitudinem nostram: qui dominetur in pisces maris, &
1042 2467 1820 2507 in volucres coeli, &c. & 27. Creauit Deus hominem ad imaginem
1044 2502 1811 2540 suam, ad imagine Dei creavit eum: marem & feminam creavit e¬
1079 2538 1817 2575 Figurate usurpatur variis modis. Metonymice significat vel ami¬
1032 2571 1811 2602 cum potentem & divitem, a quo auxilium exspectatur, ut Psal. 60.5
1034 2597 1830 2640 & 108.13 Vanitas est salus hominis, & Psal. 118. 8. Melius est recipere
1029 2630 1591 2682 se ad Iehovam, quam fiduciam habere in homine
1075 2654 1815 2701 Vel adversarium potentem, infensum, infestum & nocere conan¬
1035 2695 1826 2735 tem, Psal. 56. v. 12. & 118.6. & Hebr. 13. v. 6. In Deo confido, non time¬
1030 2731 1345 2778 bos quid faciat homo mihii
1078 2753 1818 2800 Vel mortalem, imbecillum, miserum, ut Psal. 9. v. 21. Incute Ieho¬
1034 2797 1822 2841 va timorem eis: psane cognoscant gentes, se heminet esse. Ezech. 28. 2.
1032 2825 1810 2870 Dic antecessori Tyri, sic ait Dominus Iehovi, eo quodelatus est ani¬
1034 2865 1819 2900 mus tuus, adeo ut dicut: Deus fortis sum, habitationem Dei inhabite.
1043 2890 1814 2938 in corde murium: cumque sis homo, non autem Deus fortis, tribuis ta¬
1029 2931 1448 2971 men animum tibi parem animo Dei.
1065 2952 1815 3002 Vel mutabilem, inconstantem, varium, ut 1. Sam. 15. v. 29. Qui est
1036 2995 1829 3037 aeternitas Israelis non committet mendaciter, neque poenitebit cum: non
1036 3031 1397 3068 enim homo est ut poeniteat eum.
1087 3047 1820 3103 Vel admodum afflictum & excruciatum & dignum commisera¬
1045 3090 1816 3137 tione: quomodo Pilatus dicit de Christo Johannis 19. v. 5. Ecce homo
1063 3130 1823 3169 Metaphorice de Deo dicitur, Matth. 22. v. 2. Simile est regnum coe¬
1031 3154 1820 3203 lorum homini Regi qui fecit nuptias filio suo. Item de Satana, Matth.
1039 3194 1352 3248 13. v. 28. Inimic:: hoc secit,
