2063 3503
216 180 1022 242 nant honestas artes, scientias ac disciplinas, quarum usus in vita ne¬
224 239 356 291 cessarius est.
255 237 853 310 Principia naturalia sunt duplicia, theorica & practica.
261 286 1005 344 Principia theorica seu speculabilia, sunt fontes praeceptorum in ar¬
224 329 680 385 tibus & scientiis ad cognitionem rerum.
261 346 999 410 Princ pia practica, moderantur mores & officia hominum. qui
219 389 1006 449 discernunt justa & injusta, honesta & inhonesta, aequa & iniqua, ut
227 415 1005 478 congruant voluntates & actiones nostrae cum voluntate Dei. Horum
231 448 1005 507 principiorum veluti λείψανα quaedam occurrunt passim in scriptia
228 485 997 541 etiam Gentilium, ut Homeri, Platonis, Aristotelis, Isocratis, Hesio
230 534 681 583 di, Phocylidis, Theognidis & aliorum.
261 540 1017 611 Finales causae principiorum in ipsa definitione expressae, sunt dili¬
224 600 423 655 genter notandae.
259 608 1003 674 Rectae rationis in homine finis supremus est gloria Dei: subordi
228 649 1013 710 nati fines sunt: I. Ut serviat cognitioni & dijudicationi rerum & actio¬
230 686 1005 740 num, ut videre est 1. Cor 103 v. 15. Ut intelligentibus loquor, iudicat.
227 720 1004 771 vos quod aio. Et cap. 11. v. 13, 14, 15. Apud vos ipsos iudicate, num de¬
225 750 1007 808 corum est, mulierem non opertam, Deum orare? An ne natura quidem
230 783 1006 845 ipsa hoc vos docet, quod viro quidem comatum esse dedecori sit: Contra
225 820 992 879 mulierem comatam esse decori sit? nam coma pro velamine data est ei.
264 853 852 908 II. Ut serviat gubernationi vitae & actionum ejus.
264 884 1020 940 III. Ut convincat omnes in cordibus ipsorum, quod sit Deus &
251 929 335 975 qualis sit.
267 948 1007 1009 IV. Ut reprobos reddat inexcusabiles coram tribunali Dei, Ro¬
238 1003 314 1049 man.1
268 1025 1019 1072 Porro rectae rationis usus non tantum in rebus humanis, sed etiam
224 1052 1021 1114 in divinis Deo placet, adeo quidem ut seductores vituperet Deus,
245 1087 1023 1145 quod veluti animantia rationis expertia, quae naturali impetu ferun¬
240 1130 731 1178 tur, ea vituperent quae ignorant, 2. Pet. 3. 12.
271 1157 1019 1206 Cum recta ratione pugnant abusus ejus & quae fueosam speciem
237 1186 1022 1246 solummodo veri bonique habent, & manifeste absurda. Ipsa vero
239 1225 1018 1271 recta ratio non pugnat cum fide: quia recta ratio est donum Dei, do¬
246 1257 1019 1303 na autem Dei inter se non pugnant. Imo rationi rectae nihil est ab¬
247 1292 1025 1336 surdum, quod non & fidei sit absurdum. Aliud est depravata & corru¬
251 1331 834 1386 pta ratio, quae discernenda est a recta & sana ratione
428 1365 841 1430 Haec sufficiant de recta ratione.
274 1412 1029 1462 CONSCIENTIA, est certa voluntatis divinae & actionum secun¬
249 1454 1034 1497 dum vel contra illam factarum notitia, menti indelebil ter insita, a¬
243 1493 1036 1531 ctiones bonas approbans, malas improhans. Nam sicuti quum men¬
253 1519 1033 1562 te intelligentiaque homines apprehendunt rerum notitiam, ex eo di¬
248 1552 1036 1596 cuntur scire, unde & scientiae nomen ducitur: ita quum sensum ha¬
255 1593 1036 1631 bent divini judicii, quasi sibi adjunctum testem, qui actiones fuas eos
258 1626 1036 1664 occultare non sinit coram judicis Dei tribunali, sensus ille & notitia
264 1654 1042 1696 proprii intellectus vocatur conscientia. Unde proverbium vetus:
258 1696 1032 1732 Conscientia mille testes. De conscientia Scripturae Sacrae frequente,
261 1719 1047 1762 tractant, veluti Act. 23. 1. & cap. 24. 16. Rom. 2. v. 15. & 13. 5. item:
259 1758 1046 1793 I. Cor. 8. 7. & passim. Vide Anatomiam sacram humanae conscientia a¬
261 1788 881 1826 Guilielmo Perbinsio Anglo Theologo eximio conscriptam:
478 1828 827 1882 Haec de intellectu hominis.
291 1884 1028 1936 VOLUNTAS hominis est essentialis facultas mentis humanae, li¬
254 1927 1030 1964 bere agens monstrato objecto ab intellectu. Vocatur etiam appeti¬
259 1961 1031 2004 tus rationalis, ut distinguatur ab appetitu sensitivo. Actiones ejus
255 1997 1040 2034 sunt velle & nollt: medium, suspendere seiu differre actionem. Voluntas
263 2030 1034 2072 igitur humana fons est omnium actionum humanarum, Ecclesiasti¬
264 2067 806 2102 carum, Civilium, Oeconomicarum, Ethicarum
306 2093 949 2137 Actus voluntatis humanae duplex est; elicitus & imperatus
297 2114 1035 2170 Actus uoluntatis humanae elicitus, est qui proprie & immediate ab¬
271 2158 1035 2210 ipsa voluntate productus est: ut velle, seu appetere, & nolle; eligere, re¬
267 2194 587 2237 spuere, amare, desiderare, &c.
304 2223 1045 2266 Actio voluntatis elicita vel interna est vel externa. Interna vel Sυ¬
265 2258 522 2306 λnσis est, vel πξοαιρεσιςς
292 2290 1036 2336 Bδλήσις, est actio voluntatis, citca fines per se notos vel bonos ve¬
255 2328 1040 2370 malos naturaliter sine deliberatione versans. Qualis actio est, velle
261 2363 1039 2399 appetere finem aliquem, intendere cogitationem in tem desideratam
261 2398 1042 2434 ut eam habeat frui ea habita, velle sui conservationem; aversari pas¬
267 2427 1035 2471 sionem, dolores, morte. Haec vocatur a quibusdam voluntas naturalis
294 2462 1026 2510 Hpoχιροσις, est actio voluntatis, versans circa media, cum delibera
261 2491 1037 2542 tione quaenam eligenda, quaeve respuenda sunt, ad fines bonos con¬
262 2528 1052 2572 sequendos, vel ad malos evitandos. Talis actio est electio, consilium,
262 2565 1039 2607 consensus, usus. Primo enim eligimus media ad fine: secundo consul¬
258 2599 1028 2637 tamus de illorum usu: terrio consentimus in conclusionam consultatio
261 2630 1037 2675 nis: postremo utimur mediis. Haec dicitur a quibusdam voluntas ele¬
262 2658 323 2698 ectiva.
291 2694 1038 2740 Obiectum voluntatis est bonum in genere ab intellectu monstra¬
258 2731 947 2771 tum, & contrarium malum, sive revera tale sit, sive opinione
289 2764 1034 2803 Actus uoluntatis humanae imperatus, est qui ab ipsa quidem volun¬
265 2796 1037 2837 tate imperatur, sed ab aliis animae potentiis, nempe sensitiva & intel
255 2826 1046 2875 lectiva, & membris corporis exsequutioni madatur. Tales actus sunt,
256 2864 1042 2907 multi: nam voluntas imperat menti, ut attendat, ut cogitet, ut attente
268 2893 1041 2949 consideret: imperat appetitui sensitivo, tam concupiscibili quam ira¬
271 2923 1042 2968 scibili: imperat membris corporis, ut exequantur perficiantque hoc aut
268 2957 1042 3003 illud, veluti linguae imperat, ut hoc loquatur: manibus ut percutiam
264 2989 1046 3041 &c. imo etiam ut velimus, nos nobis ipsis imperamus. Vegetativa po¬
265 3027 1047 3079 tentia excipitur, cui voluntas imperate non potest: qui enim imperet
261 3050 1042 3114 huic facoltati, ut generet, ut cibos concoquat, ut nutriat, ut dormire
273 3083 1006 3138 faciat? nam hae actiones potentiae vegetativae sunt mere naturales
297 3119 1037 3175 Essentialis ac naturalis proprietas voluntatis est libertas a coactione
273 3147 1045 3213 Haec libeitas a coactione est essentiae voluntatis insita in ipsa creatio¬
273 3190 914 3236 ne, ita ut haec sit natura voluntatis, ut se cogi non sustineat
302 3215 1050 3282 Nam voluntatem cogiposse, implicat centradictionem: fieret enim
1060 158 1870 223 ut voluntas respectu ejusdem & secundum idem & eodem tempore
1067 218 1873 264 esset volens & nolens, si cogi posset, ut quod vult, simul etiam nolit; &
1059 244 1875 296 quod non vult, simul etiam velit. Libertas non consistit in eo quod
1065 286 1865 329 quis possit tam malum quam bonum velle. Libertas haec a coactionis
1069 312 1878 362 est perpetua & inamissibilis. A Bernatdo vocatur libertas a necessita¬
1062 343 1875 391 te: sed per necessitatem intelligit coactionem seu violentam impul¬
1065 386 1346 431 sionem cui resisti nequit
1093 405 1874 463 Unde etiam voluntas hominis vocatur a Theologis liberum arbi¬
1069 453 1130 498 trium
1093 483 1874 529 Haec sufficiant de materia & forma hominis, tanquam causis in¬
1057 520 1877 562 ternis & essentialibus illius: unde sequitur duas esse partes hominis,
1062 562 1888 594 corpus & animam rationalem. Illae traduntur primo Gen. 2. v. 7. Fin¬
1060 584 1890 627 xit vero Iehova Deus homine de pulvere terrae, sufflavitque in nares ipsius
1063 616 1880 660 halitum vitae: sic factus est homo anima vivens. Corpus e pulvere ter¬
1068 654 1878 692 rae productum est: anima a Deo inspirata est: Sic Matth. 10. v. 28. Ne¬
1065 696 1883 728 timete vobis ab iis qui trucidant corpus, animam autem non possunt tru¬
1074 720 1877 760 cidare: sed timete potius eum qui potest & animam & corpus perdere in
1058 760 1886 804 gehenna. Paulus Apostolus videtur tres partes constituere, corpus, ani¬
1065 786 1883 829 mam & spiritum: Sic enim ait 1. Thess. 5. 23. Ipse Deus pacis sanctifi¬
1065 820 1873 863 cet vos totos: & integer vester spiritus, & anima, & corpus, inculpate in
1072 853 1875 895 adventum Domini nostri Iesu Christi conserventur. Et Heb. 4. v. 12.
1069 892 1874 937 Sermo Dei pertingit usque ad divisionem animae simul ac spiritus. Sed ho¬
1067 920 1884 968 monymum est nomen animae: Animam enim vocat Paulus in his
1066 961 1889 1000 dictis facultatem vegetativam, sentientem, locomotivam, ac proinde
1080 991 1883 1035 φ θυμητικον κι ἐπιδυμητικον & affectus cordis: Spiritum autem nomi¬
1071 1028 1889 1067 nat id quod nobilissimum est in homine, nempe mentem, quae ratio¬
1065 1062 1342 1100 nalis & immortalis est.
1274 1124 1685 1178 CAPUT XXXIII.
1286 1181 1676 1261 In quo de hominis finibus.
1087 1236 1895 1345 CTUM est superiori capite de forma hominis: sequitur de fi¬
1158 1287 1885 1330 nibus quorum gratiam creatus est. Eorum unus supremus est
1171 1325 1370 1366 caeteri subordinat.
1120 1356 1895 1397 Supremus finis hominis, est Deus seu gloria Dei, Prov. 16. 4. Omnia
1087 1388 1885 1437 fecit Iehova propter semetipsum, Jesa. 43. 6, 7. vel ut Fr. Junius distin¬
1087 1427 1889 1472 guit, c. 42. 31, 32, Edicam Aquiloni, redde: & meridiei, ne cohibeto:
1089 1462 1892 1499 reduc filios meos e longinquo, & filias meas ab extremitate terrae: omnem
1098 1496 1886 1535 qui vocat se de nomine meo, quem ad gloriam meam creavi, quem for¬
1089 1532 1898 1564 mavi, etiamque feci. Ideo enim Deus condidit hominem, ut in eo de¬
1089 1564 1891 1598 clararet gloriam suam patefaciendo se ei & communicando cum eo
1098 1597 1889 1631 bona sua: ideo homo conditus est a Deo, ut Deum agnosceret & co¬
1098 1628 1904 1674 peret. Hinc quia finis est ejus, cujus finis est, perfectio; propterea &
1096 1659 1412 1697 Deus est perfectio hominis
1128 1683 1904 1739 Subordinati fines, gemini sunt, alii ad hoc seculum pertinent, alii
1099 1727 1223 1771 ad futurum
1134 1763 1897 1801 Ad hoc seculum pertinentes & in hac vita locum habentes tres
1083 1790 1906 1831 sunt: Primus, est dominium in creaturas ordinum inferiorum. Con¬
1098 1828 1905 1870 ditus enim est homo, ut dominetur piscibus, volatilibus, animalibus
1082 1861 1381 1906 terrenis, &c. Gen. 1. & 2.
1123 1894 1902 1932 Secundus, est labor honestus & Deo placens: sicut & ante lapsum
1092 1929 1898 1962 homini demandata fuit cultura & custodia Paradisi, Gen. 2. v 15. Ac¬
1098 1962 1889 2006 cipiens itaque Iehova Deus hominem, collocavit ipsum in horto Edenis, ad
1099 1996 1900 2035 colendum eum & ad custodiendum eum. Creatus itaque fuit homo ad
1092 2030 1906 2080 laborem, qui tamen jucundus & absque omni molestia fuisset, si in¬
1113 2064 1309 2109 ger permansisset.
1116 2099 1892 2139 Tertius, est societas cum aliis hominibus in communione vitae, res
1098 2126 1897 2172 igionis & mutuorum officiorum pro cujusque vocatione ad mutuum
1089 2170 1892 2202 adjumentum & conservationem mutuam. Nam homines alii alios
1095 2198 1897 2236 rum causa creati sunt, ut inter se societatem colerent, una viverent
1092 2235 1903 2266 habitarent, conversarentur, una religionem a Deo mandatam exer¬
1092 2270 1900 2312 cerent, & intuentes in se invicem imaginem & opera Dei, alii alios
1093 2301 1898 2335 docerent & instituerent. Hunc finem ostendit Deus, quum diceret
1095 2335 1897 2367 Gen. 2. v. 18. Non est bonum, esse hominem solum: faciam ei auxilium
1096 2370 1905 2407 commodum ipsi. Quapropter Deus statim initio duos homines con¬
1085 2403 1907 2445 didit, ut ostenderet, hominem ad colendam societatem mutuam pro¬
1092 2435 1901 2478 pensam esse debere: & ut major firmiorque esset conjunctio, mulie
1095 2476 1900 2510 rem ex viri costa formavit. Vult igitur Deus mutuum auxilium ho¬
1099 2501 1907 2538 mines sibi invicem ferre, vult convictum mutua beneficentia & offi¬
1096 2536 1901 2576 ciis foveri. Quapropter si qui sunt μισανθρωπον & hominum conver¬
1104 2571 1670 2610 ationem fugiunt, a fine creationis suae discedunt.
1125 2596 1907 2643 Finis hominis subordinatus ad futurum seculum pertinens distin¬
1105 2632 1903 2674 ctus est juxta distinctionem hominum ab aeterno factam a Deo.
1088 2669 1897 2706 Nam homines electi ad vitam aeternam sunt creati ad vitam aeter.
1102 2709 1904 2739 nam, reprobati autem sunt creati ad mortem aeternam; siaut aeterne
1096 2738 1910 2778 decreto Dei, electi sunt praedestinati ad vitam, reprobi sunt praedesti¬
1095 2773 1909 2808 nati ad mortem aeternam. Hoc docent sequentia Scripturae Sacrae te¬
1095 2803 1904 2858 stimonia. Prov. 10. 4. Omnia fecit Iehova propter semetipsum, etiam
1099 2841 1907 2875 impium ad diem malum. Rom. 9. 2.1, 22, 23. Annon habet potesta¬
1092 2873 1907 2923 tem figulus in lutum, ut ex eadem massa faciat aliud quidem vas ad de¬
1104 2908 1913 2938 ius, aliud vero ad dedecus? Quid si vero volens ostendere iram, & notam
1095 2937 1895 2982 facere potentiam suam, pertulit multa cum irae cohibitione vasa ira
1098 2976 1907 3020 compacta ad interitum: Et ut notas faceret divitias gloriae suae erga va¬
1094 3006 1911 3050 sa misericordiae, quae praeparavit ad gloriam? Prius testimonium non
1102 3045 1910 3085 potest eludi eo, quod in textu Hebraeo non usurpetur verbum NeT
1095 3079 1901 3115 aut PTE, sed yg. Nam hoc postremtm verbum non minus de
1102 3113 1900 3143 creatione usurpatur, ac prima duo, quemadmodum Prov. 8. v. 22.
1100 3141 1907 3178 dicit Sapientia ilia aeterna, id est, aeternus Filius Dei; Iehova posside¬
1111 3179 1907 3222 pat me principio viae suae, PHByDante opera sua, ante ullum tempus:
1099 3208 1913 3245 Non aliter locum hunc interpretatur Lutherus qui libro de Servo ar¬
1097 3240 1913 3303 britrio ad Erasin. Rotelodam. cap. centes. quadrages. sept. editionia.
