2063 3411
219 190 991 254 Sissolvi atque interire, contra naturam est, & contra ordinem a Deo
216 244 991 276 in humana natura principio constitutum. Ideo Concilium Milevita¬
207 277 983 322 num celebratum Imperatoribus Arcadio & Honorio, capitulo pri¬
210 308 991 348 mo sic decrevit: Quicunque dicit, Adam primum hominem mortalem
216 342 986 381 factum, ita ut sive peccaret, sive non peccaret, moreretur in corpore, ho¬
226 377 976 408 est, de corpore exiret, non peccati merito, sed necessitate naturae, anatha
218 410 991 449 ma sit. Repetitur in Jure Canonico, Distinctione quarta de Conse¬
214 444 989 485 cratione, capitulo Placuit igitur, quod numero est centes. quinquagese
213 471 347 506 secundum.
255 505 995 549 Immortalitas igitur corpori Adami fuit naturalis, quia Adamus
213 533 988 570 beneficio Creatoris acceperatin natura posse non more: & non fu¬
222 568 988 604 isset moriturus, nisi peccasset: etsi ejuidem corpus mortale fieri po¬
219 600 982 642 terat merito peccati, quemadmodum & deinceps factam est morta¬
214 633 620 672 le, imo actu etiam postea mortuum
249 661 986 706 Quod hactenus imaginem Dei, & in ea justitiam, & innocentiam
208 702 988 737 originalem asseveravimus fuisse primo homini naturalem; id etiam
226 734 986 774 pontifices Romani ipsi docuerunt. S. LEO PAPA sermone pri¬
214 768 976 807 mo de jejunio decimi mensis & collectis: Si, inquit, fideliter dilecti
216 798 991 836 simi atque sapienter creationis nostrae intelligamus exordium, inveniemus
226 830 992 864 hominem ideo ad imaginem Dei conditum, ut imitator sui esset auto¬
219 863 986 905 ris: & hanc esse NATURALEM nostri generis dignitatem, si in nobi¬
213 899 989 937 quasi in quodam speculo divinae benignitatis fama resplendeat. Ad
213 928 986 969 quam quotidie utique nos reparat gratia Salvatoris, dum quod cecidit it¬
217 959 985 1002 primo Adamo, erigitur in secundo. Repetitur in Breviario Romano i1
213 994 736 1034 Dominica quarta Adventus, lectione quarta.
253 1012 986 1066 GAELESTINUSI. epistolam prima ad Galliae Episcopos, capi
231 1059 998 1094 ulo quarto scribit, Catholicos credere & dicere, In praevaricatione.
232 1094 1004 1138 Adae, omnes homines NATURALRM possibilitatem & innocentiam?
242 1122 355 1166 erdidisse.
258 1158 997 1190 Caeterum etsi imago Dei erat primo homini naturalis, ut & cor¬
235 1187 1014 1221 poris immortalitas: tamen homo ante peccatum non fuit in puris,
219 1228 1001 1258 id est, meris naturalibus constitutus in sola naturae sanitate & ἀκαxίa:
235 1249 995 1289 mo status hominis in puris naturalibus nullus unquam fuit, nullus
227 1283 997 1319 futurus erat; quod dicimus contra Scholasticos qui pura naturalus
225 1315 992 1357 fingunt, id est, gratiam & naturam in Adamo, aut re aut cogitatione
225 1354 991 1389 disjungunt, & Adamum in gratia creatum fuisse negant, sed primum
214 1385 985 1421 naturalia habuisse, postea demum gratiam accepisse contendunt. At
222 1419 1003 1461 qui hominis natura ante peccatum non fuit ex pers gratiae, non nuda
228 1451 991 1491 a gratia: sed & ab ea aberat omne malum & simul ornata erat om¬
219 1479 988 1523 nium virtutum perfectione. Homo quippe est conditus rectus &i
219 1515 995 1560 gratia: sic ut quicquid in natura primi hominis fuit, id totum DEG
223 1544 997 1585 acceptum referendum sit. Imago enim Dei, cujus pars erat originalis
232 1582 1007 1618 iustitia, erat gratia creata in natura, id est, primo homini. Creatoris
226 1614 655 1651 beneficio ac munere naturalis exstitit.
223 1677 638 1719 & adventitia gratia distingui debeat.
264 1708 992 1745 Naturalis homini sanitas erat concupiscere secundum rationis on¬
220 1737 1007 1784 dinem: Hanc naturae sanitatem justitia originalis fecit, non tantum
219 1771 688 1818 perfecit; attulit, non tantum conservavit.
262 1798 1000 1849 En quam multa, quamque eximia bona naturalia primi parentes
222 1837 644 1882 nostri in statu integritatis habuerint:
255 1862 986 1904 Naturalibus bonis superaddita erant supernaturalia bona, nimi
231 1903 991 1937 rum I. gratia & favor Dei, quo Deus Pater primum hominem gra¬
233 1927 992 1968 um sibi & acceptum faciebat, & complectebatur amabatque in Fi¬
234 1961 775 2003 sio suo prae caeteris creaturis visibilibus omnibus.
267 1981 989 2035 lta primus homo gratiam gratum facientem in statu integro ha¬
239 2023 1005 2065 buit, non in se haerentem tanquam qualitatem; quia gratia hominem
225 2060 985 2101 Deo gratum faciens non erat qualitas homini inhaerens: sed in Dei,
235 2093 994 2139 residentem, quia nihil est aliud, quam paternus favor quo Deus hoc
228 2121 994 2164 minem complectitur in Filio suo unigenito; cujus tamen gratiae &
228 2157 995 2203 favoris splendor, sensus, experientia & cognitio per effecta in homine
232 2189 991 2234 erat. Non sequitur autem, si gratia illa non fuit in homine, quod eam
228 2215 988 2267 non habuerit: siquidem non eam tantum gratiam homo habere di¬
222 2248 985 2299 citur, quae in ipso haeret, sed etiam eam quae est in alio, cujus gratiae i
232 2280 989 2328 alio residentis cognitio, sensus & experientia, & effecta sunt in ipse
233 2315 989 2363 homine qui gratiam dicitur habere. Ita quispiam dicitur gratiam
227 2345 989 2397 Principis habere, id est, invenisse gratiam & valere gratia apud Prin¬
230 2377 998 2433 cipem, quae tamen gratia in Principe est, non in eo qui eam habet, ea¬
225 2426 334 2474 que valer
264 2436 1006 2491 Quocitca justitia originalis in primo homine differebat a gratia;
232 2479 991 2519 gratum faciente, non tantum ratione, sed etiam reipsa ac natura
234 2507 997 2557 Nam justitia originalis erat habitus in anima primi hominis inhae¬
230 2544 990 2592 rens: at gratia gratum faciens est patorna Dei benevolentia qua ho¬
234 2571 1000 2626 minem complectebatur, in ipso Deo residens. Si qui justitiam origi¬
234 2603 998 2662 nalem nominant habitum gratiae gratum facientis, improprie lo¬
244 2654 335 2698 quuntur
260 2665 1006 2718 II. Supernaturalis quidam splendor Spiritus Sancti in primi ho¬
230 2700 999 2753 minis anima lucens, eamque irradians, cujus gratia atque auxilio spe¬
237 2730 1015 2785 ciali in sua integritate & innocentia perseverare. Deique voluntati in
237 2764 1015 2816 sempiternum obtemperate potuisset, si voluisset: ut autem vellet, in¬
237 2805 778 2859 ipsius relictum erat potestate liberoque arbitrio
276 2827 997 2882 Ac certe primus homo eguit in statu innocentiae speciali gratia ad
248 2860 1009 2923 que auxilio ad bene constanter operandum & ad vitanda perpetue.
240 2894 1015 2955 peccata; quod asserimus adversus Bellarmini cap. quartum libri de¬
240 2942 484 2994 gratia primi hominis
272 2958 1007 3014 Adamus ante lapsum habuit Spiritum Sanctum, quod affirma
237 3004 705 3049 mus contra P. Lombardum & Scotum.
268 3018 1006 3076 III. Supernaturalis vita animae ac beatitudo, quae in communi¬
240 3059 876 3114 one cum Deo Patre, Filio & Spiritu Sancto consistebat.
273 3084 1007 3145 QUAE RITUR: Si justitia originalis propagata fuisset, an illa sua
248 3124 1030 3173 pernaturalem gratiam GHRISTIsuperadditam & conjunctam ha¬
236 3172 346 3226 buisset.
1071 214 1814 266 RESP. Affirmamus, & affirmationem nostram stabilimus his
1048 253 1182 297 argumetis:
1066 277 1814 332 I. Quicquid Adamo non ut privatae personae, sed ut totius hu¬
1048 325 1806 365 mani generis origini collatum fuit, illo etiam nisi peccasset, omnes
1044 356 1813 396 posteri ejus donati fuissent: At supernaturalis gratia Christi Adamo,
1054 392 1802 428 non ut privatae personae, sed ut totius humani generis origini collata
1045 414 1804 460 fuit: Ergo illa etiam, nisi peccasset, omnes posteri ejus donati fuissent
1071 453 1813 492 II. Si Deus etiam post sapsum continuat beneficentiam suam,
1042 477 1804 532 in Lege promissam in hominum piorum liberos pios: multo magis
1050 513 1802 556 si in innocentia Adamus perstitisset, in ejus posteros illam gratiam
1048 554 1807 604 continuasset qua Adamum ornaverat. Verum est primum: Ergo &
1039 580 1172 618 extremum.
1071 614 1812 653 III. Quod Jeremiae, Johanni Baptistae & multis aliis adhuc in
1047 643 1807 682 uteris maternis a Deo datum fuit, id multo magis Deus hominibus
1048 676 1807 715 in integritate permanentibus largitus fuisset: At Christi gratia su¬
1041 709 1808 751 pernaturalis Jeremiae, Johanni Baptistae & multis aliis adhuc in ute¬
1041 744 1810 781 ris maternis a Deo data fuit: Ergo eam multo magis hominibus in
1050 778 1515 817 integritate permanentibus largitus fuisset:
1072 805 1805 850 Major probatur: Nam homo ante lapsum in statu longe perfe¬
1050 828 1786 881 ctiore fuit, quam est post lapsum in statu inchoatae regenerationis.
1233 915 1619 961 CAPUT XXXV.
1138 958 1717 1016 In quo de externis bonis hominis in statu¬
1339 1013 1511 1068 integritatis,
1077 1061 1808 1113 PRECEDENTE capite actum est de internis bonis quae homo
1102 1101 1811 1145 in statu integritatis habuit: restat ut aliquid adjiciamus de bonis
1104 1134 1498 1178 externis quae in eodem statu possedit.
1087 1159 1802 1202 Externa bona hominis integri fuerunt, elegantissima forma decor¬
1066 1197 1801 1234 raestantia & gratia humani corporis, nuditas corporis nullum pu¬
1059 1228 1805 1266 dorem incutiens: sani est robur: habitatio in Paradiso: domini¬
1056 1262 1802 1298 um in creaturas inferi res omnes, cujus non jus tantum & potesta¬
1051 1289 1814 1325 tem, sed etiam usur , exsequutionem primus homo a Deo accepe¬
1056 1324 1810 1367 rat, atque ita & usus ructus fructuum omnium in Paradiso, excepto
1055 1358 1492 1397 fructu arboris scientiae boni & mali, &c.
1075 1378 1808 1424 Corpus primi hominis forma elegantissima fuisse, & eximio de¬
1053 1421 1805 1457 core gratiaque perfusum quis abnuat? Fuit certe forma ejus venu¬
1050 1453 1801 1489 stissima, status erectus & celsus, tum ipsa habitudo corporis suavis &
1063 1487 1808 1527 grata: quandoquidem etiam post lapsum tantus decor, tanta gratia
1053 1518 1220 1562 ejus residua est
1080 1542 1833 1594 Figura & status in sublime erectus significant, mentem hominis
1050 1579 1808 1618 eo spectare oportere quo vultum, nempe in coelum, & animum re¬
1054 1612 1814 1651 ctum esse debere, ne id cui dominari debet imitetur. Ideo pecudes
1059 1646 1609 1682 pronae terram spectant, neque religiones sentium
1065 1664 1801 1715 Pertinet huc eximia statura corporis pulchritudo corporis huma¬
1050 1710 1833 1754 ni excellentissima erat; ut judicari potest ex illa quae adhuc post lapsum
1047 1749 1833 1782 residua est. Illa autem pulchritudo corporis nos admonet de DE0. 6.
1056 1774 1833 1807 Omnis enim pulchritudo a Deo est: & nulla essent pulchra nisi a
1050 1808 1833 1839 Deo essent. Et si tanta est in corpore humano pulchritudo: quanto
1050 1838 1833 1870 major in Deo, qui est ipsa pulchritudo? Tum quod pulchrum est, ide
1050 1873 1813 1910 est reipsa & subjecto, quod bonum. A forma enim est, quod aliquid
1060 1902 1808 1938 it & bonum & pulchrum. Et propter hanc causam, solitum est in
1056 1932 1814 1970 scholis dici: Bonum & pulchrum convertuntur. Differunt tamen ra¬
1041 1966 1810 2002 tione, quoniam pulchrum ad facultatem animae cognescentem & in¬
1060 1996 1817 2030 elligentem, bonum ad appetentem & volentem spectat. Pulchra e¬
1057 2032 1810 2065 nim dicuntur quae visa placent & intellecta probantur: Boni vere
1059 2067 1820 2101 quae appetuntur & desiderantur. Placere sine coignitione nihil potest:
1056 2103 1810 2135 appeti etiam incognita possunt, quemadmodum videre est in iis qua¬
1051 2127 1816 2167 omnis cognitionis expertia, solo naturali diciutur apperitu. Pulchrum
1047 2154 1808 2194 rationem habet formae, unde pulchra dicuntur formosa: Lonum rati¬
1057 2192 1817 2225 onem habet finis; ad bonum enim quoque res sem fertur natura tan¬
1060 2218 1820 2262 quam ad proprium finem. Pulchritudinem nemo juccipere & de ea
1048 2252 1820 2298 judicare potest, nisi videns: sed bonitatem rei alicujus percipere & de
1047 2290 1378 2331 ea judicare etiam coecus queat
1080 2310 1814 2352 Quia vero in facie pulchritudo cujusque hominis maxime consi¬
1051 2346 1804 2389 stit atque relucet: ideo per faciem pulchritudo & gloria Dei signifi¬
1057 2376 1814 2414 catur. Ita pulchritudo humani corporis nos admonet, Deum esse
1047 2413 1816 2444 formosissimum, & non cognosci ab illis quorum animus caecus & o¬
1056 2440 1618 2488 culis mentis quibus solis Deus videtur destitutus est
1086 2467 1819 2509 Adhaec pulchritudo externa humani corporis admonere nos de¬
1057 2502 1806 2545 mystica debet pulchritudine Christi sponsi & Ecclesiae sponsae Chri¬
1059 2536 1808 2578 sti; de qua pulchritudine dicitur Psal. 45. v. 3. Multo pulthrior effectus
1061 2566 1814 2609 est filiis hominum: & v. 11, 12. Aude filia, & vide, & inclina autem tu¬
1055 2597 1814 2642 am: obliviscere populi tui & domus paternae tuae: Et delectabitur Rex
1064 2628 1808 2670 pulchritudine tua. In Cantico autem Canticorum Salomonis subin
1061 2663 1801 2707 de pulchritudo Christi & Ecclesiae praedicatur, veluti cap. 1. ver. 8. Ec¬
1061 2693 1805 2738 clesia sponsa Christi dicitur pulcherrima feminarum. & vers. 8. ait ad
1068 2725 1816 2772 eam Christus sponsus; Decorae sunt genae tuae velut lineis lapillorum:
1055 2756 1807 2806 collum tuum velut tomitibus. & vers 15. Ecce pulchra es, amica mea
1059 2787 1809 2837 ecce pulchra es: oculi tui sunt columbini, id est, gratiosi &x casti. Et v. 16.
1066 2822 1817 2866 ait Ecclesia ad CHRISTUM sponsum; Ecce te, pulcher es dilecte mi, et¬
1062 2855 1450 2903 iam amoenus. Et passim in libro illo,
1090 2875 1823 2927 Puilchritudo corporis humani est documentum sapientiae DEII
1062 2916 1826 2965 Nam quia pulchritudo amorem conciliat, voluit per eam Deus ma¬
1066 2951 1813 2997 xime inter conjuges amorem eumque castum & honestum conciliato
1075 2981 1814 3026 ut exemplum ostendit Adami & Evae: Abrahami & Sarae, cujus pul
1074 3014 1824 3057 chritudinem irse Abrahamus commendat: exemplum item Jacobi
1074 3044 1816 3088 & Rachelis Genes 29. v. 17, 18. Rachel erat pulchra forma & pulchro
1073 3077 1818 3127 aspectu: Amans itaque lacob Rachelam dixit, Serviam tebi septem an¬
1071 3107 1816 3156 nos pro Rachela filia tua minore: Exemplum item Estherae & Acha¬
1069 3143 1409 3194 schveri. Esther2, v. 7, 15, 16, 17.
