2063 3469
215 186 989 249 Credendum ergo, quod Deus condiderit omnia & absolverit, fe¬
182 233 996 288 ceritque ea, quae non erant ut essent. Deus enim bonus est, vel potius
187 276 984 319 fons bonitatis. Bonus autem, nullius rei invidia tangitur: unde null
190 308 994 350 essentiam invidens, ex non entibus universa creavit, per suum Ver¬
184 336 992 381 bum Dominum nostrum IESUM CHRISTUM, inter quae, prae
189 375 993 412 omnibus humanum genus misericordia prosequutus est: Animad¬
183 408 991 446 vertens enim eos conditione suae naturae perpetuo subsistere non pos¬
192 440 990 480 se, majus quiddam illis elargiturus non simpliciter, sicut reliqua in
186 475 989 520 terris animantia, quae bruta sunt humanum genus creavit, sed ad su¬
187 508 980 551 am ipsius imaginem illud effiguravit, deditque illis suae rationis do¬
178 540 990 586 tem, ut veluti umbras quasdam ac lineamenta rationis possidentes
179 572 985 617 rationalesque effecti, perseverate possent in beatitudine, viventes ve¬
192 608 990 651 ram, & revera sanctorum in Paradiso vitam. Animadvertens rursum
181 641 982 679 arbitrium defectumque hominis utroque vergere, mature hanc gra¬
189 675 993 716 tiam quam ipsis dederat, legis & loci praesidio communitam voluit.
194 707 987 750 Introduxit igitur eos in suum ipsius Paradisum, edictumque prae¬
184 741 994 785 scripsit, ut si gratiam illam conseivarent probique permanerent, fru¬
185 774 987 814 erentur in Paradiso sine moerore, sine anxietate hilarissima vita, prae¬
185 807 879 849 ter etiam id, quod ipsis in coelo immortalitas destinata erat:
226 833 991 882 Videmus coelum & terram, sive corporalem partem superiorem.
187 868 997 915 atque inferiorem, sive spiritalem corporalemque creaturam: atque
184 907 997 946 in ornatu harum partium quibus constat vel universa mundi moles,
184 940 992 985 vel universa omnino creatura, videmus lucem factam divisamque a
187 975 1002 1012 tenebris: videmus firmamentum coeli sive inter aquas sus eriores, &
194 1008 1002 1046 inferiores, primarium corpus mundi super hoc spacium aeris, & quia
185 1039 992 1082 hoc vocatur coelum, per quod vagantur volatilia coeli inter aquas,
200 1079 995 1115 quae vaporaliter in sublimi feruntur & serenis etiam noctibus rorant
192 1110 996 1141 & has quae in terris graves fluitant. Videmus congregatatum aqua¬
188 1141 999 1178 rum speciem per campos maris, & aridam terram vel nudatam vel
198 1169 1000 1212 formatam, ut esset visibilis & composita, herbarumque atque arbo¬
200 1205 1002 1241 rum materiem. Videmus luminaria fulgere desuper, Solem sufficeret
190 1239 994 1281 diei, lunam & stellas consolari noctem, atque his omnibus notari &
188 1270 996 1309 significari tempora. Videmus humidam usquequaque naturam pisci¬
184 1308 1001 1348 bus & beluis & alitibus foecundatam, quod aeris corpulentia, quae
186 1345 994 1381 volatus avium portat, aquarum exhalatione concrescit. Videmus ter¬
1037 200 1836 271 renis animalibus faciem terrae decorari: Hominemque ad imagi¬
1036 255 1833 301 nem & similitudinem Dei cunctis irrationalibus animantibus illa i¬
1046 280 1848 331 magine ac similitudine proponi. Et quemadmodum in ejus anima
1053 313 1839 365 aliud est quod consultndo dominatur, aliud quod subditur ut obtem¬
1059 352 1839 400 peret: Sic viro factam esse etiam corporaliter feminam quae haberet
1061 386 1848 432 quidem in mente raticnalis intelligentiae parem naturam, sexu tamen
1053 407 1833 470 corporis ita masculino sexui subjiceretur, quemadmodum subjicitus
1043 451 1836 508 appetitus actionis ad concipiendam de ratione mentis recte agendi.
1037 482 1759 531 solertiam. Videmus haec & singula bona, & omnia bona valde
1080 513 1854 557 Quapropter laudate Jehovam coelites, laudate eum in excelsis.
1047 541 1833 599 Laudate eum omnes Angeli ejus, laudate eum omnes exercitus ejus.
1036 580 1835 629 Laudate eum Sol & Luna, laudate eum omnes stellae lucidae, Lauda¬
1037 617 1839 661 te cum coeli coelorum, & aquae quae supra hoc coelum sunt. Laudent
1037 651 1841 694 nomen Jehovae quae ipso praecipiente illico creata sunt. Quae stabilivit
1049 679 1838 722 in sempiternum, in seculum, quibus decretum dedit quod nullum
1046 718 1833 760 transgrediatur. Laudate Jehovam terrestria; cete, & omnes abyssi:
1048 745 1835 793 ignis & grando, nix & exhalatio; ventus turbineus efficiens verbum
1046 785 1840 830 ejus: Ipsi montes, & omnes colles; arbores fructiferae, omnesque ce¬
1046 815 1842 850 dri: Ipsae bestiae, & omnia jumenta; reptilia & aves alatae. Reges ter¬
1037 844 1843 896 rae, omnesque nationes: Principes & omnes judices terrae: Juvenes,
1044 883 1837 939 etiamque virgines; senes cum pueris, laudent nomen Jehovae: quia
1044 912 1785 952 editum est nomen ejus solius, decor ejus supra terram & coelum.
1079 943 1848 993 Optimum artificem eorum quae sapienter & artificios e facta sunt:
1040 976 1835 1017 glorificemus, & ex pulchritudine eorum quae videmus, eum qui om¬
1043 1015 1838 1051 nem pulchritudinem ex cedit mente concipiamus; & ex magnitudi¬
1052 1046 1830 1089 ne sensibilium horum & circumscriptorum corporum, infinitum il¬
1050 1075 1836 1125 lum & omnem magnitudinem superantem, omnemque intelligen¬
1045 1109 1837 1154 tiam, in multitudine potentiae suae excedentem reputemus. Etenim
1042 1146 1837 1181 etiamsi naturam omnium quae facta sunt ignoramus: tamen id quod
1047 1174 1842 1221 integre sensui nostro subjacet, tantum miraculi habet, ut etiam acu¬
1048 1208 1845 1257 tissima mens minor appareat, eo quod minimum est in mundo, ad
1084 1240 1800 1288 hoc ut aut pro dignitate ipsum enarrare valeamus, aut Creato¬
1155 1275 1728 1324 ti debitas laudes referre; cui omnis gloria & im¬
1289 1304 1591 1357 peria in secula seculorum,
1379 1339 1491 1381 AMEN.
694 1395 1342 1444 FINISLIERIRVINTI
694 1579 1366 1653 SYNTAGMATIS
265 1689 1776 1766 THEOLOGEELCIIRISIIANAE
690 1780 1369 1852 LIBER SEXTUS
955 1883 1104 1959 Qui est
358 1958 1673 2037 DE PROVIDENTIA DEIACTVALI.
797 2054 1243 2114 CAPUT PRIMUM
616 2114 1416 2192 In quo de voce Providentia Dei, & an sit & quid sit?
532 2205 1020 2264 VONIAM praecedente libro doctrina
527 2255 1003 2299 de Creatione rerum omnium, quae pri¬
533 2287 992 2333 mum Dei opus externum est, quanta fie¬
527 2321 994 2366 ri potuit brevitate & perspicuitate, pro
542 2354 1005 2397 modulo gratiae a Deo nobis concessae,
530 2384 1002 2429 explicata est: sequtur ut jam de PRO¬
540 2428 1001 2462 VIDENTIADEIACTUALI, quae
540 2455 1005 2496 alterum est opus Dei externum, agam.
545 2487 1002 2533 Verum tenuitatis meae conscientia &
533 2518 1005 2565 materiae gravitate impulsus, ad te ani¬
201 2549 1007 2600 mum meum converto, magne & omnipotens DEUS, teque votis
203 2584 995 2637 supplicibus veneror: indulge mihi, propter CHRISTUM Domi¬
203 2616 1002 2674 num, peccatorum veniam & per Spiritum Sanctum tuum me verbo¬
212 2650 1012 2707 tuo magis atque magis sanctifica, ut veritatem tuam coelestem recte
214 2684 997 2741 perspiciam, perspectam firmiter percipiam, perceptam sancte & op¬
204 2721 1007 2776 portune proferam, ad nominis tui gloriam & Ecclesiae tuae bonum,
203 2768 306 2811 Amen.
237 2780 1002 2837 Postquam debita instituto meo vota feci, a vocis explicatione or¬
203 2814 987 2874 diat, ne ambiguitate illius a vero aberretur: deinde re ipsa tractabo¬
247 2850 1010 2901 Vox providentia Dei est ambigua: nam aliquando latius, aliquan¬
211 2882 1006 2935 do strictius accipitur. Latius sumta complectitur aeternum creationis:
210 2914 1007 2976 gubernationis, ordinationisque rerum omnium decretum & exse¬
214 2947 1011 3008 quutionem illius: strictius capta vel aeternum decretum Dei de om¬
216 2989 1005 3034 nibus quae futura erant, significat quomodo Hebr 11. 40. dicitur;
211 3021 1017 3069 Deus de nobis praestantius quiddam providerat, ne absque nobis consum¬
208 3045 1007 3103 marentur; vel ad solam omnium quae facta sunt & fiunt guberna¬
210 3079 1008 3138 tionem refertur, quas vocis acceptiones supra quarto libro, capit, sex¬
208 3126 522 3180 to pluribus declaravimus.
244 3146 1013 3209 In hoc libro vox providentiae divinae stricte capitur & distinctio¬
215 3181 1014 3238 nis ergo creationi opponitur, & solam conservationem, gubernatio¬
217 3214 1006 3281 nem & ordinationem omnium denotat, quo significato communi¬
1045 2206 1846 2266 ter usurpatur: veluti in libro Sapientiae Salomoni adscripto dicitur;
1042 2250 1835 2291 cap. 6. vers. 8. Dominus omnium non dissimulabit personam, naque vere¬
1052 2286 1832 2323 bitur magnitudinem, quum parvum ac magnum ipse fecerit, & paritet
1058 2320 1842 2356 putatur providentia in omnihus. Theodoretis Commentariis in caput,
1053 2358 1842 2392 quinquagesimum-primum Jeremiae ad verba; Qui secit ter ram robo¬
1049 2386 1838 2429 re suo &c. eadem stricta significatione utitur hac voce: Posuit (inquit)
1053 2418 1846 2453 tum ea quae pertinent ad creationem, tum quae faciunt ad providenti¬
1062 2449 1832 2481 im: quia non modo condidit universa, sed etiam in iis gubernandis per¬
1060 2481 1846 2523 severat. Et in libro divinorum decretorum, capite de Providentia:
1050 2516 1837 2553 item Sermone seu libro Curationis Graecarum affectionum sexto¬
1061 2549 1846 2599 qui est de Dei Providentia: & in Sermonibus decem de Providentia.
1230 2577 1655 2624 Tantum de voce: nunc de re ipsa
1076 2598 1839 2667 Ut rem ipsam tractemus, expediemus, an sit providentia Dei? quid
1089 2647 1609 2686 ? quod subjectum ejus? quae partes? quae species?
1089 2674 1837 2719 Providentiam Dei esse, id est, Deum curare, id est, conservare, gu¬
1054 2706 1839 2760 bernate & ordinare omnes creaturas, gubernate & ordinare omnes
1058 2746 1836 2787 res humanas, & omnia quae sunt & fiunt in mundo, sic ut nihil teme¬
1052 2778 1839 2827 re, nihil fortuito fiat, confirmant testimonia divina Sacrae Scripturae &
1054 2815 1236 2864 argumenta alia¬
1091 2833 1835 2883 Testimonia divina e multis haec sunt: Psalm. 14. 2. Iehova e coelus
1067 2879 1839 2921 prospectat super filios hominum, ut videat an sit ullus qui intelligat, qui
1061 2915 1839 2949 exquirat Deum. Psal. 33. 13, 14, 15. Ecoelis intuetur Iehova, videt om¬
1066 2941 1843 2985 nes filios hominis: E loco habitationis suae, prospicit in omnes habitato¬
1065 2981 1843 3017 res terrae: Formator pariter cerdis eorum, animadvertit ad omnia ape¬
1066 3011 1831 3049 ta eorum. Psal. 36. 7. Homines & jumenta conservas, Iehova. Psalm
1064 3047 1846 3083 104. 27, 28, 29, 210. Omnia ista in te exspectationem habent, ut des
1064 3073 1836 3120 escam ipsorum tempore suo: Te dante ipsis colligunt, aperiente mu¬
1063 3108 1839 3147 num tuam satiantur bono: Abscondente faciem tuam conturbentur;
1062 3145 1842 3180 recipiente spiritum eorum exspirant, & in pulverem suum revertun¬
1058 3171 1851 3210 tur: Emiitente spiritum tuum recreantur: denique renovas jaciem
1068 3203 1852 3250 terrae: Matth. capite sexto, versiculo vigesimo sexto: Intuirmine in
