2063 3491
489 180 777 267 CAPUTII
511 267 753 322 In quo de peccato.
287 323 1010 374 ATALUM est in rerum natura; non tamen est res seu essentia.
218 326 1025 409 Jmulto minus substantia aliqua: sed essentialiter & sua natura
331 391 1019 442 seu per se nihil est: Nihil, inquam, non negativum, sed priva¬
229 421 679 464 rivum: definiturque in hunc modum:
268 459 1010 506 Malum, est privatio boni, quod ad creaturae felicitatem & perfe¬
231 485 1010 539 ctionem requititur. Dicitur etiam miseria, quod miseram reddat cre¬
235 533 324 564 aturam.
270 560 1013 610 Est in aliquo bono, nempe vel in substantia, vel in accidente sub¬
223 587 315 631 stantiae
267 621 1007 669 Caret efficiente causa proprie dicta. Est quidem ortum ex bono
235 661 1006 706 verum non per se, sed per accidens. Mali igitur causa est bonum, non
230 692 710 739 per se, sed per accidens: ideo non proprie
265 724 716 761 Caret & fine, utpote ἀσκoπον & ἀδριστον.
268 760 724 805 Nunquam operatur ut proprie efficiens
271 795 1007 848 Quantavis est ejus magnitudo: tamen nunquam bonum, in quo
228 828 843 871 est, destruit. Nunquam appetitur nisi sub ratione boni
261 861 1016 894 Omne malum, nullo excepto, habet oppositum sibi aliquod bo¬
230 896 1016 937 num: etsi aliquod bonum est, quod nullum malum oppositum habet.
262 929 1010 970 Malum aliquod summum non potest esse: quod contra Marcios
217 960 557 1001 nitas & Manichaeos dicimus.
255 989 781 1034 Porro malum est duplex: culpae & afflictionis.
257 1027 578 1073 Malum culpae, est peccatum
261 1061 1019 1100 Peccatum, est malum quod Legi Dei repugnat, a voluntate creatu¬
222 1097 1004 1133 rae rationalis ortum. Vocatur etiam malum delicti: item malum mo¬
228 1128 572 1170 rale, contrarium bono morali
262 1156 1016 1203 Forma seu formalis ratio peccati, est deformitas, id est, aberratio a¬
226 1194 1010 1234 Lege divina, ανομια. Proinde peccatum non est nisi quod adversus le¬
222 1227 1003 1274 gem Dei committitur. Quod statuimus contra Papistas, qui pro pec
216 1269 1012 1307 catis habent, traditionum & legum ecclesiasticarum transgressionem
222 1295 1013 1338 in jejuniis certorum dierum, feriis, votis, peregrinationibus religiosis
219 1328 1017 1365 & ceremoniis aliis humana audacia invectis: imo qui pro peccatis
217 1361 1004 1397 habent opera a Deo praecepta, ut si Laici Scripturam S legant, si pre
213 1402 1013 1431 ces publicae in templis vernacula lingua concipiantur, si officium Ec¬
213 1428 1012 1466 clesiasticum vernaculo sermone celebretur, si quis non adeat Mis¬
222 1465 767 1506 sam, si quis imagines idololatricas frangat, &c.
249 1491 1010 1538 Non igitur est mera privatio, sed etiam mala qualitas animae in¬
216 1523 1015 1565 haerens contraria bonae qualitati conformi cum Lege Dei. Unde vi¬
219 1566 1012 1610 tia virtutibus non opponuntur tantum privative, sed contrariae qua¬
214 1597 362 1642 litates sunt.
253 1610 1022 1665 Causa efficiens ejus neque Deus est ullo modo, neque natura. Nam
219 1663 1016 1700 causae bonae per se effectus est bonus. Quid autem Deo melius? quic
215 1695 1013 1732 natura melius secundum Deum? Doctores etiam Ecclesiarum Re¬
226 1731 1016 1764 formatarum nequaquam statuunt, peccati causam efficientem seu au¬
219 1765 1013 1805 eorem esse Deum: quicquid Papistae & Ubiquitarii per calumniam
220 1797 410 1841 ipsis impingant
256 1819 1004 1866 Sed causa ejus efficiens est res aliqua naturae, nimirum, aut diabo
220 1852 986 1903 lus, aut homo. Nam caeterae creaturae non peccarunt, nec peccant.
249 1897 730 1928 Peccatum igitur vel diaboli, vel hominum
249 1916 1015 1967 Peccatum diaboli, est in quod Diabolus incidit a se & per se, motus
220 1950 422 2002 interno motu suo
252 1987 844 2034 Estque duplex, lapsus ejus, & malitia lapsum sequute
254 2015 1003 2064 Lapsus diaboli, est ejus a Deo defectio, dum in veritate non persti¬
222 2055 1013 2100 tit, sed propriam stationem in coelis ad ministerium adsignatam reli¬
219 2085 1000 2131 quit. Joh. 8. 44. Vos ex patre illo diabolo estis, & desiderium patris vo¬
224 2115 1009 2163 stri vultis facere, quia a principio homicida est, & in veritate non stetit,
222 2158 1009 2201 quia veritas non est in eo. Epist. Judae v. 6. Et angelos qui non conserva¬
213 2192 826 2233 runt suam originem, sed reliquerunt suum domicilium.
259 2205 998 2261 Malitia diaboli lapsum sequuta, est qua in perpetuum hostis DE
216 2249 1006 2298 factus & odio irreconciliabili in Deum infiammatus, tum multos ad¬
222 2283 1010 2332 modum angelos sibi adjunxit, & ad rebellandum Filio Dei induxit,
215 2316 998 2364 unde & ipsi peccarunt, & non conservarunt suam originem, sed do
222 2349 1012 2397 micilium suum reliquerunt, 2. Pet. 2. vers. 4 Epist. Judae v. 6. tum ho¬
225 2383 1009 2430 minem etiam mendaciis suis seduxit, ut a Filio Dei vita sua deficeret.
214 2416 1013 2465 & in mortem aeternam se praecipitaret, Gen. 3. Joh. 8. 44. 2. Cor. 11. 3.
222 2449 1000 2498 atque inde a lapsu suo nihil aliud cogitat, desiderat, loquitur, conatur &
225 2482 1006 2530 agit adjutus a malis angelis, qui cum ipso defecerunt, quam quod
230 2514 1015 2562 Deo displicet, decipiens homines 1. Reg. 22. v. 22, 23. impellens eos ad
225 2546 1007 2607 peccandum, 1. Sam. 18. vers. 9, 10. 2. Sam. 24. 1. Chron. 21. 1. saeviens
222 2581 1002 2628 in eos crudeliter, Job.1. & 2. Matth. 8. v. 28. & 9. 32. & passim in hi¬
231 2616 1016 2661 storia Novi Testamenti; & cupiens secum totum genus humanum
225 2653 1006 2699 in perditionem aeternam trahere, 1. Joh. 3. v. 8, 9. 1. Pet. 5. v. 8. Eph. 6. v. 12
258 2693 980 2738 Hec de peccato diaboli: sequitur de peccato hominum.
262 2717 1016 2772 Peccatum hominum, est in quod homines inciderunt, proprio mo¬
228 2762 1010 2805 tu voluntatis suae, promerens & afferens mortem aeternam, nisi fia
231 2796 710 2842 remissio propter Christum Mediatorem.
259 2805 1006 2873 Omne enim peccatum etiam minimum, sua natura est mortale
224 2854 1016 2907 hoc est, mortem aeternam meretur, Ezech. 18. v. 20. Anima quae pec¬
234 2891 1012 2939 caverit, ipsa morietur. Rom. 6. 23. Stipendium peccati mors. & cap. 7.
224 2920 1025 2966 v. 13. Fit autem veniale, id est, veniam & remissionem consequitur, ut
225 2954 1017 3003 non accersat mortem aeternam renato, ex gratia & misericordia Dei,
230 3000 446 3050 propter Christum
266 3008 1028 3068 Si causas proximas & subjecta peccati hominum intuearis, est il¬
230 3055 937 3106 lud vel primorum nostrorum parentum, vel posterorum ipsorum
259 3085 1027 3133 Peccatum primorum nostrorum parentum, est peccatum Adami &
232 3126 287 3172 Evae¬
263 3157 702 3212 Estque duplex; naturale & personale
261 3179 1025 3243 Naturale, quod totius naturae humanae, & ideo omnium homi¬
229 3232 454 3277 num commune est.
1096 190 1844 259 Primum persona infecit naturam, sed post natura infecit perso¬
1069 244 1853 299 nam. Peccatum Adami naturae ipsius peccatum fuit, caeterorum pec¬
1081 277 1846 324 cata personalia sunt; ideo illius cum natura transfusum est, non alios
1075 312 1846 354 rum. Sed quare Adamus peccando non personam modo, sed naturam
1075 347 1855 391 perdiderit, quum alii homines personas suas laedant, naturam non fa¬
1080 372 1850 422 ciant pejorem, causa assignati non potest alia, quam Dei justissima
1081 411 1849 460 voluntas. Quam Adamus infelicitatem volens accersivit sibi, eam ej¬
1069 442 1852 491 posteris universis jure Deus inflixit. Sed quare? quia sic fert voluntas
1075 482 1855 522 ejus, quae est juris & justitiae norma. Nunquam aliter intelliges, ju¬
1074 509 1847 556 stum fuisse, nos omnes nasci miferos propter hominis peccatum
1072 542 1856 594 Nam quod illius voluntas fuit nostra, & nos in illo voluimus. verum.
1071 576 1849 623 est, sed ratio hujus veritatis nulla est, praeterquam voluntas Creato¬
1075 604 1852 660 tis. Proinde & peccato primorum parentum omnes homines facti
1070 641 1841 689 sunt obnoxii morti aeternae, non naturaliter, sed voluntate Dei. Na¬
1065 677 1840 719 turaliter enim hoc factum non est, ut nimirum ob culpam unius ho¬
1065 708 1855 759 minis tot hominum millia a salute excluderentur. Voluntate igitur
1071 740 1466 780 Dei, de qua Christus Matth. 10. 29.
1101 772 1856 826 Lapsus primorum parentum, est inobedientia & defectio a DEO,
1065 806 1856 858 qua se suosque posteros in mortem sempiternam praecipitatunt, Ge¬
1071 838 1217 881 nes. 3. Rom. 7.
1093 869 1844 919 Inobedientia autem haec Adami non fuit unica solummodo illa
1068 907 1861 951 externa comestio vetiti fructus, sed transgressio seu violatio legis, ut
1068 936 1843 980 dicitur I. Timot. 2. v. 14. in qua multa hortenda peccata interna con¬
1072 976 1844 1018 currunt: nimirum infidelitas seu incredulitas, cum non credidit Dei.
1069 1008 1841 1045 minanti mortem transgressori mandati, nec confidit in Deo solo¬
1069 1048 1841 1082 quae fuit radix & fons malorum omnium; (sicut contra fides bono¬
1069 1078 1852 1115 rum omnium principium & mater est;) idololatria, cum credidit &
1066 1109 1840 1143 obtemperavit voci uxoris suae potius quam DEI. Genes 3. 17. cum
1071 1143 1843 1177 credidit Satanae mentienti. Superbia, cum Deo aequalis fieri voluit¬
1074 1169 1852 1212 Gen. 5. 3. Contemtus DEI, cum non timuit Deum, ut debuit, & man¬
1069 1201 1852 1245 datum ejus contemsit, violavitque. Prophanatio nominis diuvini, cum
1081 1238 1855 1278 assus est Evam de verbo Dei communicare cum serpente, cum quo
1066 1270 1852 1308 non debebat: cum zelum pro gloria Dei adversus Evam quae pecca¬
1074 1306 1852 1342 verat, fructum vetitum decerpendo & edendo, non declaravit, sed in¬
1065 1340 1853 1377 ejus gratiam una peccavit; cum non invocavit Deum ut ipsum a
1066 1374 1855 1409 tranigressione Legis servaret: Homicidium, cum se & posteros suos in
1066 1403 1849 1442 mortem cum animae, tum corporis praecipitavit: Avaritia, cum non
1062 1434 1841 1474 contentus iis bonis quae a Deo acceperat, inhiavit pluribus. Furtum
1068 1471 1853 1508 cum abstulit quod suum non erat, sed alienum ipsique interdictum:
1072 1504 1849 1539 Concupiscentia prava, cum concupivit majorem altioremque scien¬
1071 1534 1845 1583 tiam, quam Deus dederat & dare volucrat: cum concupivit aequali
1074 1570 1852 1609 tatem cum Deo, & sublimiorem felicioremque statum, quam in quem
1065 1598 1856 1641 a Deo fuerat collocatus; cum concupivit fructum prohibitum. Ista
1081 1637 1849 1674 & alia peccata concurrerunt, antequam ad fructum veritae arboris
1072 1666 1843 1703 manum admovit, quae enumerare hoc loco prolixum. At unus tan¬
1074 1701 1849 1740 tum praecepti accusator violati. Unius quidem numero, sed universalis
1071 1735 1846 1770 re & substantia. Nam etiam tota lex una est numero: & ita quidem
1068 1769 1849 1812 una, ut qui in uno offenderit, omnium sit reus, Jacob. 2. 10. Uno igi¬
1066 1800 1855 1837 tur hoc praecepto violato, generalis fuit rebellio, quia simul in se con¬
1071 1833 1235 1871 tinebat omnia
1093 1859 1852 1905 Lapsi sunt autem primi parentes, divina quidem providentia, &
1071 1894 1855 1939 deserti a Deo: & necessario, sed tamen spontanea voluntate sua, etsi
1059 1932 1855 1970 consultore & impulsore diabolo: quia praediti erant proprio arbi¬
1068 1970 1849 2008 trio, quod liberum erat, & cogi non poterat. Suasionem & impulsum
1066 1995 1850 2034 diaboli sequuti sunt primi parentes nostri, sed inclinante eo proprio
1060 2030 1847 2067 motu voluntatis ipsorum. Adam quidem a serpente ipso seductus
1060 2063 1850 2102 non fuit: sed mulier seducta, causa transgressionis fuit. 1. Tim. 2. 14.
1093 2094 1849 2137 Providentia divina lapsos esse constat ex Matth. 10. 29. Rom. 11.
1066 2122 1211 2170 32. Gal. 3. 22.
1095 2158 1850 2195 Lapsi sunt primi nostri parentes deserti a Deo desertione explora¬
1057 2192 1853 2228 tionis, cujus causa fuit, ut ipsi & posteri ipsorum cognoscerent, posse
1053 2223 1843 2266 se labi per se: non autem stare, nedum resurgere per se: & proinde ex
1066 2254 1547 2293 Dei gratia & misericordia toti penderent.
1089 2281 1847 2326 Lapsi sunt necessario, diversis rationibus: Primo, quia infallibili¬
1071 2323 1838 2359 at, si ad praescientiam Dei respexeris: nam quia Deus praescivera
1062 2356 1850 2402 seu praeviderat, ipsos lapsuros; non potuit praescientia illa Dei falli fa¬
1064 2385 1369 2424 cto aut consilio hominum
1093 2413 1847 2454 Secundo, ratione consequentiae & eventus facti: nam ex quo pec¬
1069 2454 1841 2496 carunt, necessarium est nec aliter esse potest quin peccaverint: quia
1068 2488 1835 2523 omne quod est, necesse est esse, quando est: omne certum est necessa¬
1051 2519 1834 2554 rium & propositiones de eo sunt necessariae. Necessario ergo lapsi
1062 2552 1850 2595 sunt, tum necessitate infallibilitatis praescientiae Dei ut praescientia est,
1056 2583 1610 2626 non causa efficiens rerum: tum necessitate facti¬
1104 2615 1436 2652 sidem tamen sponte lapsi sunt,
1094 2644 1853 2688 Libertas in Adamo & Eva fuit sine ulla necessitate ipsum impel¬
1060 2677 1136 2730 lente.
1096 2699 1844 2754 Itaque factum est, ut objecta specie boni, videlicet divinitatis con¬
1063 2741 1836 2787 sequendae, laberentur ac peccarent, mente objectum illud approban¬
1066 2786 1841 2820 te, & voluntate ad objectum illud amplectendum sese inclinante. Ac
1077 2815 1840 2852 proinde si principium internum ipsorum, id est, liberam voluntatem
1071 2850 1405 2895 spectes, lapsi sunt contingenter
1101 2875 1842 2919 Primo lapsu Adami nullum peccatum, si peccatum excipias in
1074 2911 1838 2953 Spiritum Sanctum, potest atrocius aut funestius aut committi aut co¬
1075 2943 1839 2995 gitari. Hominem recens natum sic Dei ausum esse majestatem con¬
1069 2980 1850 3024 temnere, voluntatem offendere, interdictum transgredi, ut Deo si¬
1072 3014 1853 3060 dem detraxerit, ut Satanae mendaciis, calumniis, blasphemiis auscul¬
1081 3044 1853 3082 tarit, denique ut divinitatem invito Deo rapuerit Idque tum quando
1085 3075 1840 3123 & maximis a Deo beneficiis cumulatus fuit, & iis etiam naturae or¬
1072 3117 1856 3153 namentis praeditus, ut nullis intus ad peccandum illecebris pravisque
1072 3148 1853 3184 desideriis urgereretur, quae nos quotidie ad peccandum solicitant
1086 3174 1856 3213 Nam ut Augustinus monet lib. 14. de Civitate Dei c. 15. existimare
1090 3212 1845 3267 oportet, quanta fuerit iniquitas in peccando, ubi tanta erat non pec¬
