2063 3528
239 183 1047 237 pagatur, tum residet in massa corporis ex semine illo formati, a quo
249 212 1028 260 communicatur cum anima, quae deinceps primarium fit illius fubie¬
244 246 1025 299 ctum: Nec Deus animam peccato contaminatam corpori immit
254 276 1040 331 tit, qui non prius creat & creatam postea demum corpori vnit, sed
241 314 1031 364 eodem momento creat simul & unit corpori infecto, a quo hauri¬
251 356 1040 400 concupiscentiam prauam, creat inquam, & unit corpori infecto ani¬
255 386 787 434 mam non ornatam docibus in Adamo amissis.
542 428 761 475 Obiiciunt tertio.
294 461 1061 530 Qui sancti sunt, ab iis peccatum in sobolem non propagatur. Fideles:
257 510 1049 564 parentes sancti sunt. Ergo a fidelibus parentibus peccatum in sobolem
254 557 427 603 non propagatur.
282 571 1035 626 Hujus objectionis propositio vera esset de illis duntaxat parenti¬
257 618 1040 662 bus, qui sancti sunt primaeva sanctitate, & in illa persistunt, eamque ac
258 652 1042 701 posteros propagant, non autem de regeneratis spiritualiter. At libe¬
255 685 1037 727 ri non de parentum regeneratione spirituali, sed regeneratione car¬
261 717 1039 760 nali descendunt. Proinde, ut ait Augustinus, sive reus infidelis, siue
261 748 1039 795 absolutus fidelis, non absolutos uterque generat, sed reos: quia ex vi¬
255 782 1030 837 tiosa natura generat. Tum non generatio carnalis, sed regeneratis
266 821 743 871 spititualis facit Christiatos, justos. sanctos
293 845 1043 894 INSTANT; Parentes sanctos, liberos quoque sanctos procreare; Non
267 884 1042 935 ergo peccaro inquinatos. Respondemus; etsi liberi parentum sancti¬
267 915 1040 969 tati quodammodo communicant, quae specialis est populi Dei be¬
261 949 1054 1002 nedictio: tamien ea non facit, quo minus prima illa & universalis
264 989 1039 1039 gantis humanae maledictio praecedat. Ex natura enim reatus est: san¬
258 1026 703 1069 ctificatio autem ex supernaturali gratia
303 1059 1039 1099 INSTANTrUrsus: Qui peccatum non habent, illud in alios pro¬
271 1092 1043 1132 pagare non possunt. Fideles seu regeniti peccatum non habent Erge
271 1120 1048 1167 illud in alios propagare non possunt. Ad quam instantiam haec est
270 1154 1065 1203 nostra responsio: Fideles seu regeniti peccatum non habent, nimi¬
268 1188 1051 1241 rum gratia & quo ad reatum; sed haben: natura & quo ad habitum:
272 1224 1049 1273 Ideo parentes fideles, natura adhuc sunt peccatores, sed gratia iusti,
275 1266 1051 1310 quia peccatum ipsis non imputatur. Parentes autem non generant
263 1296 718 1354 gratia, sed natura; non spiritu, sed carnes
307 1331 1054 1377 Graviter proinde errant Pelagiani & Anabaptistae, qui peccatum
268 1365 677 1410 originale in infantibus esse negant.
304 1397 1058 1440 Sed nec minus errant Papistae qui renatis post baptismum negant
267 1436 1058 1479 peccatum originale inesse: quia concupiscentiam manentem in ba¬
279 1464 1060 1503 ptitatis negant esse vere & proprie peccatum, ut videre est in decreto
273 1500 1072 1545 de peccato originali, promulgato in Concilio Tridentino Sessione.
285 1540 356 1585 quinta¬
307 1564 1052 1608 Atqui peccatum originale in Baptismo remittitur, non autem pe¬
276 1598 1060 1635 nitus exhauritur aut radicitus evellitur. Ratio, quia post bapiismum.
281 1634 1049 1674 in pueris ut primum maturitatis aliquid adepti fuerint, malae cupi¬
286 1668 1064 1705 ditates affatim ebulliunt: nec minus in adultis, vt exempla Dauidis,
279 1702 931 1738 Petri & aliorum sanctorum graviter lapsorum: evincunt.
318 1730 1060 1781 Deinde concupiscentia in renatis post baptismum residua est vero
279 1766 509 1813 & proprie peccatum.
318 1795 1064 1842 Oujiciunt Papistae. Nihil est condemnabile in renatis, Rom. 8.
288 1839 1031 1877 v. 1. Ergo concupiscentia in renatis non est vere & proprie peccatum.
313 1872 1067 1914 RESP. Negatur antecedens: nec illud est Pauli Apostoli, qui non
283 1902 1061 1947 ait, nihil esse condemnabile in renatis, nam peccatum or ginale est
285 1936 1059 1971 semper in se condemnabile in quocunque sit: sed ait, nihil esse con¬
279 1973 1065 2016 demnationis iis qui sunt in Christo Jesu. Graecus enim textus habet:
289 2004 750 2047 ζδεν αρα νγ κατακριμα τοις ἐν Xρισος Ιήσοῦ
316 2036 1064 2074 EFFECTA peccati originalis sunt: primo Reatus, qui est status &
285 2073 1056 2115 conditio hominum reorum, ad tribunal Dei constituiorum: est vela
295 2110 1062 2147 ut vinculum hominum qui peccarunt, quo adstricti sunt & tenentur.
291 2141 1068 2185 coram judicio Dei. Estque duplex, cuipae & poenae Reatus culpae, est
293 2176 1071 2219 convictio hominis quod reus sit criminis, ac proinde culpa tanquam
294 2210 1064 2246 macula deformatus & peccator formaliter constitutus Reatus coenae,
285 2236 1056 2283 est ordinatio hominis ad poenam peccato commeritam, iustissime
285 2270 1061 2324 judicio Dei facta: est vinculum mortis quo tenentur qui peccarunt.
279 2310 1059 2346 Augustin, septimo tomo, libro primo de peccatorum meritis & remissione,
283 2340 1059 2385 cap. decimotertio. Reatus non est peccatum, aut crimen, nec labes seu
289 2377 1064 2415 macula a peccato contracta: quia ordinatio divina ad poenam non
292 2413 1058 2454 potest non bona esse, quum ejus causa sit voluntas justissima Dei
279 2444 1059 2492 Quare Scotus au liendus non est, qui reatum hunc vere peccatum
278 2476 1055 2531 esse docuit in 4. dist. 14. Nec reatus quiddam vere malum: quia cau¬
278 2507 760 2546 sa ejus proxima est justissima voluntas Dei
309 2541 1065 2591 Secundo effectum peccati originalis est poena, id est, stipendium seu
283 2573 1056 2619 merces peccati, poena, inquam, non tantum temporalis, sed etiam
280 2610 1061 2654 aeterna: poena autem non tantum damni, sed etiam sensus. Errant
282 2645 1064 2686 enim Papistae, qui contendunt, peccatum originale si solum sit, tan¬
287 2673 1074 2725 tum poena damni puniri. Vocant autem poenam damni, quae est sinet
282 2706 1056 2757 sensu doloris interno & externo. Quid vero hoc aliud est, nisi emnem¬
282 2740 1061 2795 poenum tollere? Nam qui dolorem nullum sentiat aut corpore aut
288 2781 1065 2827 anima, is neque intelligit se puniri, neque omnino poenam patitur,
281 2806 1058 2866 nisi improprie. Qui intelligit, se esse in poena, non potest non dole¬
281 2842 813 2885 re: si se puniri nescit, non ea poena putanda est.
316 2873 1062 2930 Tertio effecta ac fructus peccati originalis sunt peccata actualia.
282 2900 584 2962 Rom. 7. v. 5 Iac. 1. 14, 15.
384 2953 975 3026 Tantum de peccato originali: sequitur actuale.
315 3005 1074 3058 PECCATUM AC TUALE, est peccatum quod nos ipsi committi¬
291 3038 1071 3094 mus: seu est transgressio legis sive naturalis, sid est, naturae insitae &
286 3072 1062 3129 natura notae, siue verbo Dei revelatae, a nobis ipsis actu facta, Rom.
294 3108 1063 3157 2. v. 12. Quicunque sine Lege, (nimirum verbo Dei revelata, (pecca¬
299 3138 1071 3203 verunt, (ut fecerunt Gentiles,) sine Lege quoque peribunt: & quicunque
299 3169 1081 3231 in Lege, (nempe revelata verbo Dei) peccauerunt, per Legem damna¬
288 3201 1064 3268 buntur. & v1, 15. Nam quum Gentes quae Legem non habent (nempi
293 3234 1064 3307 a Deo latam per Mosen,) natura quae Legis sunt faciant, isti Legen
1077 158 1917 210 non habentes, sibiipsis sunt lex: Vt qui ostendant epus Legis scriptum in
1084 204 1247 249 cordibus suis.
1131 221 1904 281 Peccatum actuale dicitur, non quod peccatum sit actio, aut quod
1092 271 1911 311 actio sit peccatum: sed quod peccatumsit in actione, quae cum bona¬
1093 306 1905 348 sit quatenus actio, adhaeret tamen ipsi defectus bonitatis moralis &
1107 344 1903 384 ravitas, atque ille defectus cum pravitate est proprie peccatum
1090 378 1913 419 quod est ab homine, non a Deo. Figurate autem nempe metonymi¬
1088 407 1700 450 ce peccatum dicitur actio pugnans cum Lege Dei.
1131 443 1919 484 Differunt peccare & peccatum facere. Pecc ire generaliter dicuntur,
1101 480 1910 524 quicunque in fuis actionibus a recta legis divinae regula defflectunt, si¬
1101 510 1920 552 ve id fiat ex infirmitate & ignorantia, sive ex malitia. Peccatum facere
1087 554 1913 588 dicuntur proprie qui studio peccandi tenentur, & ex animo peccant,
1092 575 1913 623 & peccati veluti artificium quoddam factitant, etiam opus externum.
1093 616 1904 660 actu nondum perficiant: quod proprium est reproborum. 1. Joh. 3. &8
1092 656 1918 694 V. Quanquam synecdochice idem est interdum peccare, quod in actu
1098 693 1916 725 continuo peccandi versari, ut 1. Joh. 3. 8. & cap. 5. 18. Causae efficien¬
1099 715 1923 760 tes peccati actualis sunt externae, vel internae. Externae sunt duplices:
1108 746 1923 794 quaedam per se, quaedam ex accidenti. Peccati actualis divisiones sunt:
1092 789 1175 835 plures.
1131 819 1910 863 Est PRIMO vel proprium, vel alienum. Proprium, quod nos ipsi
1098 852 1922 891 admittimus. Alienum, quod alius admittit, sed non fine nobis aut
1101 887 1922 934 probantibus, aut consulentibus, aut juvantibus, aut conniventibus &
1101 921 1922 967 non impedientibus, ac proinde nobis etiam imputatur, 1. Tim. 5 22.
1138 955 1808 994 SECUNDO, peccatum omne vel per se est, vel per accidens:
1132 990 1842 1026 Peccata per se, sunt omnia illa quae Lege divina prohibentur.
1135 1024 1918 1069 Peccata per accidens, sunt aut actiones non renatorum, quae praece¬
1111 1060 1922 1094 ptae quidem sunt a Deo; sed tamen Deo displicent, quia non fiunt ex
1099 1090 1923 1134 fide, nec referuntur ad hunc finem, ut Deus gloria afficiatur, & pro¬
1107 1132 1906 1170 pter defectus & vitia in impiis concurrentia: aut actiones adiaphora
1107 1165 1922 1206 quae fiunt cum scandalo, aut alioqui non ex fide ad gloriam Dei. Ea¬
1113 1193 1923 1244 quippe opera hominum, sicut causas habuerint bonas seu malas, nunc
1112 1236 1922 1266 unt bona, nunc mala, quae non sunt per seipsa peccata. Sicut victum
1105 1260 1919 1307 praebere pauperibus, bonum opus est, si sit causa misericordiae cum re¬
1102 1294 1920 1336 cta fide: Sicut concubitus conjugalis, quado sit causa generandi, si ea
1114 1329 1922 1369 fde fiat, ut gignantur regenerandi. Haec atque hujusmodi secundum
1100 1369 1910 1409 suas causas opera sunt bona vel mala, quia eadem ipsa si habeant ma¬
1102 1397 1923 1441 las causas, in peccata vertuntur; velut si jactantiae causa pauper pasci¬
1110 1434 1927 1475 tur, aut lasciviae causa cum uxore concumbitur: aut liberi generantur,
1114 1472 1837 1509 non ut Deo, sed ut mundo, ut diabolo nutriantur & educentur.
1125 1504 1928 1554 TERTIO peccatum actuale ex causis efficientibus vel affecta¬
1117 1540 1385 1577 lum est, vel inaffectatum
1147 1564 1931 1604 Peccatum affectatum, est peccatum quod libera voluntate est com¬
1105 1605 1931 1641 missum, sive ex mera malitia & contumacia, sive alioquin consentien¬
1115 1639 1928 1676 te voluntate: cujusmodi peccatum est homicidium voluntarium,
1114 1672 1932 1710 Exod. 21. 14. adulterium in civitate perpetratum & commissum.
1122 1707 1932 1749 Deuter. 22. v 24 idololatria Homri, Regis Israelitarum 1. Reg. 16.
1123 1741 1717 1786 v. 25. fel27. iuxta distinctionem Tremellii & Junii.
1140 1778 1574 1818 Estque vel clamans ad Deum, vel non
1152 1806 1931 1854 Peccatum clamans ad Deum, est quod propter suam gravitatem
1125 1844 1919 1883 gravem postulat a Deo e caelo vindictam, velut sanguinis innocentia
1116 1875 1916 1915 effusio, Gen. 4. peccata Sodomorum, Genes. 19. oppressiones vidua,
1108 1909 1748 1953 rum, pupillorum, pauperum. Exod. 22. 23 Jacob. 5. 4.
1137 1940 1925 1981 Peccatum inaffectatum, est quum vel per coactionem cui resisti non
1119 1979 1928 2012 potuit, vel ex incogitantia aut infirmitate factum est malum, vel per
1107 2012 1933 2047 negligentiam bonum non factum. Tale peccatum est adulterium vi
1110 2045 1933 2083 illatum in agro alterius uxori, Deuteronom. 22. versi. 25. Tale fuis
1109 2079 1921 2127 peccatum Davidis Acischum regem Gathi ex ambiguo ludificantis
1110 2110 1937 2150 1. Sam. 27. v. 10. Petri Christum abnegantis. Tale peccatum est ho¬
1123 2146 1925 2189 nicidium involuntatium, praeter consilium per imprudentiam com¬
1110 2179 1348 2226 missum, Exod. 21. 13
1146 2212 1933 2260 QUA RTO, omne peccatum aut est contra conscientiam, aut igno¬
1104 2244 1185 2290 rantiae
1153 2276 1931 2331 Peccatum contra conscientiam est peccatum quum sciens Dei vo¬
1106 2314 1753 2355 luntatem contra eam facit ex consensu voluntatis suae,
1142 2345 1930 2388 Peccatum contra conscientiam duplex est: vel ex pleno consensu vo¬
1117 2380 1496 2424 luntatis, vel non ex pleno consensu.
1143 2413 1924 2463 Peccatum contra conscientiam ex pleno consensu, est quod ex toto a
1113 2449 1748 2497 nimo & studio destinataque malitia est perpetratum.
1153 2488 1577 2531 Tale peccatum in renatos non cadit.
1145 2517 1937 2563 Distinguendum est a peccato in Spiritum Sanctum. Augustin. to¬
1111 2556 1865 2596 mo quarto, pag. octingentesia quadragesima, & sequentibus
1149 2589 1931 2624 Peccatum ignorantiae, est peccatum quando quis bene fieri puta
1114 2621 1937 2668 qued male fit: (si quis enim bonum putaverit esse quod malum est, &
1114 2655 1928 2693 fecerit hoc putando, utique peccat;) quale est, quod ignorantiae tem¬
1126 2693 1940 2741 pore ab ignorante voluntatem Dei committitur: Quale fuit peccatum
1113 2726 1937 2762 eorum qui Christum crucifixerunt & Stephanum lapidarunt. Quale
1122 2761 1936 2794 eorum de quibus Joh. 16. 2. Movebunt vos synagogis: imo veniet tem¬
1114 2793 1943 2834 pus, quum quisquis vos interemerit, putet se cultum praestare Deo. Et Pauli
1119 2827 1935 2873 ante conversionem ad fidem Christi. 1. Tim. 1. vers. 13. Qui prius eram
1114 2857 1934 2898 blasphemus & persequutor & contumeliosus: sed Deus mei mifertus est.
1128 2895 1939 2928 Nam ignorans id faciebam: nempe, fidei expers. Vel peccatum quidem
1114 2929 1936 2962 esse agnoscitur & deploratur a peccante, sed tamen vitari non potest.
1120 2965 1944 3005 perfecte in hac vita; ut multa peccata ignorantiae & infirmitatis, de
1132 2994 1946 3040 qualibus dicit Propheta David Psalm. 19. 13 Errores quis intelligat? ab
1119 3033 1931 3078 occultis me absolve. (quemadmodum & peccatum originale in hac vi¬
1112 3061 1933 3105 ta penitus deponi nequit.) Vide Augustinum quarto tomo, pagina
1118 3094 1446 3142 octingentes. quadragesima.
1155 3125 1661 3171 QUINTO vel internum est, vel externum.
1149 3159 1946 3202 Internum, est mentis, voluntatis & affectuum, videlicet quaevis co¬
1126 3197 1945 3241 gitatio mala, dubitatio de Deo, de voluntate ejus, incredulitas, &c.
1131 3235 1934 3271 Sunt peccata quae solo intellectu committuntur, ut non credere ver¬
1119 3263 1583 3311 bo Dei. Vocatur etiam peccatum cordis.
