2063 3524
213 167 1019 212 ciam collocent: Ezech. 35. v. 11. Psalm. 52. 7, 8. Deus fortis demolitu¬
211 195 1006 243 rus est te in aeternum: abripiet te & avellet te a tentorio eradicabitque
223 230 1007 277 te e terra viventium vchementissime. Quod videntes iusti reverebun¬
214 266 999 311 tur. Psalm. 68. v. 4. & Psalm. 119. v. 119. Psalm. 64. v. 8, 9, 10, 11. Pro¬
220 303 839 348 verb. 11. v. 10. Quum pereunt improbi, cantus exercetur.
249 323 994 380 Poenae impiorum amplam consolationis materiam fidelibus sub
219 369 1007 412 ministrant, quia testantur Deo curae esse genus humanum, & in eo
210 403 1010 451 maxime pios quos mirifice liberat, improbos reprimendo vel depri¬
213 441 1003 479 mendo vel penitus e medio tollendo Psalm. 58. v. 11. & 9. v. 12. & 119.
216 466 1024 517 v. 52. & v. 119, 1: 0. Tanqua scoriae facis ut cessent omnes improbi terrae,
219 502 1013 547 idcirco diligo testimonia tua. Horret pavore tui caro mea: adeo a iudiciis.
223 543 338 585 tuis timeo.
258 565 1015 628 . Ut testentur non esse vanas & irritas comminationes Dei in
217 608 1007 655 Lege propositas. Nam exempla poenatum ostendunt, Deum bona
218 653 1003 698 fide certo praestare quicquid est comminatus impiis peccatoribus
213 687 379 729 Ezech. 6. v. 16.
249 715 1012 763 5. Ut per eas separentur probi ab improbis, refundendo totam
212 748 941 795 rempublicam, velut adulterinus nummus refunditur. Jes. 1. v. 25.
252 780 1013 826 6. Ut sint documenta benignitatis Dei sempiternae erga Eccle¬
223 818 1007 858 siam, cujus bono impios punit & e medio tollit, Psalm. 136. 10, 15.
221 861 372 903 17, 18. 19, 26.
249 870 1012 925 7. Ut per eas abrumpantur scelera cum abominationibus omni¬
219 917 667 962 bus. Ezech. 16 v. 43. item cap. 23. v. 48.
252 939 1009 989 8. Ut ex poenis omnes improbi discant & sciant Deum summe
226 982 1021 1028 dominari in Ecclesia Dei, usque ad fines terrae. Psalm. 59. v. 14. Ezech.
226 1017 1017 1058 6v. 12, 13, 14. Non omnes sinit Deus in hac vita impune abire, ne cun¬
223 1049 1003 1105 cta prorsus absque ulla esse providentia suspicemur. Ideo poena nomi¬
231 1087 650 1134 natur eruditio stultorum: Prov. 7. 22.
261 1115 1004 1163 9. Ut sint testimonia irae Dei adversus peccata & futuri olim judi
223 1153 1033 1202 cii in omnes peccatores qui non resipuerunt, tametsi multi impune
231 1193 848 1235 usque ad vitae finem evadant, 2 Thessal. 1. v. 5, 6, 7. 8, 9.
259 1213 1014 1264 Poenae improborum quorundam etiam in hac vita sunt diuturna
224 1258 532 1308 propter sequentes rationes
264 1269 875 1331 1. Ut carum non obliviscantur fideles. Psalm. 59. v. 12.
255 1323 1022 1369 2. Ut illae tandem improbis invitis extorqueant confessionem
222 1355 555 1409 nequitiae suae; Psalm. 59. v. 13:
259 1389 1017 1437 Caeterum non ab omnibus Deus in hac vita exigit ultionem, no¬
225 1436 1022 1474 resurrectionis spem abjiciamus, ac judicium quoque desperemus fu¬
232 1475 808 1519 turum, utpote omnibus hic reddentibus rationem
316 1532 945 1583 Hactenus de poena: sequitur de exploratione di¬
520 1574 755 1629 vina & martyrio.
272 1642 1036 1686 Exploratio seu tentatio divina, Graece δοκιμασια & δοκίμιον, est af¬
255 1676 1036 1718 dictio piorum, per quam Deus eorum fidem in promissiones divinas
249 1714 1031 1750 & obedientia erga praecepta Legis praesenti vel imminente malo ex¬
269 1748 1027 1784 lorat, & patientiam exercet eamque omnibus spectandam, cogno¬
256 1782 1025 1819 scendam & imitanda proponit. Gen. 22. v. 1 & sequentibus Deut. 8.
250 1817 1028 1851 v. 2. Psalm. 66. v 10. & 105. v. 19. Jacobi. 1. ver. 1, 12. 1. Petr. 1. v. 6, 7.
256 1853 771 1882 Actor 20 v. 19. 1. Cor. 10. v. 13. 1. Petr. 4. v. 12.
270 1875 1004 1920 Saepe hominem affligit Deus, non tam ob peccata quae commise
239 1908 1017 1951 rit, quam ut ejus fidem probe: & patientiam exerceat: sicut Medicut
235 1952 1025 1984 saepe medicamentum aut potionem subministi at cuipiam, non tam
237 1984 1013 2025 ad curandum jam contractum morbum, quam ad valetudinem bo¬
237 2014 685 2057 nam tuendam & morbos praecavendos.
277 2045 888 2091 Eaque vel interna est vel externa, vel vtraque coniuncta.
267 2081 1012 2122 Interna duplex: animi angestia, vel spiritus & carnis lucta: ut appa¬
237 2118 1013 2161 ret ex Abrah imi exemplo, quum jussus esset filium Isaacum offerre
238 2144 520 2192 in sacrificium, Genes. 22.
277 2178 853 2223 Externa, ut afflictio corporis per morbos aut plagas
266 2212 1012 2261 Interdum utraque est conjuncta, ut conspicitur in exemplo Josepb
240 2244 457 2291 Patriarchae & Jobi
237 2278 1007 2324 Martyrium, est crux seu afflictio propter Christum ad perhiben
231 2318 804 2365 dum sanctum testimonium ipsi veritatique ipsius.
266 2347 1011 2391 Voca ur perpessio Christi. 2 Cotinth. 1. versicul. 5. quia est afflictio
234 2385 1015 2419 quam ob Christum perpetimur: & quam in nobis perpetitur Chri¬
228 2412 1006 2463 stus: & quam conformes reddimur imagini Christi. Item persecutio o¬
232 2448 485 2490 veritatem & iustitiam
256 2485 680 2530 Estque vel cruentum vel incruentum.
267 2524 1009 2570 Martyrium cruentum, est sanguinis & vitae profusio, propter Chri¬
226 2556 1022 2610 stum, ad veritatem Dei, tanquam extremo & indubitato testimonio¬.
228 2594 644 2633 finaliter confirmandam. Joh. 21. 18.
274 2622 1022 2668 Martyrium incruentum, est calumniarum, ignominiae carceris, ex¬
236 2655 1022 2706 filii & aliorum periculorum perpessio veritatis causa. 2. Cor. 4. 8. & 6.
235 2693 553 2738 4, 8. & 12 v. 10. 1. Petr. 4. v. 14.
264 2732 1016 2782 Explorationis divinae & martyrii fines sunt: 1. ut Capiti nostro
226 2766 1014 2819 Christo conformes fiamus in passione & morte. Roman. 8. 17, 29.
225 2799 370 2850 Philip. 3. 10.
270 2838 1017 2886 2. Ut alii fideles inde consolationem & exemplum patientiae ad
228 2877 1016 2931 perseverantiae capiant, & in fide confirmentur. 2. Cor. 1. v. 6. & cap. 4.
241 2908 681 2959 v. 12, 15. Coloss 1. v. 24. 2. Tim. 2. 9, 10.
271 2949 804 2990 3. Ne confidamus in nobis ipsis. 2 Cor. 1. v. 9.
265 2987 966 3037 4. Ut confidamus in Deo, qui mortuos suscitat. 2. Cor. 1. v. 9.
270 3017 1022 3074 5. Ut nos & una alii nobiscum & pro nobis Deum tanto arden¬
233 3037 560 3093 tius invocemus, 2. Cor. 2. 11
270 3085 1008 3146 6. Ut piis liberatis Deus celebretur per multos gratiarum actio¬
246 3112 531 3154 ne pro nobis 2. Cor. 1. v. 11,
262 3150 1010 3212 7. Ut afflictionibus, velut igne quodam, excoquamur & perficia.
244 3180 1028 3235 mur ut tandem salutem consequamur. Psalmo 66. versic 10. 1. Petr.
246 3208 412 3258 1. 7. Cor. 1., 32.
1037 135 1876 202 8. Ut sint certum testimonium, justi illius judicii futuri 2. Thesi¬
1038 196 1094 243 1. 7.
1089 213 1794 268 9. Ut ne fidamus mundo, vel ab ipso pacem exspectemus.
1089 252 1867 298 10. Ut exercitatio illa per explorationem & martyria sit nobis ve¬
1068 294 1879 331 rus commentarius Scripturae Sacrae. Nam reddit nos attentiores ad
1061 323 1725 374 consolationes illas quas Spiritus Dei in Scriptura tradit.
1215 373 1724 442 Hec de exploratione divina & mar¬
1423 421 1494 477 tyrio
1096 466 1877 515 Αὕτζον seu precium redemtionis pro nobis, est afflictio quam solus
1078 508 1876 552 Christus Dominus loco nostro pertulit in anima & corpore ad satis.
1059 542 1462 585 faciendum pro nobis justitiae Dei.
1095 575 1885 618 Interdum una eademque afflictio simul est castigatio paterna ob
1083 612 1884 650 eccatum ut homo emendetur, & exploratio qua exerceatur & pro¬
1071 653 1885 691 betur fides, charitas, spes, patientia misericordia; ut quum fideles pa¬
1070 686 1889 725 rentes habent liberos aegrotantes, aut cum fideles ipsi adulti aegro¬
1069 711 1893 754 tant vel aliis modis affliguntur. Parvuli fidelium cur morbis crucian¬
1077 754 1883 794 tur aut etiam moriuntur? Ut majorum duritia contundatur, miseri¬
1071 783 1262 827 cordia probetur?
1096 819 1883 857 Interdum una eademque afflictio est simul castigatio paterna, ex¬
1086 853 1879 892 loratio & martyrium: ut cum fideles patiuntur persequutionem ob
1078 884 1374 938 Evangelium Jesu Christi.
1133 925 1832 994 Hactenus distinctio afflictionis peccatum consequu¬
1335 978 1609 1038 tae, si fines eius spectes
1095 1023 1671 1077 Ex effectis sumitur distributio generis in species
1111 1067 1882 1113 Species vero afflictionis plurimae sunt: ut privatio tot insignium
1071 1099 1892 1140 donorum animae & corporis, quibus homo ante lapsum ornatus fuit,
1070 1139 1886 1180 obscuratio imaginis Dei ad quam erat conditus, pravitas & corruptio
1073 1170 1882 1206 totius naturae peccatum sequuta, morbi innumerabiles, damna infi¬
1081 1203 1890 1243 nita, insecta noxia humano generi & pecoribus post lapsum Adami &
1080 1238 1896 1279 Evae a Deo immissa ad poenam hominum, ut muscae, vespae, cimices,
1081 1276 1883 1314 pediculi, &c. bellicae clades, fames, pestis, persequutio ab hostibus, re¬
1071 1313 1885 1347 rumpublicarum eversio, inopia, infamia, anxietas animi, curae cor
1079 1339 1895 1380 exedentes, vita laboriosa, aerumnosa ac brevis, & mille formae aliarum
1083 1375 1636 1412 calamitatum, quarum omnium coronis mors est
1116 1397 1889 1445 Attamen ad ternatium docendi causa revocari possunt: aliae enim
1084 1442 1899 1489 pertinent ad principium, aliae ad medium, aliae ad finem vitae hominis:
1084 1474 1256 1520 uniuscuiusque.
1111 1509 1898 1554 Si principium vitae hominis consideres, nascitur homo vere miser.
1074 1546 1890 1586 conceptus & formatus in peccato, orbatus animae & corporis bonis,
1095 1579 1888 1620 quae haereditatio jure possidere debebat, carens justitia & sanctitate
1076 1609 1231 1652 originali, &c.
1113 1643 1886 1685 Si medium vitae hominis spectes, innumeris malis is est expositus
1080 1677 1898 1718 internis & externis, exsul extra Paradisum, hospes & inquilinus in
1083 1712 1891 1750 his terris: terram maledictam esse sentit ex sterilitate ejus & duro la¬
1080 1747 1898 1789 bore quo colenda est: morbis variis est obnoxius, ἀτυχιματα & fata¬
1083 1783 1897 1826 difficilia experitur, &c. Mephiboseth ex casu claudicavit, Achaxia rex
1074 1809 1895 1858 Israelitatum per quendam clathrum in coenaculo suo cecidit & ae¬
1074 1852 1345 1898 grotavit 2. Reg. 1. v. 2.
1114 1882 1892 1937 Si finem vitae intuearis, certa homini mors imminet, & corporis in
1085 1917 1895 1960 pulverem terrae resolutio: sit tandem esca vermium. Multi etiam tra¬
1077 1948 1561 1994 gicos & ignominiosos vitae exitus habent
1116 1981 1721 2023 Mors autem primo est duplex: spiritualis & corporalis
1110 2014 1906 2064 Mors spiritualis, est privatio communionis cum Deo, & gratiae
1075 2050 1906 2087 Dei creaturam rationalem in aeternum vivificantis Unde anima Dei:
1072 2085 1883 2137 luxari dicitur ab eo, quem Deus tanquam abalienatum a commu¬
1076 2117 1481 2157 nione ipsius abscindit, Jerem. 6. v. 8.
1105 2149 1906 2189 Ea appellatur etiam mors animae: non quod sit animae interitus aut
1067 2189 1906 2226 extinctio, sed quod sit separatio animae a Deo, & sensus ac terror hor¬
1075 2220 1885 2263 ribilis irae & judicii divini in anima deserta atque abjecta a Deo. Sic
1074 2257 1892 2294 enim est mortuus Adamus, adhuc corpore vivens in Paradiso, juxta
1074 2292 1889 2330 comminationem divinam, statim ubi de fructu verito ederat. Sic ad
1071 2322 1886 2366 Ephes 2. 1 per peccatum dicuntur mortui, qui in illo absque conver¬
1072 2359 1880 2398 sione ad Deum vivunt: & c. 5 v. 14. jubetur surgere a mortuis, qui revo¬
1080 2394 1895 2435 catur a peccatis ad Deum, & justificatus regeneratur: & Paulus Rom.
1078 2424 1739 2467 7. se agnitione peccati sui & irae Dei mortuum fuisse dici:
1110 2458 1884 2508 Mors corporalis, est privatio vitae corporis, facta per animae ab ille
1063 2493 1453 2542 separationem propter peccatum
1105 2524 1892 2582 Ea homini integro naturale non fuit nec fuisset: 1. Quia est stipen¬
1075 2556 1226 2603 dium peccati,
1111 2588 1885 2641 2. Quia quicquid homini in statu integro naturalis fuit, a Deo
1070 2627 1214 2674 creatum est.
1101 2663 1723 2704 3. Quia est infirmitas quam in hac natura patimur.
1109 2686 1882 2738 4. Quia mors contra naturam est & contra ordinem a Deo in hu¬
1069 2732 1629 2773 mano genere principio creationis constitutum
1116 2765 1898 2810 I. Quia si mors, etiamsi homo non peccasset, naturalis fuisset; cur
1061 2800 1631 2837 non etiam morbus, senectus & ipsa ignorantia;
1100 2820 1886 2873 Estque mortis spiritualis appendix, tunc quidem cum Adamus pec-
1081 2864 1837 2907 casset dilata ex Dei misericordia, ut genus humanum servaretur.
1111 2893 1888 2937 Mors autem haec electis & credentibus in Jesum Christum non est
1071 2933 1886 2975 pro peccatis satisfactio; sed est peccati abolitio, & transitus in vitam
1078 2972 1623 3006 aeternam. Joh. 5. v. 24. Philip 123. Rom. 2. 24.
1117 2996 1577 3038 Secundo mors vel prima est, vel secunda
1107 3039 1895 3082 Mors trima, est in quam primo per peccatum homo incidit: de qua
1086 3062 1211 3104 iam dictum
1108 3094 1902 3142 Mors secunda, est cui tum animae tum corpora damnatorum, id est.
1074 3137 1888 3170 toti homines addicuntur & traduntur in aeternum, Matth. 10. v. 28.
1087 3167 1902 3210 Haec est horribilis & tremenda illa mors, quae omnes damnatos ma¬
1084 3204 1787 3247 nebit: stagnum videlicet aeterni ignis infernalis. Apoc. 20. 14.
1119 3231 1745 3281 Fideles vero ab illa non laeduntur, Apoc. 2. v. 12 & 20.
