2063 3454
216 178 987 230 SI SUBJEETA spectes, afflictio peccatum consequuta, vel interna
181 210 968 264 est, vel externa Interna, anim: ae est: externa, corporis. Nam poena.
180 252 964 289 peccati non solo corporis cruciatu aut vitae hujus mortalitate meti¬
184 285 964 330 enda atque desinienda, sed animae etiam afflictione gravissima, nempo
178 311 857 354 ignorantia Dei & rerum divinarum, mala conscientia, &c.
220 345 755 386 Rursus e subjectis duplex est: publica & privata
216 377 970 419 Publica ufflictio, est cujus sensus uno eodemque tempore ad plures
180 413 969 458 pertinet, cujusmodi est A luvium, vistatio urbium per terraemotum
189 449 971 491 aut per incendia, bellum, clades publica, malae bestiae, pestis, ficcitas diu¬
185 477 979 516 turna, 1. Reg. 17. pluvia intempestiva seu nimis diuturna, unde terra
191 514 973 545 nascentia laauntur, fames, tyrannis, persequutio, Ecclesiarum disper¬
183 546 965 590 sio, bonorum Principum obitus, communis servitus, seu commune exsi¬
183 581 973 617 lium omnium aut multorum, haeresis, schisma. Exemplum est in sub¬
189 612 973 649 versione regni Israelitici, item regni Judaici. Pii Principis obitus est
198 638 972 689 plerunje publicarum calamitatum primordium, ut Josiae pii regis
194 672 482 717 Judae exemplum ostendit
231 708 968 748 Privata afflictio, est cujus sensus ad singulos pertinet, ut morbus
195 741 979 786 dolor, amissio honorum & boni status, mopia, infamia, mors; & si quid
190 778 886 815 velut domo clausum, in uno singuloque homine consideramus
232 805 983 848 Distinctio haec afflictionum non est vana: quia gravior est afflictio
205 842 972 881 publica, quam privata: & revera aliter is luget & alio quodam sensu
197 875 985 914 qui cladem patriae, qui exsilium, exitiumque multorum, quam qui
198 910 981 943 unius suum.  Gravissimus certe dolor est videre, patriam non una;
194 942 974 978 clade premi, passim agros vastari, diripi, oppida incendi, everti, homi¬
192 977 985 1026 nes capi, caedismatronas pol ui, virgines vitiari, & quae alia comitati
196 1005 362 1048 solent bellum:
235 1035 974 1086 Hujusmodi dolorem hauserut & testati sunt etiam Prophetae ipsi
202 1069 977 1113 deplorantes & lamentantes publicis calamitates patriae, velut Jer. o¬
196 1108 977 1146 4. 19. 29. Viscera mea, viscera mea, doleo, praecordia mea, fremit mihi co¬
201 1147 977 1182 meum, non possum silere: Nam sonum buccinae audis anima mea, clango
192 1175 992 1211 tem belli, Contritionem super contritionem proclamari, quia vastanda
195 1205 982 1245 est tota haec terra: repente vastabuntur tentoria mea, momento aulaei
195 1237 868 1280 mea Et in Threnis seu Lamentationibus capitibus quinque
238 1269 983 1313 Amplius e subjectis afflictio est hominum omnium ordinum
199 1301 469 1347 summi, medii & infimit
237 1332 996 1375 Nam ne Reges quidem exemti sunt afflictioni: nulla exceptio
207 1368 986 1408 eos a poena tuetur, nullum privilegium contra morbos, contra mor
207 1404 349 1442 tem habent:
471 1464 734 1508 CAPUT V.
306 1510 889 1563 In quo de statu naturae corruptae hominis.
217 1564 995 1652 Xmalo culpae & afflictionis evidenter cognosci potest, qualis
230 1599 997 1642 sit status naturae corruptae hominis, infelix nimirum, in que ho¬
246 1632 986 1673 mo per tristissimum lapsum incidit & in quo displicet Deo. No¬
204 1671 992 1706 minatur etiam stitus defectionis, status peccati, status corruptus, statu¬
201 1706 996 1743 corruptionis, status in carne, Rom. 7. 5. illum nos diligenter conside¬
205 1735 998 1773 rare decet. ut intelligamus quae bona amiserimus in Adamo primo &
219 1770 993 1804 que receperimus in Adamo secundo. Quemadmodum autem do¬
204 1796 1019 1838 ctrina de integro statu hominis est Theologica φυσεολογικη: ita do¬
212 1828 910 1870 ctrina de statu hominis corrupto est Theologica παθεληγικη
243 1852 1004 1899 STATUS CORRUPTI haminis, est conditio hominis illa, quam
212 1893 993 1936 homo aversus a Summo Bono. avertit a se bonum & sibi accersivit
207 1930 995 1970 malum quo totus periit, miser factus tum anima tum corpore tum
207 1962 373 2003 externis bonis.
243 1983 989 2035 Si anima spectemus, horribiliter destructa est in ea DEIimago
215 2027 1004 2071 a quam conditus fuerat Adamus, ita ut illa prope sit deleta, ac vix
217 2055 572 2104 tenuia ejus vestigia sint relicta.
246 2082 992 2126 Nam anima, quae prius & naturaliter & spiritualiter immortalis
220 2124 991 2163 fuerat, spiritualiter est mortua, separata nimirum a vivifica commu¬
221 2155 991 2201 mone cum Deo, Ephes. 2. 1 & 4. 18. etsi naturali vita immortaliter vi¬
219 2185 990 2232 vat necesse est, at qualis vita, in qua satius fonet non nasci, quam non
228 2218 1002 2261 ab ea moriiut ait Bernardus Serm. 81. super Cantica. Vitae etiam
220 2251 1001 2298 beneficium suo corpori jam non sufficit vendicare, ut idem Bernat¬
220 2291 464 2337 dus inquit, Serm. 82.
269 2315 997 2364 Quod ad ratiorem seu mentem attinet, plane vitiata est & intelli¬
240 2355 434 2401 centia & voluntas.
260 2385 995 2424 Intelligenti pars animi nobilissima, extincta luce sua, est obtene
228 2415 1004 2464 brata, & densissima ignorationis caligine obscurata, ac in ratiocina¬
225 2452 1017 2497 tionibus suis vana facta, Eph. 4. 18. Rom. 1 21. quumque a bono a¬
224 2490 1007 2530 versa & ad malum conversa sit, falsum pro vero, malum pro bono po¬
231 2520 372 2564 nit & judicat.
273 2532 1006 2591 Unde conscientiae lux illa naturalis quae in homine pure υχικας
236 2587 1010 2633 qualis quilibet est a natura, residua est, sola & adventitio e caelis lu¬
242 2612 1015 2662 nine destituta, tenebris deputanda est: quapropter homines in
232 2644 1014 2695 Scripturis Socris tenebrarum nomine indigitati sunt, Joh. 1. v. 5. & in
228 2689 706 2727 tenebri: umbraque mortis jacere dicuntur
266 2710 1007 2759 Quod ti illum ipsum oculum mentis nostrae & lucem conscientia¬
231 2742 1008 2790 in tenebratum numero poni necesse est: quantae, obsecro, tenebra
237 2782 767 2840 (ut Christus argui: Matth. 6. v. 23 ffutura sunt,
269 2809 1010 2858 Eandem conscientiam in statu poccati homo malam habet, qua
237 2851 722 2895 ac: usat, condemnat & perterret hominem
276 2870 1010 2920 Porro ut bonum distinctum est: ita etiam hominis corrupti intel¬
239 2918 1018 2964 ligentia diversimode se ad iliud habet. Nam bonum naturale & bo¬
231 2949 1012 2991 num morale humanum aliquatenus cignoscit: Rom. 1. 19. & c. 2. v.
238 2971 1010 3025 14. 15. sed cognitio illa non est vera, quia errat in modo veri & aber¬
232 3006 1022 3057 rat a fine suo vero. Supernaturale autem bonum. id estrres divinas,
236 3041 1023 3087 nempe Deum & quicquid est Dei, vera ac salutari cognitione non cog¬
231 3072 1022 3116 noscit nec potest cognoscere: Sed ut est συχιιος, id est, animalis, est
238 3112 1015 3151 stultus & demens, & intelligentia salvifica destitutus rerum divina¬
237 3147 694 3191 tum, Ps. 14. v. 1. Prov. 9. 4. 1. Cor. 2. v. 14.
271 3162 1022 3226 Non cognoscit verum & summum bonum, quodnam & quale
1009 188 1807 233 sit & quae ejus consequendi ratio, etsi universe & bruto quodam in¬
1011 231 1811 275 stinctu bonum desideret, Ps. 4. v. 7. Multi dicunt, quis efficiat ut foua¬
1023 255 1144 297 mur bono:
1059 287 1802 334 Voluntas spoliata nativa rectitudine, est aversa a sanctimonia &
1021 316 1809 367 justitia ad impuritatem & injustitiam per obduratiouem cordises de¬
1026 362 1811 402 ceptiices cupiditates, unde affectus paulatim ad malum assuefacto;,
1022 394 1814 434 tandem amisso judicio oportet ad turpissima quaevis praec pites fer¬
1030 420 1807 463 ti. Ephes. 4. v. 28, 19, 22. Rom. 2. 21. Ps. 5. v. 10. & 10 a v. 3. usque ad 2.
1019 454 1810 498 & 14. 1. & 53. 2. & 36. 2, 3. 4, 5. & 140. 3. 4. Jesa. 59. v 3. & seqq ali¬
1041 486 1369 530 uot, Rom. 3. a v. 9. usque ad 19.
1055 517 1811 562 Eadem orbata est libertate eligendi bonum, & captiva & serva fa¬
1032 546 1809 593 cta peccati atque miseriae, Rom. 7. 14 Joh. 8 34. Voluitas nim est sait
1032 588 1807 626 Bernatdus) quae se, quum esset libera servam fecit peccati, peccato asse n¬
1026 617 1805 672 tiendo, voluntas nihilominus est, quae se sub peccato tenet uoluntarie ser¬
1024 647 1310 694 viendo, Rom. 6. 16, 17, 26.
1063 682 1807 725 Mansit quidem libertas a coactione quum volun ati sit essent a¬
1030 709 1811 762 lis & ab ea separati non valeat, quin essentia voluntatis destruatur:
1030 749 1810 794 sed amisit libertatis illius rectitudinem; amisit libertatem ad bo¬
1039 785 1811 826 num, in-primis spirituale & caeleste; amisit libertatem a servituter
1038 817 1817 858 quum homo culpa sua, seipsum peccato illiusque tyrannidi mancipa¬
1036 856 1748 893 verit; amisit libertatem ab onere miseriae peccatum comitantis:
1060 882 1814 921 Ergo post Adami lapsum, in statu peccati habemus quidem &
1038 917 1809 958 retinemus tum intelligentiam, tum voluntatem per quas tanquam
1035 949 1813 982 esseutiales formae seu animae humanae partes a brutis & lapidebus
1039 977 1805 1020 differimus: sanam tamen inteliigentiam & bonam voluntatem ad
1030 1014 1821 1052 misimus, Manserunt sane in nibis post pec atum κοναι εογυιαι, ex
1047 1046 1817 1085 quibus quid verum, quid falsum sit homines in rebus humanis ple¬
1045 1080 1811 1115 tunque dijudicant & certis praeceptis confirmant: sed quandam veri &
1048 1110 1827 1153 alsi a natura s:ientiem, justique & injusti conscientiam duntaxat in
1039 1142 1817 1179 nobis a lumbratam, ac non expressam eorum forniam, reipsa obti¬
1039 1176 1811 1209 nemus: sic ut in rudibus iilis crassisque scientia nostrae & conieentia
1035 1206 1825 1245 lineamentis, Deus in mentibus nostris (ut ita dicam) μόνογραμμαςο
1040 1242 1825 1280 tanquam vestigia & reliquias tenues priscae illius suae imaginis con¬
1051 1272 1214 1312 ervari voluerit,
1086 1300 1817 1351 praeterea etiam possibilitas omnis seu capacitas recte intelligendi
1049 1333 1816 1378 & bene volendi non perut in nobis per pccatum non enim est nobis
1052 1372 1816 1408 prorsus adem: a ut diabolis, sed aliqua remansit: ea tamen nullo mo¬
1048 1409 1826 1441 do a nobis ipsis in actum deduci potest, perque eam actu & reipsa res
1060 1439 1818 1479 pirituales & caelestes vere cognoscere & opera pietatis velle nequa¬
1048 1476 1823 1515 quam possumus, nisi a Spiritu Dei regenerati & ad utrunmque cap ces.
1056 1503 1817 1542 & idonei redditi simus: sic ut vere affirmemus, naturalem possibilita¬
1050 1534 1528 1576 tem ad bonum per peccatum amissam esse.
1098 1565 1832 1606 Quod ad gloriam primaevam attinet, & illa homo post lapsum ex¬
1051 1599 1826 1640 cidit perdito jure filiationis. & ex filio Dei factus est servus peccati,
1054 1634 1813 1667 imo & filius mancipiumque diaboli: Quisquis enim operam dat peccat:
1054 1655 1832 1702 servus est peccati, ut Dominus ait Joh. 8. 34. Et ibidem v. 41. dicit ad
1053 1697 1832 1734 Judaeos: Vos facitis opera patris vestri, & v. 44. Vos ex patre diobolo e¬
1063 1732 1829 1775 tis, & cupiditates patris vestri vultis exsequi1 Joh. 3. 8, 9, 10. Qui dat
1059 1764 1832 1807 operam peccato, ex diabolo est: quoniam a principio diabo, us poceat. Ad
1048 1793 1827 1829 hoc patefactus est Filius Dei ut dissolvat opera Diaboli. Quisquis notus
1046 1832 1838 1865 est ex Deo, peccato non dat operam: quoniam semen ipsius in ro manit:
1047 1865 1832 1902 nec potest peccare, ro quod ex Doonatus est. Per hoc manfesti sunt fli
1047 1892 1834 1937 Dei & filii diaboli: qui, quis non dat operam justitiae, non est ex Deo, &
1060 1928 1376 1969 qui non deligit fratrem suum.
1073 1950 1835 1994 Ex his planum est quid imaginis Dei residuum sit in homine cor¬
1041 1995 1827 2026 rupto. Remansit enim substantia animae; remanserunt essentiales a¬
1050 2028 1834 2066 nimae facultates, intellectus & voluntas: remanserunt proprietates
1057 2053 1826 2091 ssentiales, ut naturalis aliqua notitia, ratiocinatio, judicium & intel¬
1047 2089 1823 2125 lectus, libertas a coactione in voluntate, remansit taturalisvita & im¬
1049 2124 1820 2156 mortalitas animae Itaque imago naturae non est penitus deleta per pec-
1053 2155 1836 2189 catum Adami & Evae, quod misericordiae Dei erga humanum genus
1058 2193 1826 2232 acceptum ferendum: attamen er parte est amissa, & quicquid residus
1053 2218 1590 2258 um est, misere corruptum atque deformatum est.
1089 2247 1834 2291 Rectitudo autem omnis, id est, sanitas & integritas intelligentiae
1051 2285 1829 2322 atque agnitionis Dei & rerum divinarum, justit: a & sanctitas origina
1059 2315 1833 2351 is, quibro praecipue divinae naturae homo consors erat, penitus est de¬
1066 2345 1830 2383 eta, extincta atque amissa; ex gratia autem Dei restituitur electis per¬
1051 2383 1832 2417 Spiritum Sanctum regeneratis:; unde &ago gratiae nominatur Ho¬
1053 2417 1826 2451 mini quidem integro naturalis fuit, id est, cum natura hominis crea¬
1056 2445 1828 2483 ta: sed per peccatum amissa, & per regenerationis gratiam in homini¬
1065 2475 1628 2515 bus electis instaurata merito imago gratiae vocatur.
1077 2501 1834 2551 Si vero corpus in ueamur illius membra sunt serva impuritatis &
1065 2539 1829 2578 niquitatis ad patrandam iniquitatem: tum secundum illud ho¬
1062 2574 1829 2614 mo obnoxius est variis calamitatibus, morbis, morti deni¬
1074 2608 1152 2652 que ipsi
1095 2630 1828 2674 Proinde naturalia quaedam amissa sunt peccato. veluti justitia ori¬
1061 2671 1825 2721 ginalis, libertas & possibilitas naturalis ad bonum, immortalita.
1059 2709 1796 2752 corporis, &c. & nequaquam post lapsum manserunt aut pura sunt:
1101 2734 1826 2778 Praeter bona naturalia amissa est etiam supernaturalis gratia & fa¬
1065 2770 1835 2809 vor Christi & supernaturalis splendor Spiritus Sancti irradians ani¬
1072 2801 1495 2848 mam, ut & supernaturalis vita animae.
1098 2829 1826 2874 Si externa bona spectes, amissa nuditate primaeva, multis rebus
1064 2866 1825 2909 homo jam eget ad tegendam nuditatem pudendam nec ssariis. for¬
1070 2902 1832 2940 ma corporis vel leviculo morbo, aut quocunque alio calu corrumpi
1064 2929 1827 2971 tur, & robur debilitatur; ejectus est homo Paradiso, & dum hic ret
1072 2970 1831 3008 satur, est in exsilio & peregrinatur a Domino: besuas. in qua comi
1071 2997 1840 3038 nium acceperat, & quae i lum metuissent, nunc ipse neiui, horre
1072 3031 1834 3070 & fugit: peccato suo & defect one a Deo totum naturae ons num
1078 3061 1835 3100 pervertitin caelo & in terra, sic ut omnes cieaturae ingem: icunt
1074 3102 1847 3138 corruptioni obnoxiae, non volentes, Rom 8 22. nec ampius ita fer¬
1074 3123 1844 3168 viunt & prosunt homini corrurto, ut integro serviisset & profuis¬
1077 3156 1849 3202 sent, in cujus ulum conditae fuerat: haec pars est poenae & miseriae quam
