2063 3385
186 158 973 210 tiam assuunt, quae non partes seu dogmata, sed ulcera, sed naevi verae Phi¬
192 204 970 243 losophiae sunt, neque ulla solida ratione confirmari possunt, ideoque iniastum
183 235 973 276 est, eorum nomine veram philosophiam mace audire: Ex vero enim
189 269 967 311 nihil nisi verum sequitur. Alterum est, quod Philosophica principia, ho¬
192 302 973 342 est, lux naturalis non sufficit ad integram & veram Dei & uoluntatis
201 335 980 369 divinae cognitionem consequendam: partim quia Filius Dei protulit
190 366 983 408 ex ercano sinu aterni Patris, novam doctrinam, videlicet Evangelii, quae
198 402 974 442 omnium angelorum & hominum sapientia inveniri non potuisset; par¬
190 430 965 474 tim quia etiam legis divinae notitia naturalis per peccatum obscurata &
189 474 971 505 mutilata est, at proinde diuvinis repetitionibus & declavationibus com¬
204 497 980 533 plenda fuit. Non itaque ex naturali lucerectae rationis, seu philosophia,
205 531 979 574 sed ex oraculis divinae vocis, principia sumeda & discenda sunt, ex quibro
198 563 974 603 de veritate & falsitate omnis doctrinae Ecclesiasticae judicetur & pronum.
204 597 964 629 cietur. Quod si aute alicubi Verbi Dei & rectae rationis testimonia con¬
201 626 973 663 sentire videmus, tanto firmior debet esse fidei certitudo. Ad haec implo¬
201 657 977 693 randa est Spiritus S. gratia, ut quae a Prophetis & Apostolis recte dicta.
208 690 971 726 sunt, nos recte intelligamus. His positis, apparet jam alter usus rectae ra¬
196 725 968 762 tionis in rebus divinis intelligendis & dijudicandis, nimirum rationis:
208 762 984 799 Spiritu S. illuminatae per voce caelestis doctrinae, & ex crincipiis & axio¬
204 790 980 833 matibus non natura cognitis, aut humana autoritate constitutis, sed in
201 822 983 858 Scriptura Prophetica traditis, secundum normas bonae & necessaris.
198 858 985 896 consequentiae, a Deo rationali creaturae impressas, considerantis & judi¬
208 890 989 926 cantis, quomodo partes doctrina caelestis inter se cohaereant, & se mutuo
208 920 989 963 stabiliant, quod ex illis corsoctaneum, quid cum illis consentaneum, quid
208 961 965 1002 ab illis dissentaneum sit, cum illis cor sistere aut non consistere valeat
236 981 986 1025 Hunc usumrationa in rebus sacris, adeo non improbat Deus, ut il¬
208 1013 986 1058 lum etiam secerissime requirat; ino propter hunc usum praecipue natu¬
202 1054 992 1092 ras intelligentes condidii, ac normas judicandi ac discernendi verum a¬
225 1081 982 1122 also, certum ab incerto, illis inse vit, ut probare fossint, quid sit acceptum
213 1115 988 1154 Domino: ne sint pueri intelligentia sed malitia pueri, intelligentia ve¬
216 1148 995 1187 Io idulti sint: non fluctuent & circumferantur quovis vento doctrinae,
231 1179 988 1221 a hominibus alea; veteratoria ad insidiose fallendum versutia: Omnia
219 1214 988 1250 sciant explorare & quod bonum fuerit, retinere: praecipue vero docenter
231 1249 988 1288 int ad dicendum idonei, & concradicentes possint convincere, illisque o¬
222 1278 1000 1322 obturare. Et sicut inter veram Philosophiam & Sacram Scripturam
225 1314 992 1350 revera non est contradictio, & si qua videtur esse, id hominum, sive in
235 1347 992 1386 philosophia, sive in doctrina Ecclesiae, errere sit: sic etiam res explicans
228 1376 988 1418 di, ratiocinandi, probandi & refutandi, videmus non alia servare Epi¬
207 1408 1001 1445 ritum Dei rationem & formam, nisi quam sana Philosophia monstrat.
255 1447 998 1484 Quod si itaque Theologi nos accusant, quod secundum ratienem expli¬
220 1478 1001 1516 comus Scripturam, tanquam nitentes principiis raticat humacae notus
223 1511 1004 1550 extra verbum Dei, aut vehementer de nobis errant, aut scientes nos
213 1545 991 1583 afficiunt atroci & manifesta injuria. Non enim opponimus llis argu¬
213 1577 991 1614 menta ex Phelosophia, sed ex verbo Dei & articulis fidei, rationi pro¬
212 1606 1000 1650 sus ignotis, desumta. Nam si quid in Scriptura Deus cradit quod etiam
221 1639 1000 1680 natarali luce hominihus notum fecit, id nen propterea sic die ndum est,
220 1670 1001 1716 philosophicum, quin simu: sit Theologitum. Quae enim esset iniuria in
219 1707 998 1740 Scripturam Sacram, & quanta divinarum & humanarum reru i¬
222 1739 998 1772 conturbatio, si vox Prophetica & Apostolica proptereal esset exciodens
219 1772 902 1805 da, quia judi: ium rectae rationis ei uo testimonio suffragetur:
259 1798 1003 1838 Sed niceni facile emnes cordati, Theologos istos, quia quae ex verbo
222 1830 1006 1870 Dei illis obij tantur, non possunt refutare; ideo conari ill. hoc praetextu¬
229 1867 997 1904 clevare quo sint cogitationes Philosophicae & humanae, ut imperiti
228 1897 1000 1935 persuadrait, dign, tatem Theologicam respondere ad ea nun ne cesse ha¬
228 1928 997 1970 bere. Sin vero hoc in nobis reprehendunt, quod illos pessime habere
220 1959 1010 2003 res ostendit, nimirum quod non clausis oculis & mentibus, quocudque ipsi
222 1999 1006 2036 ducunt, sequimur, sed exemplo Berocensium, scrutamur Scripturas, an¬
233 2027 995 2070 esta sic habeant, quae ab illis dicuntur, examinamus illorum dogmati
224 2059 996 2104 & argumenta, an cum verbo Dei congruentibus principiis, & prob¬
225 2093 998 2131 consequentia nitantur: non sane dubitamus fateri, nos rectae ration:
237 2122 998 2170 judicium tam in diuinis, quam in humanisribus intelligendis adnibes
224 2158 995 2203 re. Existimamus enim, sicut is, qui docetur de coloribus, aut qui po¬
241 2194 997 2235 nia ambulat, non peccat, si utatur oculis, & si hoc non faciens fallatur.
234 2221 1006 2266 aut impingat, merito deridetur & vituperatr: Ita nos tum demum in
234 2261 1009 2298 accusationem & poenam iustum incursuros, si in hunc usum datos nobis
231 2291 1003 2330 a Deo mentis oculos non aperiamus, ad expleran: a ea, quae nobis De¬
231 2323 1003 2363 nomine ab hominibus proponuntur credenda, & ad ambulandum ac¬
237 2353 1007 2393 curate, non tanquam in sipientes, sed tanquam sapi ites, in via pericu¬
246 2387 1013 2434 osa, quam ad salutem tendimus. Nusquam gerniciosior est abusus no¬
243 2420 1010 2464 minis & doctrinae philosophicae, quam in doctrina Ecclesiae. Est autem
238 2457 1024 2498 abusus Philosophiae, &n confusio cum Theologia, quum praetextu sibe.
252 2484 1004 2523 thilosophiae sive Theologiae singuntur falsa principia, & ex illis folso
242 2520 1013 2558 dogmata defenduntur, quae cum Philosopia & Theologiu vera pugnant:
238 2552 1016 2591 cum Philosophia, etiam vera, fingitur suffiune ad docendos hom, nes de¬
238 2589 1013 2622 Dei & cias cultu, & salut: homieum: quam dognaara Ecclesiae igno¬
238 2617 1003 2653 ta rationi, deducuntur, non ex divinis oais, iud ex rationioι. Philo
240 2654 1009 2692 sophicis: cum, quae Phuosophi. de rebus siut sabieetis: ecte pronunciat
235 2680 1010 2725 ad res diuvinas e, ctenduntur, ad quas minime ngruun, & quas Phi¬
234 2711 1001 2752 losophia ignorat, & de quibus non loquitur: Cum opimones aut Iatu
241 2745 1004 2786 tiones, quae etiam in relius: hilosophicis usurpatae, sunt interiae, umbi
234 2781 1009 2826 guae, impropriae, oliseurae & santilitatis otiosae, transferuntur ad res Thro¬
237 2811 1015 2850 logicas, quae idlis involvuntur, & in pugnas disftationum iutiles con¬
238 2848 1006 2884 vertautur, aut quum appellationes & plases aiinsophicae, ulteno sen¬
242 2873 1018 2915 su, & novis acaguitatibus sermonis, vasre excogiti is, usurpantar in
237 2917 1018 2962 doctrine Ecclesiae, ad quaerenda effugii, & sauendes eos, qui insuetum
237 2950 580 2994 giius, irinonus a an intelligunt
271 2965 1015 3014 Hie Phiicsophiae & rationis abusus aetate superiori peperit nobis
235 3008 988 3057 Theologiam Scholasticami, qualem fere nonis recudunt hi Th. vιogi.
279 3038 1022 3077 Vaera autem diicretio sun: inis rationis & gratiae, & ujus iigamus
249 3069 992 3115 rationis is rabus fides, est, quum harmonia veritatis divi ctus pacese
237 3107 1015 3142 ct rui etur: defectus lucis naturalis, & tenebrae menta numa nae :
237 3136 1026 3180 Dei, cinciss voluntate & operibus, considerantur: philu, ophica dogmata.
1016 180 1794 231 ex natura notis; Ecclesiastica ex revelatis praeter naturam principii
1030 213 1799 264 explicantur & exstrunrtur: terrena sapientia per coelesiem. corr, gitur
1030 245 1792 292 exorbitans, &i coepletur deficiens: & secundu n normus & metas ar¬
1032 277 1800 332 tium iudicandi de vero ac falso, & res xolicandi a Dio monstratas,
1038 311 1589 363 am sacra quam profana tractantur & desputantus.
1056 343 1790 387 Hoc famulitiu, & hic usus Philosopl aacrationis in rebus sacris
1026 368 1791 430 non taium concessus & utilis, sed etiam necessarius est: Proferat,
1039 411 1795 456 quis hoc in dubum vocat, ullum e Saipture S tera argume:tum, quod
1035 446 1798 485 ad regulis bone onsequentiae, a Philosocisis eruditis annotatas, non
1038 476 1802 516 congrunt. Vo: e qui sine dscrimine clamant porpetuo, de excludenda
1039 509 1805 553 ratione h. 1 aa, a tractatione rerum sacrarum, id videatur postulare;
1030 541 1798 585 u: homines sint animalia bruta, quibus ipsi tanquam vulpes anseri¬
1026 572 1487 612 ba, impune quidvis concionari possint.
1071 605 1793 655 Summa est, quod non ex Philosopnia, sed e Scripturae Sacrae penetra
1039 634 1802 686 libus hausimus principia & fundamenta, quae adversariis opponimus
1035 662 1795 714 de natura & usu Sacramentorum Ecclesiae, de loquutionibus Sacra¬
1036 703 1792 750 mentalibus, de veritate carnis nostrae in Christo, de eius ascensu in co¬
1038 731 1786 784 lum, communione Sanctorum cum ipso, & praesentia ipsius in minist
1030 766 1801 806 rio & in Sacramentis: Eadem tamen ratione & via, qua Philosophi
1045 801 1802 839 ias conclusiones ex philosophicis principiis, etiam theologicus ex theolo¬
1039 835 1802 871 gitis deducere, hoc est, cum contradicentibus non ex ratione, sed tantum
1039 866 1826 909 secundum rectam rationem disputare, ipsius Dei nobiscum in verbo suo
1032 897 1349 938 loquentis exemplo d dicimus
1075 926 1731 975 Patefactio Dei supernaturalis. vel interna est, vel externa.
1072 962 1822 1003 Interns, quae sit per verbum internum, quod cordibus singulo¬
1044 995 1814 1041 rum Ecclesiae suae membrorum universe & singulariter Deus indit;
1050 1025 1817 1077 eterni sui Spiritus communicatione, Psal. 25. 14. Matth. 16. v. 17.
1053 1057 1380 1101 Joh. 6. v. 45. 1. Joh. 2 20, 27.
1071 1092 1817 1138 Externa, quae sit per verbum Dei foris annunciatum, quod in di¬
1042 1123 1820 1165 vino illo instrumento caelestis salutaris que sapientiae, quod Deus
1050 1155 1820 1202 Prophetarum & Apostolorum servorum suorum manibus exara¬
1053 1193 1816 1229 um, in sacrario Ecclesiae suae deposuit, divina sua autoritate & virtu
1047 1225 1819 1277 te Spiritus sui obsignavit, ut constanter in ore fidelis populi & semi¬
1054 1252 1538 1296 nis ipsius resideat in secula. 2. Cor. 2. v. 14.
1089 1288 1826 1337 Uitraque patefactio est necessaria: Ut enim ad Solis percipiendam
1060 1325 1829 1371 ucem, utrumque nobis necessarium est, Sol & oculus noster, quo¬
1059 1357 1820 1396 rum ille nobis foeneratur lucem, hic communicatam percipit (nam
1054 1381 1829 1428 sine oculo frustia lux Solis futura esset, quemadmodum & frustra¬
1052 1420 1830 1468 oculus sine Sole;) Ita ad salvificae lucis communicationem praestari¬
1057 1448 1831 1497 haec duo nobis opus est a Deo, lucem gratiae foris, cujus Scriptura
1053 1479 1828 1527 Sacra instrumentum: & lucem gratiae intus oculumve fidei, cujus
1051 1522 1835 1558 singulariter autor & effector est Spiritus ille Christi, qui omnia in
1055 1550 1831 1587 omnibus operatur, ut qui anima sit Ecclesiae Christi, totum corpus
1062 1582 1828 1633 & singulas partes illius seu membra singula in toto corpore vivifi¬
1053 1621 1716 1652 cans, omniaque ἐπιχρρηρῶν ex demenso donationis Christi¬
1095 1648 1832 1690 Duplex haec patefactio in electis Dei conjuncta et, non autem
1066 1685 1841 1721 opposita, ita ut una alteram excludat: sed per utramque communicat.
1053 1719 1835 1753 nobiscum sapientiam suam salvificam, & quod per Sacram Scriptu¬
1054 1752 1828 1787 tam patefacit foris, idem per Spiritum Sanctum manifestat in cordi¬
1053 1777 1835 1818 bus. Nec enim aliud per Scripturam foris, aliud per Spiritum San¬
1065 1809 1831 1850 ctum in cordibus revelat, sed unum idemque. Porro externa reve¬
1061 1851 1832 1890 latio est communis quae per commune illud instrumentum, nempe
1053 1879 1831 1915 verbum Dei, quod nunc habemus in S. Scriptura, electis & reprobis
1066 1907 1825 1947 praestatur communiter. Externa patefactio Dei per verbum, suffi¬
1053 1938 1825 1979 ciens quidem est quoad notitiam, sed non quoad effectum: interne
1066 1973 1837 2015 autem per Spiritum S est sufficiens non tantum quoad notitiam, sed
1063 2005 1831 2042 etiam quoad effectum. Et sit vel terrene modo, vel caelesti Joh. 3. v. 12.
1056 2035 1832 2082 Etsi enim sapientia rerum divinarum est una & eadem: modus ta¬
1054 2069 1595 2103 men docendi eain est duplex, terrenus & caelestis.
1091 2099 1829 2146 Terrinus docendi modus, est qui accommodarus est infirmitat
1050 2125 1837 2170 hominum, qui ut terreni sunt, ita terrenis rebus assueti sunt & faci¬
1060 2164 1825 2204 lius capiunt quae typis a relius terrenis sumtis explicantur, cujusmo¬
1059 2198 1825 2249 di sunt similitudines, exempla, &c Sicut Paulus ait Rom. 6. 19. He¬
1068 2232 1660 2266 minum more loquor, propter i firmitatem carnis vestrae.
1089 2260 1833 2308 Similitudinibus & exemplis Deus in Scriptura utitur frequentis¬
1059 2293 1832 2332 sime ad evidentiam, quia res veluti sensibus externis subjiciunt, &
1069 2325 1823 2368 locendae imperitiae nostrae valde commode serviunt: sunt enim ve¬
1065 2366 1833 2403 luti imagines quibus res ipsae ante oculos nostros depictae cernuntur.
1093 2390 1829 2433 Sumuntur similitudines a rebus vel creatis a Deo, vel arte huma¬
1086 2419 1159 2462 factis.
1090 2455 1838 2497 Exempli causa, stellae innumerabili multitudine & pulcherrima
1069 2477 1826 2529 serie in caelo dispositae, sunt imago vere fideliim, qui sunt filii Abra¬
1075 2522 1834 2562 ami secundum promissionem, spiritum & fidem. Arena vero in lir¬
1069 2555 1829 2595 toribus vel locis arenosis est imago infidelium, etiamsi essent filii A¬
1070 2587 1838 2628 brahami secundum carnem; sunt enim infructuosi & doctrinarum
1066 2622 1835 2661 malarum morumque malorum bibuli. Genes. 2.. 4. stinus Murtyr.
1059 2660 1830 2692 colloquio um Tryphone Iudaeo. Malltus figurat verbum Dei Ut enim
1071 2683 1829 2722 malleus efficit ut dissiliat petra: ita Verbum Dei perfringit homines
1074 2716 1835 2752 sacia: & duros. Jerem. 23. v. 29. Securis & serrusunt iniagi eorum
1068 2749 1834 2793 Fauuum, aquibus Deus utitur ad castigandos fideles & punicudos
1069 2780 1306 2826 lein Jesu. 10. v. 15.
1171 2808 1837 2850 pculaiua ipsius mole dissilien: & corruens & maceria rui¬
1071 2851 1842 2895 uc:ae in pulla ilii negos: dejicitur, est imago improborum,
1071 2883 1681 2929 (uaaacolorin, nequi, iam conisfitaut. Psal. 42. v. 4.
1095 2917 1848 2962 cuua dig rat, poitum Sanctum quo obsignati sunt credentes;
1078 2940 1161 2982 PU T:
1102 2961 1852 3014 ui sdendi, est qui congruens est perfectis & caelitus
1072 3006 1852 3049 ceisiiuis anefiliore le Sp ritus Saucti, 1. Corint. 2. v. 4. & sequen¬
1077 3036 1396 3081 c. lius cudisue ad fine in capatis.
1110 3070 1819 3113 a dldaus patera tin Dei sit tum per doctrinam caelestem nobis tevi
1072 3100 1610 3146 ddadau Tttetaim suturarum praedictionem.
