2063 3450
177 213 984 253 vis non autorizato, Scripturam Sacram proferenti, quam toti Con¬
190 252 977 289 cilinsquod Ecclesia est reprae sentativa, cui soli judicium de Scripturis
186 286 965 325 competere Pontificii doctores dicunt) contra Scripturam aliquid de¬
187 319 974 354 ternenti; tum profecto Scripturae Sacrae major est autoritas quam
183 352 974 393 Ecclesiae. Quod antecedit verum est: Ergo & quod sequitur Assumtio
183 383 977 423 confirmatur confessione ip orummet Papistarum, veluti Abbatis
186 420 968 462 Panormitani & Gersonis Cancellarii Parisiensis Academiae. Scriptu¬
190 453 983 498 tae igitur Sacrae major est autoritas quam Episcoporum, ac proinde
184 482 368 530 quam Ecclesiat
220 513 968 559 DuoDECIMUM: Si Christi autoritas non pendet a testimonio Ec¬
183 548 982 586 clemae: tum nec Sacrae Scripturae autoritas a testimonio Ecclesiae pendet:
184 585 653 618 Antecedens est verum. Ergo & consequens.
226 605 968 650 Assumtio manifesta est ex verbis Christi Joh 5 v. 34. Ego ab homi¬
183 647 982 690 ne testimonium non accipio: quorum sensus est, Non opus est ut mihi
192 684 856 729 quisquam testimonio suo autoritatem tribuat & conciliet.
228 709 967 747 Connexi vero consequentia sic confirmatur. Si non est minor auto
195 742 985 780 ritas Sacrae Scripturae, quam ipsius Christi, tum sequitur si Christi¬
193 784 977 826 cutoritas non pendet ab Ecclesiae testimonio, nec Scripturae Sacrae
187 818 806 850 autoritatem ab co pendere. Prius est: Ergo & posterius
232 837 980 882 ssumtum hujus confirmationis sic probatur; Vocis Christi non
192 875 979 916 est minor autoritas, quam ipsius Christi. At Sacra Scriptura est vox¬
189 915 973 957 Christi: Ergo Sacrae Scripturae non est minor autoritas quam ipsius
201 946 278 982 Christi.
229 973 976 1011 Ad hoc argumentum duo excipiuntur. Vnum est, Christum non e¬
182 1006 973 1054 guisse quidem cujusquam hominis testimonio, sed attulisse tame
189 1038 978 1080 testimonium Johannis propter Judaeos. Alterum est, Si Christus at¬
199 1074 989 1114 tulit testimonium Johannis propter Judaeos, tum etiam Scripturam
189 1114 821 1151 Sacram testimonio Ecclesiae commendari propter nos
222 1135 989 1178 REPLICOad primum & dico, ab illo argumentum nostrum non
196 1173 980 1210 infirmari, sed corroborari. Nam si Christus non eguit cujusqua ho¬
193 1205 980 1243 minis jestimonio tum nec Scriptura quae verbum Christi est, cujus
190 1244 986 1278 quam hominis testimonio eget: quia par est ratio: Sicut Rex aut
193 1273 985 1310 Princeps cujus fides semper a subditis experimento ipso cognita est,
189 1305 991 1345 site voce viva aliquid de se vel aliis affirmet, sive per epistolam idem
201 1345 989 1378 asserat, utrobique latis ex se autoritatis obtinet, ut fides ei adhibeatur:
191 1369 976 1410 sic ut 1o sit ei opus aliorum testimonio. Si subditi tantum tribuunt ter¬
196 1412 980 1446 reno Regi & Pr ncipi ut fidem ei adhibeant de se vel de alio aliquid te¬
200 1435 983 1477 st: ficanti, sive id faciat viva voce, sive per epistolam, etiamsi testimo¬
190 1476 989 1515 nium ab alio non haberet: quanto magis nos Christo Regi Regum.
192 1508 988 1546 & Principi Principum citra haesitationem credemus de se & Scriptura
195 1542 982 1579 sua testanti sive coram viva voce, ut factum olim, sive per Scripturam
198 1575 985 1611 suam, ut jam facit. Ad alterum replico, illud nos similiter concederes
200 1602 983 1647 quum nihil contra nos faciat. Nam lubentia ipsa lubentius damus
193 1637 980 1675 Scripturam Sacram testimonio Ecclesiae commendari propter insit
195 1668 983 1707 mos. Ut autem Johannes Baptista testimonium quidem de Christo
201 1700 992 1738 perhibebat autoritatem vero Christo non dabat apud alios: ita
193 1741 980 1774 Ecclesia testimonio suo quidem Scripturam Sacram nobis com¬
198 1766 880 1805 mendat, nullam tamen ipsi autoritatem dat, nec quoad nos
228 1799 985 1850 DECIMUMTERTIUM; Si verbum Dei viva voce praedicatum
206 1831 799 1874 non habuit autoritatem ab Ecclesia, tum nec scriptum
239 1867 796 1908 Quod antecedit verum est;. Ergo & quod sequitur.
220 1893 998 1938 Connexi confirmatio prima. Siverbum Dei praedicatum vivavoce re¬
204 1935 989 1972 unum & idem est cum verbo Dei scripto; tum sequitur necessario si
196 1965 983 2016 illud non habuit autoritatem ab Ecclesia, neque istud habere. At pri¬
207 2004 617 2038 mum est verum. Ergo & extremum.
237 2027 982 2069 Cmnexi confirmatio secunda: Si verbum Dei praedicatum non ami¬
207 2061 986 2107 sit apud fideles autoritatem postquam literis mandatum fuit, sed re¬
202 2093 992 2139 tinuit eandem apud illos: profecto sequitur, si praedicatum non habuit
202 2137 986 2175 autoritatem ab Ecclesia, tum nec scriptum. Prius est; Ergo & posterius.
244 2167 986 2202 Assumtio principalis Syllogismi patet inde, quod verbum Dei
211 2201 991 2234 tum ab initio Patriarchis a Deo ipso ἀμισως dictum, tum postea¬
216 2234 992 2275 praedicatum per Prophetas & Apostolos illico acceptatum fuit pro¬
202 2266 898 2300 divino a fiaelibus, nullo Ecclesiae testimonio commendatum
243 2287 986 2332 DECIMUM QUA RTUM: Si Dei verbum vivam voce praedica¬
211 2325 983 2364 tum statim fuit a fidelibus acceptatum pro verbo Dei nullo praecedent.
214 2359 992 2398 Ecclesiae iudicio & testimonio: tum etiam verbum scriptum statim ac¬
205 2393 980 2435 certandum a fidelibus pro verbo Dei, nullo praecedente E clesiae iudici
213 2429 832 2466 & testimonio. Antecedens est verum. Ergo & consequens.
240 2458 995 2500 Minor est certissima ex I. Thessal. 2. v. 13. ubi Paulus sic alloquitur
220 2487 1007 2526 Thessalonicenses: Gratias agimus Deo indesinenter, quod acceptum
216 2523 988 2564 de Deo sermonem quem audivistis ex nobis, exceperitis, non ut sermo¬
210 2552 991 2596 nem hominum, sed (sicut est vere) ut Dei sermonem, qui etiam agit in
216 2587 982 2629 nobis qui croditis. CHRVSOSTOMuS homilia tertia in epistolam pri
208 2621 989 2661 mam ad Thessalonicenses sic explicat Non enim nos audientes affect
216 2653 985 2696 estis tanquam audientes homines, sed tanquam ipso Deo admonente it.
214 2691 998 2726 attendistis. Et mox: Quomodo enim, nisi tanquam Deum dicentem au¬
211 2722 995 2762 d vissetis, talia serretis pericula? Proinde vide autoritatem. AMBRO¬
223 2753 1001 2794 ius in Commentariis in hunc locum sic scribit de Thessalonicensi¬
207 2782 997 2826 hus Tanta deu tione receperunt verbum, ut probarent, se intellexisse.
215 2818 996 2863 esse Dei verbum. Similiter scribit Apostolus Galat. 4. v. 14. Me ut
212 2852 703 2894 vi agelum Dei, ut Christum Iesum excepistis.
253 2875 1003 2926 DECIMUMQUINTUM: Cuius autoritas maior & potior est
210 2921 1003 2962 autoritate verbi Dei etiam a Christo ipso praedicati, id profecto a testi¬
223 2950 506 2995 manio Ecclesiae non pendet
246 2971 1003 3034 Scripturae Sacrae autoritas maior & potior est autoritate verbi Dei.
220 3017 569 3068 etiam a Christo ipso praedicati:
252 3051 353 3096 Ergo, &c.
262 3072 1003 3124 Mttor propositio est certissima: quia major est verbi a Christo i¬
213 3123 787 3170 pso praedicati autoritas, quam testimonii Ecclesiae
258 3150 1009 3191 MHnor propositio patet ex Joli. 5. v. 46, 47. ubi Christus Scriptu¬
217 3183 1004 3225 ram eacram praeponit etiam verho a se praedicato cum ait; Si crederes
217 3215 1015 3266 tuntefi, credere: is mihinmam ille de me scripsit. Quod si scriptis illius non
1028 213 1822 256 creditis, quomodoverbis meis credetis? Quae verba Theophylactus sic in¬
1033 256 1819 296 terpretatur, α πεσουετο τεῆς γεγραμμενοις, μι πυς πισυυσετε ἐμεις αγρα¬
1041 285 1819 320 poεσ φaμασιν,hoc est Non creditis illis quae scripta sunt, & quomodo cre¬
1030 322 1830 363 detis verbis meis non scriptis? Iansenius Papista verba Christi explicans
1036 353 1832 387 ait esse argumentum a majori, quia sicut firmius est quod mandatur li¬
1030 386 1826 420 teris, ita est culpabilius & maius non credere scriptis, quam non credere
1032 420 1828 450 verbis. Atque id certum est: nam autoritas ἐγιραφος est major & poti¬
1041 452 1832 495 or autoritate αγραφῳ: Rei enim scriptae duplex est autoritas, nempe
1035 485 1816 523 & ab autore & a modo: rei vero non scriptae simplex est autoritas, nen
1041 519 1817 555 pe tantum ab autore. Hoc in contractibus, in obligationibus, in cau¬
1026 554 1819 594 sis testamentariis observari quis nescit? Certe nuda verba negari pos¬
1038 583 1820 626 sunt, scripta non possunt: & scripta plus habent momenti ad proban¬
1036 616 1676 655 dum, & confirmandum, quam nude dicta & non scripta¬
1062 641 1817 682 DECIMUM SEXTUM: Sacrae Scripturae autoritas non pendet:
1033 676 1822 716 Prophetarum & Apostolorum autoritate: Multo minus igitur ab Ec¬
1035 717 1819 749 clesiae hodiernae autoritate, Antecedens planum est ex eo, quod Pro¬
1032 749 1819 790 phetae & Apostoli nolint fidem sibi adhiberi, eo quod ipsi annunci
1029 780 1832 819 lent quicquid annunciant, sed quia DOMINUS id dicit. Unde identi¬
1035 813 1825 856 dem repetunt Prophetae, Sic DICIT DOMINUS: & de Apostolis
1032 850 1825 890 ait Christus Matth. 10. v. 20, Non vos estis qui loquimini, sed Spiritus
1045 879 1476 929 Patris vestri, is est qui loquitur in vobis
1041 918 1830 975 Sic fuerunt aliquot argumenta ex consideratione Scripturae
1092 961 1763 1008 ipsius: sequuntur aliquot ex consideratione Ecclesiae.
1270 999 1579 1059 & dogmatis Poutificii,
1260 1056 1589 1105 CAPUT XXVI.
1035 1093 1828 1154 In quo plura argumenta ex consideratione Ecclesiae &
1120 1149 1745 1200 dogmatis Pontificii sumta ad firmandam no¬
1299 1191 1558 1247 stram sententiam
1108 1237 1832 1280 EcIMUMSEPTIMUM: Quisquis errare potest, ab eius testimonis
1053 1252 1834 1331 TPnon pendet Scripturae Sacra autoritas: At Ecclesia errate potest:
1110 1307 1208 1349 Ergo, &c.
1075 1332 1823 1388 Mator per se manifesta est: quia autoritas ejus quod longissime ab
1036 1377 1825 1420 omni errore sejunctum est, non potest autoritatem accipere ab eo
1041 1410 1393 1452 quod erroribus obnoxium est.
1075 1433 1832 1474 Minor vera est vel ipsis adversariis confitentibus, qui dicunt Eccle¬
1047 1467 1823 1511 siam in quibusdam eirare posse, ut in agibilibus seu practicis & quae¬
1035 1507 1820 1542 sunt juris humani, & in Sanctorum canonizationibus, ut Gerson ait
1050 1539 1825 1575 tractatu de examine docttinatum parte prima, consideratione pri¬
1044 1571 1832 1610 ma: Quod & Thomae Aquinati probatur. Quodlibeto octavo, arti¬
1050 1605 1835 1647 culo ultimo, nisi quod de canonizationibus existimat pie credendum,
1053 1638 1835 1675 n iis non errare Ecclesiam Melchior Canus lib. quarto locorum Con¬
1050 1670 1829 1705 mun. cap. quarto ait, Ecclesiam errare posse in iis rebus, quae non sunt
1050 1703 1828 1741 illi a Deo revelatae, ideo Ecclesiam etiam credere posse quae non sunt
1047 1736 1831 1774 ei revelata ac in iis ertrare, sed errore probabili, qui nec fidem excuti¬
1041 1767 1828 1804 at, nec veritatem Ecclesiae tollat. Aiphonsus libro sexto contra hae¬
1051 1806 1834 1849 reses fatetur. Ecclesiam errate posse in iis quae ad fidem non perti¬
1048 1833 1829 1881 nent, nempe errate posse in facto, sed non in jure & dogmate. Ea¬
1041 1866 1823 1906 mundus Campianus Iesuita in Colloquio secundi diei similiter fase¬
1047 1899 1825 1935 sus est, Ecclesiam in facto errare posse, veluti damnare innocentem
1047 1933 1832 1970 Epis: opum & nocentem absul vere. Alii excipiunt decantato illo
1050 1964 1828 2003 axiomate Pontificio Ecclesiam non posse errare: sed illud facilius di¬
1053 1997 1826 2035 citur, quam intelligitur, ne dum probatur: quod ostendit discre¬
1059 2029 1823 2066 pantia interpretationum axiomatis istius. Nos distinguimus du¬
1060 2063 1829 2105 liciter. Primo Ecclesia in se considerata & sibiij si relicta a Deo:
1044 2095 1831 2134 non tantum potest errate sed etiam a Deo deficere, ut ostendit ex¬
1041 2131 1829 2170 emplum Ecclesiae omnium primae & integrae in Paradiso. Nam
1057 2161 1831 2201 damus & Eva repraesentabant tum Ecclesiam universalem, il¬
1038 2193 1828 2227 li vero & in ipsis universi homines a Deo defecerunt. Conside¬
1047 2229 1829 2265 rata vero ut est in Christo & quando eum sequitur, non potest er¬
1047 2266 1823 2306 rare, juxta illud Christi, Ego sum lux illa mundi, qui sequitur me, non
1057 2291 1726 2331 imbulabit in tenebris, sed habebit lumen vitae, Joh. 8. vers. 12.
1078 2321 1832 2365 Deinde rursus distinguenda est Ecclesia particularis ab universali.
1051 2357 1835 2393 Ecclesia quaelibet particularis non modo errare, sed etiam erroribus
1050 2390 1835 2430 obrui & plane a Christo deficere potest, ut exempla testantur: Eccle¬
1054 2425 1825 2463 siam autem vere Catholicam seu universalem, quae tantum electo¬
1050 2455 1835 2498 rum est ad vitam aeternam, concedimus errare non posse cum qua¬
1039 2490 1825 2533 druplici restrictione scilicet; primo quando vocem Pastoris sui Chri¬
1050 2521 1827 2565 sti in Sacris literis sonantem audit & sequitur juxta illud Joh. 10. ver.
1047 2565 1825 2594 4, 5ιO ves eum sequuntur, quia norunt vocem eius. Alienum autem
1056 2598 1836 2629 nequaquam sequentur, sed fugient ab eo: quia non norunt vocem alie¬
1047 2622 1832 2656 norum. & v. 27. Oves illae mea vocem meam audiunt, & ego eas agnosce¬
1053 2654 1826 2694 & sequuntur me. Secundo, Ecclesia vere Catholica non potest errare.
1054 2687 1829 2723 scilicet in absolute necessariis ad salutem, ac proinde errores funda,
1056 2723 1841 2765 mentum evertentes non habet nec habere potest, propter promis¬
1063 2754 1838 2787 sionem Christi, Matth. 16. v. 18. Super hanc petram aedificabo Eccle¬
1054 2784 1844 2825 siam meam & portae inferorum non superabunt eam: at in levioribus
1060 2820 1841 2858 rebus & non necessariis ad salutem potest errate, sed erroribus non e¬
1069 2853 1841 2893 pertentibus fundamentum. Tertio dicimus Ecclesiam vere Catholis
1060 2882 1850 2926 eam errate non posse, scil. totam, tum quia semper Deus sibi servas
1059 2921 1843 2958 testes & praecones veritatis suae & qui eam profiteantur ac retineant
1077 2952 1855 2996 nata illud, Ecclesiam esse colum tam & stabilimentum veritatis 1. Fim;
1060 2992 1859 3025 3. v. 15 Hanc ipsam restrictionem affert Iohannes de Turrecremata
1070 3019 1855 3052 Cardinalis lib. secundo Summae de Ecclesia cap. 91. & li. 3. cap. 6o. Se¬
1059 3051 1853 3098 cundum Patrum doctrinam sic accipiendum qued dicimus, non posse
1059 3081 1850 3124 errare Ecclesiam in fi de & moribus, nempe quod Deus ita assistat Ecclesiae
1059 3123 1852 3160 usque ad consummationem seculi, ut nunquamvero fides deficiat in ea: Nul¬
1071 3152 1861 3187 lum enim fore tepus usque ad finem seculi, quo non sint aliqui, etsi non o¬
1077 3184 1858 3226 mnes, veram fidem per dilectionem operantem habentes: Tum quia in
1065 3215 1873 3258 hac vita nunquam fuit, nunquam est, nunquam erit simul cota: sed
