2063 3465
522 219 779 284 CAPUT X.
485 287 788 355 In quo de Lege Dei.
249 344 1023 396 TPOCTRINA calestis nobis revelata duplex est: Lex & Evan¬
254 389 1030 451 gelium. Psal. 25. 8. Docet peccatores viam: & v. 9. Docet man¬
328 433 524 476 suetos viam suam,
286 448 1020 501 De Lege prius agendum, quam de Evangelio. 1. quia Lex prio¬
249 490 1013 539 fuit Evangelio. 2. quia homines prius de miseria sua edoceri no¬
250 519 1052 571 cesse est, quam de ejus remediis. Miseriam autem nostram agno¬
261 554 1028 605 cimus ex Lege Dei: remedia misericordiae ex Evangelio consequi¬
256 604 302 642 mur.
279 620 1019 671 nitio dicendum de nominis Legis acceptionibus praecipuis: dein
250 664 386 705 de de reipsa.
278 683 1019 732 Legis Dei nomine interdum intelligitur tota Scriptura Sacra, sed
263 724 1018 768 quaevis doctrina Dei, ut Psalm. 19. 8. Romanor. 3. 27. Qua acce¬
243 751 1032 809 ptione Evangelium dicitur Lex, Jesaiae 2. vers. 3. De Tejone exibit.
246 785 1022 838 Lex, ut habet vulgata versio nomen Legis; intelligitur autem Ev¬
249 820 1020 869 angelium. Interdum totum Vetus Testamentum, Johan. 15. vers.
249 861 1031 901 25. Sed ut impltatur sermo qui in lege ipsorum scriptus est, Oderunt
245 885 1025 934 me immerito: Locus enim hic legitur Psal. 35. vers. 19. & 69. 5. Sic¬
256 928 1034 970 1. Corinth. 14. 21. Interdum Pentatenchus Mosis, habens etiam
243 956 1021 1005 promissiones Evangelicas de Messia. Interdum specialiter doctri¬
253 994 1034 1035 na mandatorum divinorum, quibus praecipitur quid agendum vel fu¬
249 1022 854 1077 giendum sit. Interdum strictissime solus Decalogus.
286 1053 1034 1102 Mandata autem divina vocantur testimonia Dei, Psal. 119. 2. quia
255 1092 914 1134 testantur quae sit voluntas Dei, quam facere nos oporteat
285 1123 1030 1168 Item viae Dei, Psal. 119. vers. 3. quia sunt media in quibus Deus.
251 1155 1025 1202 nos incedere jubet ut ad metam beatitudinis aeternae pervenia.
256 1203 299 1235 mus.
291 1223 1028 1266 Item consilia Dei, quia verbo suo nobis consulit Deus, quid face¬
250 1258 887 1298 re, quid omittere debeamus. Psal.16. 7. Apoc. 3. v. 18.
279 1294 1031 1335 Vocantur etiam consiliarit nostri; seu viri consilii nestri; quia no¬
246 1324 1028 1365 bis fidissime consulunt quid agere, quid omittere nos deceat. Psal
252 1357 1031 1397 119. v. 24. Si historiae profanae sunt consiliarii nostri optimi & can¬
255 1391 712 1433 didissimi; multo magis mandata divina
284 1421 1025 1474 Mandata autem Dei e finibus vel obedientiae sunt, vel probationis
247 1456 584 1499 vel praestationis decreti diuvini
282 1487 1030 1530 Mandata obedientiae, sunt quae DEUS dat eo fine, ut facto ipse
256 1523 1040 1562 illa exsequamur & impleamus: Quale erat mandatum Paradisia¬
247 1565 1034 1610 cum, qualia sunt decem praecepta, &c. Vocantur etiam mandata ex¬
242 1593 361 1642 secutionis.
295 1618 1027 1667 Mandata probationis, sunt quae Deus dat non quod velit, ut ille
247 1654 1037 1697 facto ipso exsequamur, sed tantummodo eo fine, ut obsequium no¬
259 1690 1046 1730 strum probehut exploret, an parati simus ei in omnibus obedire:
255 1724 997 1767 Quale erat mandatum Abrahamo datum de immolando Isaaco¬
279 1762 1025 1799 Mandata praestationis seu impletionis decreti diuvini, sunt opera qui
259 1792 1031 1826 bus Deus id quod decrevit, eventu ipso praestat & implet. Sic ait Da¬
250 1822 1031 1870 vid, quod Deus praeceperit Simejo ut malediceret. Sic praecepi¬
258 1852 1049 1891 Deus Corvis ut pascerent Eliam 1. Regum 17. 4. viduae Sarepta¬
258 1897 1036 1930 nae ut cibum praeberet eidem Eliae, 1. Reg 17. 9. malo spiritui ut
253 1926 1036 1962 esset spiritus mendacii in ore omnium Prophetarum Achabi 1. Re¬
250 1959 1028 2000 gum 22. vers. 22. Exi & fac ita, quibus verbis Deus praecipit non
249 1993 1022 2032 peccatum, sed judicii sui exsequutionem in Achabum. Jesaiae 44.
249 2031 1021 2069 vers. 22, 23. Qui edicturus sum ipsi profundo, exsiccare; & slumi¬
253 2058 1021 2091 na tua arefacturus: Edcturus Cyro pastori meo, ut omnem delectatio
259 2093 1022 2138 uem meum perficiat; utque edicat Ieruschalaimis, reaedificantor; & tem¬
254 2122 397 2170 plo, fundator
279 2148 1015 2201 Jam agimus de mandatis obedientiae, quae usitate indicantur no¬
258 2189 647 2236 mine Legis Dei, quae sic definitur:
283 2214 1025 2264 LEx DEI, est doctrina quae praecipit tum quales esse debeamus
255 2258 1022 2298 tum quid nobis sit agendum vel omittendum, requirens perfectam¬
252 2293 1017 2335 erga Deum obedientiam internam & externam, & hanc praestan¬
255 2325 1018 2359 tibus vitam aeternam promittens; ulla vero ex parto eam violantis
250 2355 1018 2398 bus comminans aeternas poenas, Matth. 19. vers. 16, 17, 18, 19. E
256 2392 1021 2430 ecce, quidam accedens dixit ei, Doctor bone, quid boni faciam ut ha¬
247 2422 1022 2467 beam vitam aternam? Ipse vero dixit ei, Cur me dicis bonum? nullus
259 2454 1027 2503 ist bonus, nisi unus, nempe Deus. Si vis autem ad vitam ingredi, ser¬
256 2491 1028 2531 va mandata. Dicit ei, Quae? Iesus autem dixit, Non occides, Non
249 2524 1039 2562 mochaberis, Non furaberis, Non dices falsum testimonium. Honora pa¬
250 2558 1021 2593 trem & matrem: Et, diliges proximum tuum ut teipsum. Matthaei 7.
255 2585 1022 2633 vers. 12. Quaecunque igitur volueritis, ut faciant vobis homines, ita &
249 2621 1016 2665 vos facite eis: Ista enim est Lex & Prophetae. Levit. 18. 5. Si observa
258 2645 1018 2699 bitis statuta mea & judicia mea, homo qui fecerit ea vivet in eis: Ego
253 2683 1009 2727 sum lehova. Ezech. 20. v. 11. 13, 21. Ubi dedi ipsis statuta mea, & ju¬
255 2718 1027 2763 ra mea nota feci ipsis, quae qui faceret homo, viveret per ea. Sed rebel¬
258 2745 1016 2797 larunt contra me domus Israelis in ipso deserto, in statutis meis non am¬
258 2775 1020 2833 bulantes, & jura mea spernentes, quae qui fecisset homo vixisset per ea¬
259 2811 1010 2862 Roman. 10. 5. Moses describit justitiam quae est ex Lege, his verbi
262 2845 1013 2898 Quod qui praestiterit ea, vivet per illa. Galat. 3. 10. Quotquot ex ope¬
261 2880 1017 2931 ribus Legis sunt, sub ex secratione sunt; Scriptum est enim, Exsecrabi.
255 2903 1011 2967 lis est quisquis non manserit in omnibus quae scripta sunt in liuro Legi,
265 2941 1015 2994 ut faciat ea. Deut. 27. v. 26. Jacob. 2. v. 10. Quisquis enim totam Le¬
261 2973 894 3026 gem servaverit, imgegerit autem in uno, omnibus tenetur.
301 3003 791 3050 Lex Dei PRIMo vel generalis est, vel specialis
291 3040 1029 3090 Lex Dei generalis seu communis, est qua generatim omnes sem¬
270 3063 1022 3136 per obligati sunt, nisi Deus ipse aliud jubeat. Ita generalis est Deca¬
280 3101 335 3141 ogus,
290 3126 1009 3188 Omnes enim leges generales sunt intelligendae cum hac condi¬
273 3157 1052 3227 tione: NISI DEUS IPSEALIUD JUBEAT: ut: Non ficies tibi
264 3194 1028 3257 scusptile, nisi Deus jubeat speciatim facere, ut quum jussit facere Che¬
1064 143 1877 210 rubinos, aeneum serpentem. &c. Non occides, scilicet nisi Deus jus
1075 202 1877 244 beat; quemadmodum mandavit Magistratui, ut homicidas interfi¬
1072 231 1867 279 ciat. Honora parentes, obtempera parentibus, scilicet nisi Deus jubea
1074 272 1880 322 aliud quam parentes: tum enim oportet Deo obedire potius, quam
1078 307 1201 355 hominibus.
1113 335 1877 379 Specialis Lex Dei, est quam spociatim tulit certis in certo casu. Ideo
1077 372 1876 410 non evertit Legem generalem: quia specialis Lex nec perpetua est,
1075 404 1881 443 sed certi temporis; neque ad omnes pertinet, sed tantum ad eos qui¬
1085 444 1874 475 bus specialiter est lata; neque in omnibus casibus valet, sed tantum
1080 476 1877 514 in eo quem nominatim lex ipsa exprimit: Qualis erat Lex de spolian¬
1086 504 1880 546 dis AEgyptiis Exod. 3. v. 22. Petet enim unquaeque a vicina sua & ab
1081 536 1883 574 hospita domus suae instrumenta argentea & instrumenta aurea & ve¬
1088 576 1873 617 dimenta: quae imponentes filiis vestris & filiabus vestris spoliabiti
1076 610 1873 650 AEgyptum. Elija speciali mandato Dei altate exstruxit in monte Car¬
1084 650 1877 683 meliI Reg. 18 ac proinde non venit contra legem generalem quae
1087 674 1889 713 est Levit. 17. & Deut. 12. Speciale mandatum erat quod Propheta
1085 711 1886 749 de se percutiendo proponebat 1. Reg 20. 35. Hoc est mandatum
1082 745 1883 786 Dei (inquit Augustinus) de quo non judicandum, sed cui obtempe¬
1080 772 1885 815 randum fuit: Ille enim optime novit omnium quam juste mandet, ad
1079 810 1874 850 servum vero pertinet obedienter facere quod justus Dominus man¬
1076 842 1892 882 dat. Ita lex virginitatis seu continentiae perpetuae est specialis: nec
1072 883 1675 920 enim imperatur Lege communi omnes obligante
1111 901 1858 947 SECUNDO, Lex Dei vel mora is est, vel ceremonialis, vel forensit
1108 949 1874 989 LEx MORALIS, est lex quae praecepit qualis unusquisque esse de
1077 981 1889 1017 beat moribus internis & externis, ut tota vita conformis sit cum vo¬
1077 1015 1211 1058 luntate Dei.
1114 1047 1892 1084 Nominatur lex moralis; quod citra illam non constet vera morum:
1081 1078 1622 1122 sanctitas & immutabilis recte vivendi norma,
1118 1118 1580 1158 Ejus summa comprehenditur Decalogo
1113 1148 1877 1190 DECALOGUS, est brevis summa legis moralis, decem praecepta
1074 1184 1876 1222 continens, promulgata a Deo in monte Sinai ac postea digito Dei
1083 1220 1882 1261 perscripta & per Mosen Ecclesiae Israeliticae tradita his verbis, quae
1080 1247 1537 1290 exstant Exod. 20. v. 2. & sequentibus.
1081 1301 1907 1354 ae ams 2ρκμ τορη nρρ ἔiξ λειτη χυκ ληρη Tο, ρις
1080 1334 1888 1391 δusn: σιρρε ραχ τλλοπρος: δζι αολρροτο:iμγρ aης, ί,
1077 1373 1893 1424 Pερρηπ εον ἐης τοηοκοταν: v) nοnp. gρι, apus nips vκm θέρ,
1129 1410 1892 1453 μηρι ρεγορ, ωγρα χγαγ λοα θι τρς τιοη δα ατης εη λη
1084 1445 1883 1490 οnοφτιη ειρειαpιgα aρpi : gημρ olesum τοp rgι,
1099 1483 1886 1525 is :ipNιχα ιρχτιη εαθν λκη τα τισηης τυχι φυνιῳ κιgε αριι
1093 1506 1898 1558 viaun Si;: ηρρερπτκρ σοκιορληη σιο: ταα ivαης ηόρη ει
1099 1541 1895 1586 nρλι: aηρηι. τικυ aηγγαεηιν τιαη τόκιπρ3 ηθη τκη τιρεχ, τιρ3. ηη.
1089 1586 1887 1625 τκ vκπτοηι αγαπτη τιηη τικχ θιολαας αρπα κοη qu
1098 1610 1891 1664 ngap3. τλρεη δωιτη χφαι ρει εχιν χαρο ωικ nιη λοολαηηχεικη ω
1096 1653 1748 1695 ττρκτοη τθη ηοεηανκοιη, μολη ικκ3 λοκτικ, αχρτν τ
1144 1678 1903 1731 am : θιgιαςpμεας4ι igi
1096 1716 1760 1761 ν λορρκῳ qυ τκχ αρηη ας:mα θηνηηρρκη
1272 1740 1700 1809 cap λξχ ορρριρῳε ιλοοι inοnε εnηεν, auη
1456 1805 1520 1851 id est;
1120 1853 1883 1892 Ego sum Iehova Deus taus, qui eduxi te e terra AEgyptiae domo ser¬
1090 1892 1883 1933 vorum: Ne esto tibi ullus Deus aliorum ante faciem meum: Ne fa¬
1083 1923 1883 1969 cito tibi sculptile, aut ullam imaginem eorum quae sunt in caelis supra,
1087 1961 1886 1995 aut quae in terra infra; aut quae in aquis infra terram: Ne incurvans te¬
1090 1990 1873 2025 honorem exhibeto eis: neque colito ea: Nam ego, lehova Deus tuus Deu
1080 2028 1885 2066 fortis zelotes sum, visitan, iniquitatem patrum in filios, in nepotes, & in
1086 2059 1879 2090 abnepotes, in eos qui odio prosequuntur me; Exercens vero benignitatem
1076 2092 1874 2136 in millesimos, a patribus, qui diligunt me & qui observant mandat,
1093 2126 1874 2166 mea. Ne assumito nomen Iehovae Dei tui in vanum: nam non relinque
1077 2157 1885 2190 impunem Ichova eum qui assumserit nomen suum in vanum. Recorda¬
1067 2190 1873 2234 re diei Sabbathi, ut sanctifices illum: Sex diebus operaberis, & faciet
1087 2227 1883 2262 omne opus tuum: Dies vero septimus sabbathum est Iehova Deo tuos ne¬
1086 2256 1876 2293 facito ullum opus tu, aut filius tuus, aut filia tua, servus tuus, aut ancili¬
1086 2290 1871 2325 la tua, aut jumentum tuum, aut peregrinus tuus, qui est intra porta
1087 2324 1880 2362 tuas. Num sex diebus perfecit Iehova caelam ipsum, & terram, mare, &
1086 2365 1873 2399 quicquid est in eis, quievit vero die illo septimo: idcirco benedixit Ieho¬
1077 2391 1883 2426 va dici Sabbathi, & sanctificavit illum. Honora patrem tuum, & ma¬
1080 2423 1880 2460 trem tuam, ut prolongent dies tuos super terram illam, quam Iehova
1083 2458 1871 2498 Deus tuus dat tibi. Ne occidito. Ne scortator. Ne furator. Ne proferto co¬
1070 2496 1876 2530 tra proximum tuum testimonium falsum. Ne concupiscito domum pro¬
1075 2529 1870 2561 ximi tui: ne concupiscito uxorem proximi tui, aut servum eius, aut an¬
1072 2560 1873 2596 cillam eius, aut bove eius, aut asinum eius, denique quicquid est proximi tut
1105 2597 1883 2629 Hae decem leges sunt a Deo ipso latae & promulgatae in monter
1071 2622 1879 2667 Sinai, stipato myriadibus sanctorum Angelorum, Exod. 19. v. 16, 18.
1075 2660 1481 2699 Deut. 33. 2. Gal. 3. 19. Act. 7. 53.
1107 2686 1880 2738 De DECALOGO quaeritur: An Decalogus ad nos Christianos per¬
1081 2722 1631 2762 tineat? Nos affirmamus; idque his argumentis
1104 2755 1867 2801 I. Quia per Christum est confirmatus. Matth. 5. v. 27. Ne exesti¬
1083 2792 1876 2834 mate me venisse ut dissolvam Legem aut Prophetas: Non veni ut dis¬
1072 2826 1871 2867 solvam, sed ut impleam. Loqui autem Christum de lege decem ma¬
1075 2861 1868 2906 indatorum, patet ex subjecta in eodem capite eorum declaratione
1080 2891 1870 2945 Matth. 22. v. 37. & seqq. summam ejus complexus est, & sua auto¬
1072 2923 1287 2962 ritate communivit.
1110 2959 1877 3005 II. Quia ab Apostolis est commendatus Christianis & in Actis
1070 2988 1876 3033 Apostolicis & epistolis: in quibus ad cultum amorem, timoremque
1071 3023 1877 3073 Dei, ad fiduciam in ipsum, ad charitatem proximi, ad alia opera De¬
1077 3061 1826 3104 calogo praecepta, identidem hortantur, Rom. 6. & 7. & 12. & I3.
1110 3092 1876 3139 III. Quia per fidem Decalogus stabilitur, Rom. 3. v. 31. Legem.
1078 3118 1809 3170 igitur inutilem reddimus per fide? Absit: imo Legem stabilimus
1111 3158 1873 3194 IV Quia ipsemet Apostoli Decalogi observandi studio duceban¬
1073 3191 1867 3233 tur, sicut Paulus uit de se, Rom. 7. v 21, 22. Comperio igitur uolent
1084 3228 1874 3281 mihi facere boni, hanc legem imposita esse, quod mihi malum adjaceat.
