2063 3503
184 167 974 234 deatur aulacia Jesuite: qui, quod frequentius secus quam sic se ha¬
190 221 730 255 bet, id sempr semperque sic se habere pronunciat,
226 245 971 309 Quarto, imagines non appellari simulacra, ac praesertim imagine
189 278 980 330 Christi, Divae Virginis & aliorum sanctorum, negatur. Nam in Ca¬
187 324 986 368 tr: hisme Romano, parte tertia, cap. 2. quaestione decima expresse
190 350 979 394 dicitur; in Scripturis, jussu Dei, Si MULACRA & imagines effecta¬
186 384 983 432 legimus, Cherubin, serpentis anet. Et hic Catechismus a PIOV.
189 420 976 460 Romano Pontifice prodiit. Peresius Christi imaginem simula
192 453 979 498 crum vocat Histor. Tripartitae lib. 6. cap. 41. Qnuphrius Beatae Vir
190 490 995 532 ginis simulacra celebrat. Lactantius lib 2. divinarum Institutionum,
195 527 991 562 cap. 2. ait: simulacra esse imagines hominum mortuorum. Alios testes
196 548 464 594 omitto, vel hi sufficiunt
226 589 997 627 Quod Bellar, innuit, idolum & simulacrum esse simpliciter idem, in¬
193 621 997 661 eo dissentit a Thoma Aquinate, qui in explanatione capitis octavi
207 656 992 694 primae epistolae ad Corinthios, lectione prima sic ait; Est differentia.
195 695 980 734 inter idelum & simulaorum, quia simulacrum dicitur quod sit adsi
204 728 991 771 militudinem rei alicujus naturalis: idelum ad nullius rei sit similitudi¬
198 761 985 804 nem, ut si corpori humano addatur caput equinum. Aquinas tamen i¬
211 787 512 833 dolum nimis stricte capit.
238 822 996 872 Replicat Bellarminus & pro distinctione idoli ab imagine profert
216 861 998 892 ocum Pauli: Cor. 8. 4. Saimus idolum nihil esse in mundo. Et He¬
214 888 989 930 ster. 14. secundum LXX. Ne tradas sceptrum tuum his, qui non sunt, id
207 926 1001 970 est, idolis. Hinc colligit, idelum licet aliquid sit secundum materiam,
202 960 881 1001 tamen nihil esse formaliter, cum id repraesentet quod non est.
243 992 999 1036 RESP. Bellarminus fucum conatur facere ambiguitatibus. Am¬
219 1027 988 1066 piguae enim sunt voces, idolum, esse, & nihil. Idolum vel proprie di¬
210 1062 998 1094 citur, vel fgurate. Proprie idolum dicitur simulacrum quo Numen
208 1093 993 1134 repraesentatur & colitur, aut cui divimis cultus exhibetur; velut si¬
223 1127 1000 1166 nulacrum aurei vituli Eodi 32. v. 4. Actor. 7. vers 41. Et vitulum
210 1160 1004 1200 fecerunt per illos dies obiuleruntque sacrificium idolo, & oblectarunt se¬
219 1194 994 1234 se oporibus manuum suarum. Apoc. 91. v. 20 memorantur aurea &
207 1229 997 1266 argentea, aerea, lavidea & lignea idola. Figurate autem idolum voca
216 1268 1007 1305 tur, numen seu simulacro efflictum & cultum, ut plerunque: seu ado¬
207 1299 1010 1336 ratum, ut nonnunquam absque simulacro: unde omnes dii populo¬
220 1330 997 1364 rum dicuntur idola 1. Chr  16. v. 26. Atqui non omnes dii popu¬
207 1361 1009 1395 lorum erant simulacra picta aut ficta; veluti dii Petsarum nec simula¬
213 1395 1003 1430 cra erant, nec simulaeris repraesentabantur. Nam Petsae quemadmo,
210 1428 1000 1466 dum Herodotus in Clione refert, non solum simulacra nulla deo
214 1461 1013 1498 rum ipsi statuebant; sed etiam eos qui statuerent, stultitiae damna¬
222 1501 1009 1540 bant. Et apud Seras, homines justitiae amantissimos, lege eautum ex
220 1529 1019 1563 rat ne colerent simulacra, uti autor est Bardesanes Syrus omnium.
222 1561 1016 1596 Chaldaeorum doctissimus apud Eusebium Praeparationis Evange¬
223 1595 1010 1631 dicae sexto libro, cap 8. Hermes Trislegistus in Asclepio affirmat:
214 1629 1007 1665 Solem Deum esse; dem tamen statuas explodit, tanquam ab erro
223 1665 1006 1704 re proavorum inventas. Similiter Dii Romanorum veterum nec s
222 1696 1019 1743 mulacra erant, nec simulacris repraesentabantur plusquam annos cen¬
222 1732 1009 1771 tum & septuaginta: Dicit enim Varro, antiquos Romanos plus quam
220 1764 1010 1806 annes centum & septuaginta deos sine simulacro coluisse, Quod si ad
223 1796 1022 1828 bus, inquit, mansisset, caslius diu observarentur. Cujus sententiae suae
219 1831 1013 1866 testem adhibit inter caetera etiam gentem Iudaeum: nec dubitat eum lo¬
219 1861 1019 1896 cum ita concludere, ut dicat: qui primi simuiacra deorum populis posue¬
216 1894 1007 1936 runt, eos civitatibus suis & metum demsisse, & errorem addidisse: pru¬
222 1924 1012 1960 denter existimans, deos facise posse in simulacrorum stoliditate conte¬
226 1955 1016 2002 mni: ut est apud AUGUSTINUM libro quarto de civitat. Dei, capite tri¬
222 1992 1022 2039 gesimoprimo. Idem confirmat PLUTARCHUS in vita Numae, ubi
222 2026 1013 2068 ait: Numa Romanis usu effigiei alicujus divum, quae hominis aut ani¬
222 2060 1013 2099 malis formam haberet, interdixit. Neque priscis illis temporibus fuit a¬
229 2091 1019 2133 pud illos vel picta ulla imago Dei vel ficta; sed primis centum atque se¬
228 2124 1010 2167 ptuaginta annis etsi templa aedificassent atque sacras aedes struxissentmulo
229 2158 1031 2198 lum tamin omnino simulacrum efformavere: nempe eo quod & nefas
225 2191 1010 2237 esset praestantiora deterioribus assimulare, neque Deum aliter quam men¬
234 2226 1012 2266 te attingi posse censerent. Quis vero negabit, eos idola coluisse & ido¬
226 2254 1021 2299 lolatras fuisse? Sic etiamnum hodie Turcarum aliorumque Maho¬
232 2290 1013 2336 metistarum numen, nec simulacum est, nec simulacro ullo ab ipsi
234 2328 1016 2363 repraesentatur: quis tamen negabit, ipsos idololatras esse? Idem ju¬
235 2355 1021 2399 dicium est de hodiernis blasphemis Judaeis. Quinetiam figurate
228 2389 1027 2432 idolum vocatur quicquid loco unius Dei, aut praeter unum illum
234 2423 1019 2466 & verum Deum, qui se in verbo Prophetico & Apostolico patefe¬
232 2459 1006 2500 cit, fingitur aut habetur, in quod spem reponas, etiamsi nec pro Ne
240 2499 1038 2534 mine vulgo habeatur, nec simulacrum sit, nec simulaero exprima¬
234 2522 1027 2565 tur: ut Mammona seu pecunia; unde avarus idololatra appellatur,
244 2564 782 2607 Eph 5. v. 1, & avartin, idololatria Coloss. 5. v. 5.
274 2588 1019 2630 Verbum ESSE, aliquando significat habere substantiam sive spi¬
242 2621 1027 2674 ritualem & simplicem, ut quum dicitur, Deum esse, Angelos esse: sive
240 2665 1031 2705 ex materia & forma constitutam, sicut quivis homo esse perhibetur,
244 2691 812 2738 Act 17. v. 28. In Deo vivimus, movemur & sumus
273 2730 1022 2771 Interdum ad accidens, quod subjecto adjungitur, notandum ac¬
243 2756 1035 2804 commodatur, quo sensu Paulus Apostolus ait, 1. Cor. 7. 19. Circum¬
242 2789 1028 2839 cisio nihil est & praeputium nihil est: ubi verbum est, non substantia si¬
240 2829 1036 2880 gnificare, sed rei subsistentis vim & efficaciam, declarat ipse dicens,
247 2862 1039 2907 Gal. 5 v. 9. In Christo Iesu neque circumcisio quicquam valet neque praepu¬
244 2898 634 2943 tium, sed fides per charitatem agens
279 2925 1039 2970 Denique vox NIHIE, modo simpliciter & proprie usurpatur pro¬
235 2961 1039 3002 non quicquam; ut cum dicitur, Marc. 11. vers 15. Christum nihil in
254 2990 1036 3036 icu inverisse, nisi folis. Modo figurate ponitur per emphasin
246 3024 1040 3075 quandam & hyperbolen in comparatione; ut quum dicitur, Gal. 6.
250 3056 1030 3105 v.3. quod homo arrogans putat se aliquid esse, quum nihil sit, hoc est:
237 3091 1038 3134 se magni quippiam & columnam esse opinatur, quum sit lapillus par¬
238 3128 1027 3178 vi preti; se multum praestare & efficere sibi persuadet, quum nihil va
248 3167 424 3217 feat, nihil possit
282 3180 1033 3237 Sic unaquaeque vox in ista enunciatioue Paulina, Idolum est nhil
252 3223 1035 3281 est aimbigua & duplicem significationem habere potest. Ecllarmis
1024 181 1828 251 nus priorem significationem arripit: at Paulus Apost. posteriore
1048 230 1820 280 ignificatione quamlibet harum vocum accepit, & hoc docere vo¬
1036 262 1834 311 luit; Numina Gentilium, coram quorum simulacris Gentiles im¬
1042 301 1835 348 molabant, esse nihil, nimitum virtute, potentia, efficacitate: vir¬
1048 334 1819 380 tute nihil posse, efficacia quam minimum valere, nihil praestare o
1054 365 1828 411 pere, nihil habere vere divini numinis, non afficere ullo malo, et¬
1044 407 1818 452 namque benefacere non esse penes ipsa, ut de idolis loquitur Jerem
1039 436 1825 475 cap. 10. 5. Ergo idolum, id est, numen simulacro repraesentatum, est
1050 470 1823 517 nihil, nempe quoad efficacitatem. Itaque hoc dictum Pauli, quod d
1038 506 1837 553 numinibus ipsis agit, perperam a Bellarmino torquetur ad simula¬
1049 530 1174 573 cra illorum
1084 566 1835 612 Alter locus ex capite 14. Estherae v. 11. primo citatur ex adjectio¬
1041 601 1825 643 nibus apocryphis: ideo principium petitur. Deinde etiamsi conce¬
1047 636 1835 679 datur, Bellarmini sententiam non probat: nam loquitur non de ido
1048 664 1826 710 lis, ut contendit Bellarminus, sed de impiis & scelestis hominibus.
1057 708 1831 740 qui quo minus referunt similitudinem & naturam Dei Jehovae, al
1053 736 1832 773 ESSE dicti, quod solus sit per excellentiam, eo justius aptiusque prae
1057 773 1838 816 caeteris mortalibus, quasi peculiariter, dicuntur non esse. Non posse
1053 797 1834 842 de idolis accipi, contextus ostendit: & inter alia verba sequentia
1047 838 1831 876 neque rideant: Nam si idola, ut vult Bellarminus, nihil sunt forma¬
1053 864 1840 907 liter, tum nec ridere possunt; quia non entis formaliter nullae sunt
1059 904 1831 942 qualitates De gentibus ait, Jesa. 40. 17. Omnes gentes velut ni¬
1051 934 1835 982 hil sunt coram eo, scilicet quo ad comparationem cum eo qui dici
1054 964 1841 1012 Mosi valde, dic populo Israel. Qui EsT, misit me. Exod. 3. v. 14. &
1065 1004 1834 1037 qui Mosi percontanti quod esset nomen ipsius respondit, suum qui
1060 1038 1841 1081 um. Exo. 3. 13. Ex his apparet, Bellarminum distinctionem suam mi¬
1050 1064 1493 1111 nime probare e Scripturis Sacris posse
1087 1103 1806 1167 Sic fait primum argumentum Papistarum quo negant,
1291 1148 1589 1203 imagines suas esse idola.
1081 1190 1843 1237 Setundum: Idolum est quicaid per erroram & vanitatem homini¬
1062 1236 1844 1272 agnoscitur & habetur pro Deo, & consecratum erectumque est in Deum:
1063 1267 1840 1302 At imagines Dei, Christi in Divae Virginis & aliorum Sanctorum, pe¬
1060 1300 1849 1332 errorem & vanitatem hominum non agnoscuntur & habentur pro¬
1068 1331 1847 1378 Diis, neque consecratae & erectae sunt in deos: Ergo imagines Dei, Christi,
1066 1363 1646 1402 Divae Virginis & aliorum sanctorum non sunt idola;
1099 1397 1850 1435 RESP. Primo major propositio universaliter accepta negatur.
1068 1422 1850 1465 Nam innumera deorum simulacra a Gentilibus non sunt pro diis
1074 1463 1844 1507 ipsis habita neque consecrata erectaque in deos, sed tantum habi
1077 1496 1853 1531 a sunt pro signis deorum. Nec enim Gentiles existimarunt ido¬
1065 1528 1852 1564 la ipsos esse deos aut collegas deorum, nec idola illa proprio deos
1074 1565 1865 1596 vocarunt, sed figurate, quod essent simulacra quibus dii repraesenta¬
1068 1600 1858 1630 rentur & colerentur. Id manifeste docet Lucas, Actor. 14. v. 11, 12, 13.
1075 1631 1856 1673 Turba vero quum vidisset quod fecerat Paulus, sustulerunt vocem su¬
1065 1665 1856 1695 am, Lycuonico dicentes, Dei assimilati hominibus, descenderunt ad nos.
1080 1697 1858 1738 Vocabant 3: Barnabam, lovem: Paulum vero, Mercurium, quoniam is
1080 1729 1865 1762 erat dux sermonis. Sacerdos autem Iovis collocati ante illorum urbem, qua
1068 1765 1862 1805 tauros vittatos ad vestibula adduxisset, volebat cum turba sacrificare:
1074 1797 1857 1838 Ergo Gentiles simulacra deorum non habebant pro diis ipsis: quis
1077 1829 1855 1863 deos credebant esse in caelo, quorum simulacra habebant in terris
1069 1861 1862 1899 sicut Lystrenses Jovis simulacrum habebant, Jovem autem in caelis
1071 1899 1856 1934 esse statuebant. Simulacrum Jovis habuit nomem Jovis metony¬
1074 1929 1861 1963 mice: quia Lystrenses credebant, Jovem cujus simulacrum colloca¬
1075 1960 1858 2002 tum ei at ante illorum templum, in caelo esse, unde descendisse cum
1075 1991 1289 2034 Mercurio dicebant.
1101 2024 1869 2071 Deinde negatur & minor simpliciter & universe intellecta. Pserique
1065 2061 1865 2091 enim rudiores sub Papatu, imagines pro divis habent: Bene multi
1068 2091 1863 2137 sunt, ait Polydorus Virgilius de invent. ter. libr. sexto, cap. 13. bene mul¬
1065 2128 1858 2163 ti rudieres stupidioresque qui saxeas vel ligneas, marmoreas, aeneas, seu
1068 2158 1868 2191 in parietibus pictas, variisque coloribus litas imagines colant, non ut figu¬
1075 2194 1853 2233 ras, sed perinde quasi ipsae sensum aliquem habeant; & iis magis sit
1071 2221 1861 2258 dant quam Christo vel altis Divis, quibus dicatae sint. Ac Pius secun¬
1072 2257 1859 2290 dus Papa Romanus Commentar. libr. 2. refert, in Ecclesia S. Ma¬
1075 2291 1859 2321 riae Prunetanae, agri Florentimi, Virginis esse imaginem, quam mira re¬
1072 2321 1862 2364 ligione populi vencrantur, tanquum pluviae serenitatisque donatricem,
1074 2354 1862 2390 cum necessitas ingruat. Dives illic templum est, & assiduis mortalium
1087 2385 1853 2421 potis insigne. Idem dixeris de Diva Virgine Eremitana, de Maria Lo¬
1074 2420 1853 2466 retana, de Diva Virgine Hallensi, &c. quidni igitur sint & recte di¬
1077 2450 1220 2498 cantur idola;
1101 2486 1858 2530 Tertium argumentum quod exstat in Catechismo Romano pro
1078 2521 1862 2557 imaginib. S. Trinitatis: Imagines quibus Trinitatis personae repraesen¬
1081 2555 1860 2589 tantur, non exprimunt diuvinitatem, sed duntaxat proprietates aliquat
1078 2589 1865 2631 aut actiones, quae Deo tribuuntur, declavant;. Ergo imagines illae non sunt
1079 2618 1491 2663 idola, ergo non sunt lege Dei prohibita.
1113 2643 1862 2694 RESP. Major omissa, nempe, Imagines ab hominibus factae, quae no¬
1083 2686 1856 2729 exprimunt divinitatem, sed duntaxat proprietates aliquas aut actio¬
1083 2718 1859 2757 nes, quae Deo tribuuntur, declavant; non sunt idola aut lege Dei vetitae
1087 2752 1864 2793 Haec inquam Major falsa est: Omnes enim imagines, quae ab homi¬
1087 2788 1864 2827 nibus ad repraesentandum aut colendum Deum effinguntur, sunt
1086 2814 1858 2860 idola & Lege Dei vetitae, sive quis dicat, divinitatem illis exprimi, si
1090 2852 1855 2894 ve tantum proprietates aliquas Dei, aut actiones. Distinctionem es
1089 2882 1857 2928 nem talem Lex prohibens imagines Dei non admiitit, Deut. 4. v.
1092 2914 1872 2958 15, 16, 17, & 18. Cavebitis vobis ipsis valde: nam non animadvertistis
1097 2948 1861 2989 ullam similitudinem, quo die allocutus est Ichova vos in Chorebo e me¬
1102 2985 1862 3024 lio illius ignis: Ut non corrupatis vos, & faciatis vobis sculptile, similitus
1096 3013 1862 3057 d nem ullius simulacri, formam maris aut faeminae: Forma ullius ani¬
1098 3052 1864 3090 malis quod sit in terra; forma ullius avis alatae quae volat versus caelum;
1102 3081 1865 3124 forma ullius reperis in terra, forma ullius piscis, qui sit in aqua subter¬
1097 3116 1864 3156 ra. Omnis imago Dei factitia prohibetur simpliciter: nulla ergo con
1086 3148 1868 3194 ceditur ad hunc vel illum finem praeter & contra Verbum Dei praestitutum
1131 3179 1881 3224 Deinde Minor etiam falsa est: quia proprietates Dei sunt ipsae
1097 3216 1883 3261 Divina essentiat Ergo si proprietates Dei imaginibus exprimere.ut
