2063 3520
172 189 962 254 fidot est ex aulumm, auditus autem porPrbum Dei, Rom. 10. v. 17. Si
175 236 964 288 militer Christus non ait, Contemplamini imagines, sed, Scrutamin
172 275 958 322 Scripturas; nec ait, Imagines testantur de me: sed, illae nimirum Scri¬
177 308 969 358 pturae testamtur de me. Sic Petrus & Paulus non ad imagines jusse¬
172 347 965 392 runt populum relegari, ut ali illis discerent, sed Episcopis seu presby¬
179 378 965 425 teris mandarunt, ut ipsi docerent populum. Petrus ait i, epist. c. 5. 2.
178 404 970 450 Pascite Dei gregam, qui tenes vos est, nempe non picturis oculos, sed
181 444 974 486 verbo animus Et 2. Epist. cap. 1. 19. Habemus firmiotem sermonem
181 475 964 519 Prepheticum, cui recte facitis, quid attendatis, velut lucernae splendem
187 509 965 556 ti in obscuro loco. Paul, in epistolis ad Timoth:um & Titum Episco¬
193 536 968 583 bis & presbyteris injungit ut doceant. Hunc ergo ordinem doceno.
180 580 971 623 per Scripturam & praedicationem Verbi divini praescripsit in Eccle¬
189 603 969 659 sia Deus ipse. At Papistae quod Episcoporum erat, imaginibus tribu¬
186 642 975 691 erunt: atque ita ex imaginibus Episcopos, & vice versa ex Episcopis i¬
193 676 983 719 magines fecerunt. Nam Episcopi Papani oculos habent, nec tamen
190 713 984 760 vident: autes habent, neque: udiunt: corda habent, neque intelligunt:
189 750 980 781 ora habent, neque loquuntur. Contra imagines ipsorum oculos non
192 775 986 817 habent, & tamen singuntur ut videant: aures non habent, & tamen
193 810 985 857 fabricantur ut audiant: ora non habent, tamen in excelso ponuntur,
184 850 725 882 ut doceant & officio Episcoporum fungantur.
237 874 997 923 Ex horum sophismatum refutatione satis liquet, minime probati¬
186 908 759 952 a Papisti, posse, imagines ipsorum nun esse idola;
232 943 993 994 Non sunt igitur imagines in templis tolerandae, quae pro libris sint
189 973 463 1013 imperitae multitudini.
231 1016 985 1056 Neque enim decet nos sapientiores esse Deo, qui suam Ecclesiam
201 1046 976 1081 non mutis simulaeris, sed viva praed catione verbi sui vult erudir.
205 1079 992 1120 Jerem. 10. v. 8. At una ohhrutescuxt & stolide fiant; cruditio vanita¬
205 1114 991 1157 tum, eruditio ligni est, Habac. 2. 15, 19. Quid prosuerit sculptile, quod
207 1145 986 1185 sculpserit iliud fermator illius, fusite & dector fasi; quod confidat for¬
195 1184 998 1218 mator si, menti sut ipsi, faciendo idoa mutat Vae illi quid cit ligno, ex¬
202 1212 998 1258 pergiscert, evigla, lapidi silenti: ipse docet, ecce ipsum, continetur qui¬
211 1249 988 1282 dem auro aut argento, sed omnino spiritus nullus est in medio ejus
210 1282 1004 1322 Nec Deus alia ratione colendus est, quam ipse in verbo suo praescri¬
207 1313 386 1365 psit, Luc. 16. 29.
351 1357 868 1403 Sequitur confirmatio praecepti sicundi.
238 1398 1000 1453 Confirmatio specialis secundo praecepto Decalogi anjectitur, qui
216 1445 1000 1490 proclivis est admodum natura hominis ad imaginationes & modo¬
210 1480 998 1520 cultus religiosi, veritati & puritati ullius dicini adversantes. Illa au¬
209 1513 1022 1552 tem confirmatio secundi praecepti complectitur comminationem:
220 1547 1001 1586 & promissionem, ut ab idololatria, tanquam a peccato abominabili
217 1579 504 1618 nos effirac. us ab terreat
247 1608 935 1651 In comminationi ponuntur causae interdicti hujus magnae.
249 1651 755 1693 Prima est a natura Dei, quia ipse est Jehova.
246 1676 829 1717 Secunda a faedera gratiae, qu a ipse Deus noster est,
238 1706 1007 1753 Tertia, quia ipse est frtis, ut illius ad vindicandum potentiam for¬
209 1742 338 1791 midemus.
245 1782 1019 1824 Quarti a voluntate Dei conveniente cum natura ejus & federet
213 1816 1006 1859 gratiae, quia Deus est 2 loiS eu zelotypus, id est, quia hunorem sui
217 1853 1025 1883 alteri comminicari impune nun jquam sinit, ac severe anim idvertit
217 1877 1010 1915 in idololatras qui sp rituale conjugium, quod Deus cum illis inive¬
216 1911 413 1954 rat, disso verunt.
240 1941 1016 1986 Quinta ab opere justitiae divinae & eventu illius ad posteros pec¬
222 1979 1021 2021 cantium contra hoc praeceptum perveniente, qui, comininatione ea
219 2008 946 2058 minatur Deus poenas tum peccintibi, tumperantiu posteris
255 2041 1015 2080 Posteris idololat: arum minator Deus poenas duabus de causis:
257 2081 1018 2124 I. Vestendat quam abominabile Deo peccitum sit idololatria,
228 2115 1007 2157 quum:on tantum eos a quibus perpetratur, sed eorunt quoque posto¬
213 2144 1010 2184 ros tanquam meretricios partus poena involvat, Exod. 32. v. 34. 35.
238 2180 1004 2221 Quo die visitaturus sum, utique visita urus sum ad versus eos peccatum
226 2204 1007 2255 ipsorum. Itaque percussit Iehovo populum istum, propter id quod fecera¬
229 2246 1009 2288 illi vitulo quem fecit Aaron. hoc est, quoties novi peccati occasione
227 2277 871 2331 populum puniebat, punivit quoque hujus peccati nomine
265 2307 1019 2354 II. Ut saltem posteris metuentes a peccatis hominis abstineant.
255 2341 1005 2387 Posteros puniri propter peccara patentum justitiae Dei non re¬
222 2371 1015 2431 pugnat. Nam ea naturae pravitate sumus, ut nisi Deus singulari mise¬
228 2412 1015 2456 ricordia nos respiciat, omnes in parentum peccatis perseveremus.
231 2451 539 2499 Exemplum 1. Sam. 15. v. 2,:
458 2487 805 2541 Tantum de comminatione.
260 2545 1021 2595 In promissions huic praecepto adjuncta promittit Deus, se etiam
237 2576 842 2634 posteris piorum benedicturum. Ej sduae sunt causae
287 2600 1018 2666 Ut magnitudinem suae misericordiae erga pios fidem in spiri¬
232 2640 1027 2698 tuali conjugii Deo servantes erptimat, qua non tantum ipsis, sed eo¬
231 2680 934 2729 rum quoq posteris in faedere Dei perseverantibus benefacit
270 2701 1033 2763 2. Ut promissa felicitate posterorum, nos vehementius ad pieta¬
243 2756 379 2795 tem excitet.
274 2765 1024 2826 At in mill,simam generationem se benefacturum, in quartam so¬
243 2806 1016 2860 lummodo puniturum ait. ut testetur se non perditione, sed salute ho¬
239 2848 1048 2897 minum laetari, punire autem non nisi propter justit: ae suae manifesta¬
244 2878 1042 2929 tionem. Ac sicut poena non levis est oculis suis intueri poenas quas
246 2907 1047 2964 Deus a posteris exigit: ita eximia est consolatio piis parentibus, quum
243 2948 896 3002 miseri, ordiae divinae documenta in posteris suis cernunt.
394 3003 890 3051 eAdhuc de secundo praecepto: sequitur
590 3051 708 3091 tertium.
279 3086 1034 3148 TERTIUM praeceptum est: Ne assumito nomen Iehova Dei tui in va¬
251 3130 1028 3181 num: Nam non relinquet impunem I.hova eum, qui ossumserit ne¬
251 3176 500 3227 men ip sius in vanum.
285 3202 1031 3258 Tertio praecepto Decalogi praecipitur, ut Deum illum quem
246 3245 1044 3297 novimus ex praecepto primo, & colimus ex praecepto secundo, sem¬
1026 221 1818 264 per religiose profiteamur: quae res synecdochice nobis imperatur
1030 254 1825 286 dum prohiliet Deus vanam usurpationem nominis sui, eamque pro¬
1033 286 1828 328 nibitionem sancit gravi poenam: ac e contrario praecipit sanctum no¬
1024 314 1265 359 minis Jehovae usum;
1058 343 1829 398 Vana usurpatio nominis diuvini, est quum quid de Deo falsum aut
1033 389 1825 421 contumeliosum dicitur, aut quum per Deum ex levitate vel impie¬
1039 421 1822 458 pate falso vel temere jura ur, aut quum quis aliis ex consuetudine ve¬
1033 453 1828 491 vindictae studio dira imprecatur, &c. Sanctus usus nomini Ichovae, est
1033 487 1826 526 quum Deus glorificatur, pra dicatur, quum religiose invoratur &
1032 520 1828 561 adoratur, quum per nomen ipsius rite juratur, quum ipsi soli vota
1035 553 1414 596 nuncupantur & persolvuntur, &c.
1063 583 1826 629 Sanctio hujus praecepti continet comminationem roenatum, ut
1032 611 1832 664 Deus testetur nominis sui profanationem inter gravissima peccata.
1038 654 1838 700 esse. Non absolvet non relinquet impunem, id est, runiet quam
1045 682 1822 729 severissime Jehova eum qui assumserit nomem ejus in va¬
1036 717 1091 758 num.
1071 743 1838 791 QUA RTUM praeceptum est: Recordare dici sabbathi, ut sanct fices il¬
1038 775 1828 824 lum: SiX diebus operaberis, & facies omne opus tuum: Dies vero septi¬
1039 819 1837 857 mus sabbathum est Iehova Deo tuo: ne facito ullum opus tu, aut filius
1045 852 1830 890 tuus, aut filia tua, servus tuus, aut ancilla tua, aut jumentum tuum,
1042 883 1831 916 aut ferrgrinus tuus, qui est intra portas tuas. Nam sex dielus perfecit
1051 914 1831 949 Jehova caelum ipsum, & terram, mare, & quitquid est in eis, quievit
1041 947 1828 993 vero die illo septimo: Idcirco benedixit Iehova diei sabbathi, & sanctifi¬
1048 978 1184 1026 cavit illum.
1072 1021 1834 1066 Praeceptum quartum Decalogi imperat, ut diligenter & religiose
1054 1060 1844 1093 utamur omnibus exercitiis ad pietatis erga Deum officia pertinen¬
1050 1096 1831 1132 tibus, quibus in vera in Deum fide & obedientiae erga ipsum ma¬
1053 1125 1837 1171 gis magisque proficiamus: quam ad rem & diem Sabbathi po¬
1056 1160 1846 1210 bulo Israelitico praescripsit Deus ad sanctificandum eum & ante prae¬
1060 1192 1441 1235 cripserat inde a creatione mundi.
1077 1234 1852 1287 Hoc etiam praeceptum est morale & naturale, quamvis ex parte sit
1054 1269 1213 1313 ceremoniale.
1096 1301 1850 1346 Morale & naturale est, quatenus praecipit ut aliquis dies consecre¬
1057 1336 1838 1378 tur cultui divino publice in coetu communi exercendo: natura es
1062 1370 1840 1410 nim docet omnes homines hoc faciendum, & Gentes omnes etiam
1059 1403 1730 1442 veri Dei ignarae faciunt, & diem aliquem festum observant
1087 1443 1844 1481 Ceremoniale est, quatenus dem septimum seu ultimum septima¬
1062 1475 1853 1508 nae sanctificare jubet & ceremonias Mofaicas obsirvare: nam de¬
1072 1500 1856 1541 terminatio diei certi, ut hic potius quam alius sacer habeatur, natu¬
1059 1533 1204 1586 talis non est?
1101 1574 1861 1618 Partes quarti praecepti sunt duae: declavatio voluntatis Dei quid die
1067 1609 1780 1656 Sabbathi sit faciendum, quid non faciendum: & ratis praecepti
1096 1644 1851 1683 Prioris partis sunt itidem duae partes: una moralis: altera cere¬
1069 1680 1157 1721 menialis
1104 1709 1864 1761 Moralis pars, est quae praecipit sanctificationem sabbathi & prohibet
1102 1746 1318 1789 phanationem illius
1059 1746 1098 1796 pt.
1101 1771 1864 1816 Sanctificatio Sabbathi, est destinatio diei festi publico cultui Dei,
1072 1811 1855 1851 ut is opera sua in nobis pergat: seu, est ponere diem in sacri¬
1075 1850 1868 1892 occupationibus & exerci: iis operibusque a Deo praeceptis fieri die
1071 1876 1180 1914 Sabbathi
1108 1908 1862 1949 Partes ejus sunt quamor: meditatio varbi Dei, sacramentorum u¬
1075 1940 1865 1993 surpat o, publica Dei invocatio, & operum misericordiae aliarumque vir¬
1071 1976 1264 2018 turum exercitatio
1102 2003 1865 2050 Vult Deus certum tempus ministerio Ecclesiae destinari pro¬
1077 2038 1865 2074 ter duas causis: I. Propter imFecillitatem nostram, qui alias ra¬
1072 2074 1859 2114 ro ad meditationem rerum sivinarum nos totos conferimus. II. Ut
1065 2113 1673 2156 quies a labore detur iis, qui sub aliena potestate sunt,
1100 2139 1853 2189 Prophanatio Sabbathi fit per opera quae Deus fieri vetat sivi
1076 2181 1875 2220 semper ut peccata quolibet die fugiendo: sire die Sabbathi, ut opera
1078 2211 1873 2255 ervilia, hoc est, impedientia cultum Dei publicum & ministerium
1074 2246 1870 2290 Ecclesiae, Levit. 23. v. 25, 18 30. 36, quae aliis diebus facta, sunt bo
1075 2278 1850 2318 na ac Deo placentia, dic vero Sabbathi facta, per accidens peccat,
1075 2315 1852 2355 siunt. Non enim omnia opera sunt die Sabbathi prohibita, sed
1072 2353 1862 2389 tantum humana, id est, quae homines contra voluntatem Dei faci¬
1083 2374 1863 2423 ant: non autem divina, id est, quae Deus mandat fieri cum alias, tum
1068 2409 1342 2466 ineprimis die Sabbathis,
1110 2469 1829 2530 Sic expendimus declavationem uolunta: is Dei de san¬
1327 2514 1601 2574 ctificatione Sabbathi.
1122 2585 1856 2629 RATIO praecepti continet causas tur septimus dies, quietis diet
1080 2621 1856 2665 esse debuerit ab omnibus operibus servilib. Pimu causa est, ut die:
1087 2655 1856 2698 ille impenderetur in cultum Dei. Secunda, ut ne homo continuis la¬
1090 2689 1859 2731 boribus se aut suos fatigatet, sed misericors esse disceret erga servos
1093 2721 1862 2766 & ancillas imo etiam erga ipsa jumenta, ut clarius exponitur Exod
1083 2753 1859 2799 23. v. 12. S:X diebus facies opera tua, dis autem septimo cessato; ut quie¬
1090 2797 1865 2829 scat bos tuus & asinus tuus, &refpiret filius ancillae tuae & peregrinus.
1087 2826 1859 2865 Et Deuteron. 5. v. 14. Vt quiescat servus tuus & ancilla tua sicut tui
1095 2852 1854 2896 Tertia causa est, ut esset conntinua recordatio operum primae creati
1092 2889 1856 2933 onis & quietis divinae post iliam. Querio ut in eo tecolt retur perpe¬
1093 2918 1865 2970 tua memoria liberationis Israelitatum a servitute AEgyptiaca & ad¬
1090 2951 1858 3004 eptae quietis post immensos i los labores in AEgypto crantlatos, quae
1098 2988 1865 3036 causa exponitur Deut 5. v. 15. Memineris 1n servum suisse in ter¬
1099 3017 1862 3063 ra Aegipii, Ithovam vero Deum tuum eduxisse te inde manu serti
1101 3052 1872 3102 & brachio extento (id autem factum ipso die Salibathi, quo cecine¬
1092 3085 1865 3131 runt epinicion Domino: vide Ezod. 12. v. 25 &6 cap 15.) idurro pretiju¬
1092 3115 1863 3167 tibi T hiva Deus tuus, ut observes diem ipsam Sabbathi. Alia videan
1079 3158 1376 3200 tur in Catecheticis libris,
1258 3213 1709 3278 Hactenus prima tabula Decalogi¬
