2063 3520
248 141 1017 217 I. Quia in nobis post lapsum primorum parentum, primum
195 188 994 238 opus est resipiscentiae, ut recedamus a malo, ut qui in malo nati sum¬
200 232 988 275 secundum demum opus est effectio boni. Propterea mandata DE
204 265 990 320 sunt interdicti modo proposita, ut tum id in quo summe nos occupa¬
198 301 991 354 ri opus est, ostendatur; tum ex consequente praeceptum boni contra¬
205 329 420 377 rii subintelligatur.
288 369 920 433 Hactenus fuit explicatio Decalogi: sequitur de
497 417 719 474 usu legis moralis.
234 467 998 527 Legis impletio est nobis per peccatum corruptis in hac vita im¬
207 520 1009 562 possibilis, Rom. 8. 3. Etsi autem Deus a nobis ita corruptis postulet &
210 554 998 594 requirat, quod praestare a nobis ipsis non possumus: tamen lex mo¬
207 587 1004 638 ralis non est frustra a Deo tradita. Nam usus Legis moralis duplices
208 611 515 661 sunt; communes vel propri
235 652 997 692 Communes sunt, qui ad electos & reprobos ex aequo pertinent.
199 677 485 731 suntque numero octo:
238 709 1010 762 I. Ut revocet nobis in memoriam felicem statum in quo creati
207 741 1010 793 fuimus ab initio, in quo Deus nobis dederat facultatem perficiendi.
210 786 689 834 quod jubet; dederat posse praestare legem
231 818 998 859 II. Ut testetur se nostrum Dominum esse, qui jus habeat postu¬
204 852 999 902 landi a nobis perfectam illam obedientiam, ante lapium praeceptam.
219 889 1001 924 us enim suum per lapsum nostrum non amisit: Ideo merito etiam
208 928 1010 967 post lapsum a nobis obedientiam illam requirit, quia praestare eam
205 956 989 994 debemus & potestatem praestandi in prima creatione dederat: pro
213 990 1007 1034 pter ἀδυνκαιαν autem & impotentiam implendae legis per lapsum
198 1024 1000 1058 attractam, Deus jus suum non amisit, nec remittit: ac proinde tene¬
211 1057 1007 1101 mur Legem perfectissime implere sive per nos ipsos, sive per alium
205 1093 593 1134 tanquam sponsorem loco nostro
238 1124 995 1164 III. Ut repetat & illustret legem naturae per peccatum obtene
204 1153 1003 1195 bratam. Decalogus enim seu Lex Moralis legem naturae repetit,
205 1195 994 1233 eamque a tenebris & interitu vindicat. Unde lex naturae integrae &
195 1227 839 1267 incorruptae, est substantia eadem cum Lege Decalogi¬
243 1259 1006 1298 IV. Ut conservet disciplinam tam in renatis quam in non rena¬
201 1294 446 1341 tis, idque dupliciter
243 1324 1001 1365 Primo, quia obligat omnes homines, ut perfectam obedientiam
213 1357 1007 1399 praestent Deo, & regant locomotivam seu externa membra, ut exter¬
208 1394 598 1442 na facta congruant cum Lege Dei
232 1420 1003 1467 Secundo, quia promittit praemia Legem observantibus & sancit
207 1466 997 1507 poenas etiam corporales in hac vita, adversus eos qui admittunt ex¬
211 1501 1013 1532 terna delicta, quas Deus vel per Magistratum, vel aliis modis sumit
207 1531 997 1570 de sontibus. De hoc usu Legis Moralis dicitur I. Timoth. 1. v. 9. &
207 1569 1010 1603 10. Hoc sciens, nempe Legem justo positam non esse, sed Legis contemto¬
203 1595 994 1639 ribus, & iis qui subjici nolunt, impiis & peccatoribus, nefariis & profa¬
204 1632 1007 1673 nis, patricidis & matricidis, homicidis, scortatoribus, masculorum con¬
201 1666 1001 1710 cubitoribus, plagiariis, mendacibus, perjuris, & siquid aliud est quod sa¬
205 1697 494 1743 nae doctrinae sit oppositum
247 1729 740 1769 V. Ut doceat cognoscere qualis sit Deus
246 1764 797 1810 VI. Ut doceat quomodo colendus sit Deus
243 1797 1001 1838 VII. Ut doceat cognoscere peccata, Roman. cap. 3. versic. 19.
196 1829 998 1868 Per Legem agnitio peccati. Roman. 7. vers 7. peccatum non cognovini¬
201 1862 998 1905 si per Legem: Nam etiam cupiditatem non nossem, nisi Lex dixisset
210 1897 994 1935 Non concupisces. Ideo Lex arguit & accusat convincitque peccati o¬
207 1930 1001 1970 mnes libere sine respectu personarum: Quo pertinent haec loca scri¬
207 1966 992 2000 prurae, Roman. 11. vers. 32. Conclusit Deus omnes illos in contumacia¬
204 1995 998 2036 scilicet per Legem, ut interpretatur Cyrillus libro primo in Johan¬
202 2036 989 2069 nem, cap. 21. Deus per Ledem arguit & convincit omnes contuma
210 2062 1000 2099 ciae & peccati, ait Theophylactus in cap. 3. epist. ad Galatas ad v. 22. u¬
202 2094 998 2136 bi Paulus ait, Conclusit illa Scriptura omnia sub peccatum, id est, Lex
208 2135 491 2170 convincit omnes peccati
236 2157 991 2204 IIX. Ut omnes in conscientiis suis convincat, justitiam quae
210 2204 1003 2235 coram Deo consistat non esse in illis, sed omnes reos esse aeternae da¬
203 2226 997 2272 mnationis & mortis, Rom. 3. 19, 20. Scimus autem, quaecunque Lex di¬
203 2269 995 2306 cit, iis qui in Lege sunt dicere: ut omne os obthuretur, & obnoxius flat.
208 2300 994 2335 totus mundus condemnationi Dei. 1. Cor. 15. 56. vis peccati, Lex. Ro¬
207 2327 1001 2369 man. 4. v. 15. Lex iram efficit, id est, iram Dei denunciat nosque subjectos
198 2361 992 2405 esse ira Dei proclamat: Et cap. 7. mandati illius adventu peccatum
199 2395 992 2445 quidem revixit, rgo vero mortuus sum, &c. id est, postquam Legem cog.
204 2434 992 2475 novi, me morte & damnatione dignum intellexi. 2. Cor. 3. v. 7. Lex es¬
204 2469 1004 2509 mortis ministerium: quia facit ut ex agnitione peccati intelligamus
195 2500 563 2541 nos morte aeterna dignos esse.
243 2522 1009 2578 Usus Legis proprj alterutrorum sunt, qui vel ad electos tantum, vel
201 2565 552 2613 ad reprobos tantum pertinent.
232 2598 935 2641 Usus Legis peculiariter ad electos pertinentes sunt quinque.
232 2630 1004 2670 I. Ut accendat in electis desiderium quaerendi sempiternam ju¬
205 2665 995 2707 stitiam & remissionem peccatorum in Christo. De hoc usu dicitur
202 2697 996 2739 Rom. 10. 4. Finis Legis est Christus, ad justitiam cuivis credenti. Gali
210 2731 989 2784 3. 24. Lex paedagogus noster fuit in Christum, ut ex fide justificaremus
234 2765 995 2805 II. Ut excitet & augeat in electis conversionem ad Deum &
208 2800 996 2841 resipiscentiam, Ps. 19. 8. Doctrina Iehovae integra est, convertens ani¬
205 2835 270 2875 mam.
234 2860 997 2908 III. Ut incitet & impellat electos ad charitatem Dei & proxi¬
193 2899 1004 2940 mi, ad conatum obediendi & placendi Deo, ad perpetuam meditati¬
196 2941 1003 2978 onem & implorationem gratiae Spiritus Sancti, quo indies magis ac
199 2966 1001 3007 magis ad imaginem Dei renoventur, 1. Tim. 1. vers. 5. Finis mandat.
204 2998 1008 3040 est charitas ex mundo corde, & conscientia bona & side minime simu¬
194 3031 998 3073 lata. Rom. 13. 8, 9, 10. Nemini quicquam debete, nisi hoc ut alij alios di¬
195 3066 1000 3114 ligatis: Nam qui diligit alterum, Legem implevit. Siquidem illud, Non
208 3106 997 3140 moechaberis, Non occides, Non furaberis, Non falsum testi monium dices.
198 3144 1006 3178 Non concupisces: & si quod aliud est mandatum, in hoc sermone sum¬
195 3164 1022 3209 matim comprehenditur: nempe diliges proximum tuum sicut teipsum.
199 3198 996 3258 Charitas proximum non afficit malo. Itaque charitas est completio Le¬
193 3238 233 3289 gis.
1074 174 1850 221 IV. Ut exciter & augeat in illis desiderium perfectionis, quam
1053 214 1838 266 assequemur in altera vita, in qua rursus erimus perfecte conformes
1054 244 1163 287 cum Deo.
1096 279 1844 327 Ita Lex nobis imperata est, quam in hac vita perfecte implere non
1057 311 1846 352 possumus; ut admoneremur quid fide exposcere, quo spem praemit¬
1059 352 1851 401 tere, & obliviscendo quae retro sunt, in quae anteriora nos extenderet
1058 376 1181 419 debeamus.
1093 405 1837 461 V. Ut sit electis norma recte & sancte vivendi, seu regula oper
1053 446 1843 489 rum bonorum: docet enim quae opera Deo placeant, quaeve displice¬
1056 486 1840 530 ant, Psal. 1. v. 2. Et Psal 119 v. 1. Beati integri via, qui ambulant in legi
1044 511 1496 554 Iehovae, & passim per totum Psalmum:
1092 541 1711 590 Usus Legis tantum adreprobos pertinentes sunt tres
1092 583 1834 622 I. Ut reddat ipsas inexcusabiles, Rom. 1. 32. Qui Dei jure agnit
1066 609 1843 655 (uempe eos qui talia faciunt, dignos esse morte) tamen non solum ea sa¬
1060 654 1845 694 ciunt, sed etiam facientibus applaudunt. Et ca. 2. v. 1. Quapropter inex¬
1060 685 1846 722 cusabilis es ô homo, &c. Et v. 14, 15. Nam quum Gentes quae Legem non
1061 709 1846 761 habent, natura quae Legis sunt faciant, isti Legem non habentes, sibiipsis
1052 749 1837 786 sunt Lex: Vt qui astendant opus Legis scriptum in cordibus suis, una te¬
1060 779 1847 826 stimonium reddente ipsorum conscientia, & cogitationibus sese mutuo
1059 818 1488 851 accusantibus, aut etiam excusantibus.
1086 851 1713 890 2. Ut ipsos magis induret, sed ipsorum non suo vitio¬
1086 884 1849 924 3. Ut praepatet eos ad desperationem. Etsi enim multi impii se¬
1059 917 1850 962 curitate obcoecati, peccatum ad tempus non agnoscant: tandem ta¬
1060 949 1676 986 men eos conscientiae terrores & cruciatus opprimunt.
1082 980 1826 1025 Lex Moralis est perpetua & abrogari non potest salvis moribus.
1143 1025 1750 1080 Haec de Lege Dei Morali: sequitur de Lego,
1267 1062 1614 1115 Divina ceremoniali & fo¬
1411 1106 1481 1156 rensit
1089 1149 1837 1203 Hae quidem Leges etiam aliquo modo citca mores occupantur
1065 1190 1849 1235 quia tamen salvis moribus mutari & abrogari poterant, morales non
1053 1223 1162 1260 dicuntur.
1083 1255 1847 1298 Lex divina ceremonialis per Mosen data, est Lex quae praecipit de
1066 1292 1853 1332 ultu Dei externo, qualem Deus olim in Ecclesia Veteris Testamen¬
1054 1320 1262 1364 ti voluit observar
1083 1354 1840 1397 Ejus praecepta sunt duum generum: nam quaedam pertinebant ac
1062 1391 1846 1429 significandas res spirituales & erudiendos fideles de ratione salutis
1066 1427 1850 1474 ipsorum aeternae per Christum venturum: quaedam spectabant ad
1060 1456 1163 1497 ordinem.
1089 1487 1849 1532 Prioris generis praecepta coremonialia sunt de Sabbatho: de Sacra¬
1070 1525 1837 1564 nentis: de sacrificiis: de tabernaculo & templo: de legalibus obser¬
1062 1562 1843 1594 vationibus in discrimine ciborum mundorum ab immundis, in abs¬
1059 1594 1840 1631 tinentia a sanguine, a suffocato, ab hoedo in lacte mairis cocto, a pri¬
1062 1628 1840 1662 mis fructibus terrae primogenitisque animalium, in aratione, satione
1062 1662 1843 1696 arborum, &c. de sacris personis, rebus, muneribus actionibus: de lo¬
1055 1697 1849 1737 tionibus & purificationibus variis, &c Huc pertinent sequentia di¬
1062 1724 1853 1761 cta Scripturae Sacrae: Genes. 2. vers. 3. Benedixit Deus diei septimo &
1062 1761 1840 1796 sanctificavit ipsum. Exod. 20. vers. 10. Dies septimus Sabbathum ex
1053 1792 1853 1833 Iehovae Deo tuo. Genes. 17 v. 10, 11. Hoc est fedus meum inter me &
1069 1814 1852 1859 vos & semen tuum post te, quod servabitis; ut circumcidatur vobis o¬
1052 1857 1840 1896 mnis mas. Circumcidetis igitur carnem praeputij vestri, ut sit signum fe¬
1056 1889 1844 1925 deris inter me & vos. Coloss. 2. v. 10, 11; Et estis in eo completi qui est
1063 1927 1841 1958 caput omnis imperij ac potestatis: In quo etiam circumcisi estis circum.
1050 1963 1845 1996 cisione quae sit sine manibus, corpore peccatorum carnis exuto per circum.
1053 1997 1843 2030 cisionem. Et v.16. Ne quis igitur vos damnet ob cibum vel potum, aut.
1056 2025 1840 2057 respectu festi, aut novilunii, aut Sabbathorum 1. Corinth. 5. vers. 7. Pa¬
1056 2059 1834 2094 scha nostrum, pro nobis sacrificatum est, nempe CHRISTUS Gent.
1053 2091 1849 2127 c. 8. vers 20. Exstruxit Noachaltare Iehovae, & accipiens ex omnibus.
1059 2123 1844 2156 mundis pecudibus, & ex omnibus volucribus mundis, obtulit holocau:
1053 2155 1847 2193 sta in altari illo. Denique leges ceremoniales latas fuisse a Deo pro¬
1059 2191 1834 2224 pter typum & significationem Christi & regni ejus, salutisque nobi
1062 2224 1849 2266 per Christum partae, ex professo docet epistola ad Hebraeos, a capite
1062 2258 1403 2300 quarto usque ad finem decimi.
1086 2281 1834 2326 Posterioris generis praecepta ceremonialia, sunt quae spectant ad ordi¬
1050 2324 1841 2360 nem in cultu Levitico a Deo praescriptum & circumstantias ceremo¬
1051 2356 1241 2400 niarum omnium.
1080 2381 1831 2431 Lex divina forensis seu judicialis per Mosen data, est lex quae praeci¬
1055 2421 1838 2465 pit de gubernatione Politica in populo Judaico, hoc est, de ordine &
1047 2457 1834 2497 officiis Magistratuum, judiciorum, poenatum, contractuum, de di¬
1052 2488 1843 2525 stinctione dominiorum, &c. in hunc finem lata, ut justitia inter cives
1060 2523 1838 2564 & tranquillitas publica vigeret, & Leges Dei a contemtu vindicaren.
1057 2563 1086 2599 tur?
1090 2573 1835 2631 Haec ergo Lex tantum vel saltem praecipue externam corpoiralem
1054 2622 1829 2668 politiam, seu civilem gubernationem spectabat; non fidem & reli¬
1052 2660 1143 2708 gionem.
1096 2676 1832 2731 Continet statura duam generum; alia enim sunt mere judicialia.
1053 2723 1754 2763 alia habent admistum aliquid morale, aut etiam ceremoniale.
1087 2743 1829 2797 Mere judicialis statuta, sunt exempli gratia quae Exod. 21, pmul¬
1063 2793 1841 2840 gantur de homicidis, de vim facientibu de maledicente patenub. &c.
1086 2825 1828 2862 Iudicialiae stututa mixta passim occurrunt: ut quod Lev. 25. v. 23.
1065 2854 1840 2896 praecipitur; Terra ne venditer legi mancipii, mea enim est illa terru:
1051 2882 1832 2935 nam peregrini & inquilinst vos estis apud me. Haec Lex simpliciter S
1054 2927 1831 2965 secundum se potest absolute civilis esse, & civiliter ferii atque obser¬
1063 2951 1834 2996 vari: Sed quod a Deo imperata est populo Israelitatum, id ex princi¬
1057 2993 1834 3038 pio sive fundamentos ceremoniali profectum est, quia Deus se man¬
1053 3020 1838 3068 cipem illius terrae, & terraim vel regionem illam optima lege munci¬
1066 3060 1832 3101 pii ad se pertinere, nec ad alium queinquam, ceremoniali observatio¬
1063 3093 1838 3129 ne voluit ostendere, & Israelitas hoc pacto jussit constantissime pro¬
1060 3125 1837 3168 fiteri beneficium DE:: quemadmodum Domini vasallis suis quos
1054 3161 1837 3198 vocant Feudatarios, aut etiam Emphyteutis solent imponere le¬
1062 3185 1831 3238 gem aliquam siduciariam, aut aliam quamvis, & sibi domi¬
1054 3220 1847 3266 nium merum semper vindicare. Ex hoc fundamento in cundem
