2063 3455
207 158 983 206 demum tora simul erit in extremo die, quum eam Christus addu
207 203 998 239 cet & sistet Patri, 1. Corin. 15. Quarto dicimus, Ecclesiam vere Ca¬
211 226 995 267 tholicam errare non posse, scilicet finaliter. Etsi enim in re aliqua
207 262 997 302 falli & errate potest, tamen in mortifero errore ad finem persistero
210 301 1004 343 non potest: ut Ecclesia Jerosolymitana ex Apostolis & discipulis
212 333 991 381 Christi co lecta erravit, cum cred dit Christi regnum terrestre futu¬
212 366 998 406 rum, Actor 1. vers. 6. sed in errore eo Christus Ecclesiam permane.
213 401 1001 442 re passus non est. Itaque fatendum est, Ecclesiam universalem errare
219 428 995 474 posse atque aliquando errasse. Falli autem & errate nunquam posse
212 465 374 506 solius Dei est,
255 488 997 540 DECIMUMOCTAVUM: Quisquis tantum declavat, Scriptu¬
219 527 1007 569 ram Sacram esse authenticam, sed non facit authenticam, ab eo Scri¬
225 561 923 608 pturae Sacrae autoritas nullo modo pendt, ne quidem quoad nos.
267 597 1004 642 At Ecclesia tantum declavat, Scripturam Sacram esse authenticam,
216 631 626 677 non autem facit eam authenticam:
261 663 359 708 Ergo, &c.
260 685 1006 738 Maior certa est, quia authenticum dici nihil potest quod nulli au¬
193 730 1013 774 n thenticum videatur. Illud enim authenticum dicitur, quod sibi ad fi¬
232 767 1000 816 dem sufficit, quod ex se autoritatem habet, quod seipsum commen
238 799 446 845 dat, sustinet, probar
270 835 749 871 Minor vera est adversariorum confessione.
264 860 1011 906 DECIMUMNONUM: A quocunque Scripturae Sacrae auto¬
226 898 1007 939 ritas quoad nos pendet, id necessario & perpetuo efficit ut Scriptura Sa¬
225 940 772 970 tra apud nos autoritatem authenticam obtineat.
274 970 1016 1012 At Ecclesia non efficit necessurio & perpetuo, ut Scriptura Saera a¬
243 996 817 1037 pud nos autoritatem authenticam obtineat: Ergo, &c.
273 1026 1018 1069 De maiore propositione dubitatio esse nulla potest: quia posita ve¬
237 1061 1009 1104 ra, propria, necessaria & sufficiente causa authenticae illius autoritatis
232 1102 1006 1143 quam Scriptura Sacra apud nos obtinet, effectum ipsum poni ne¬
232 1133 1025 1177 cesse est; Ut a Spiritus Sancti interno testimonio Sacrae Scripturae
241 1164 1026 1203 autoritas quoad nos pendet, propterea Spiritus Sanctus necessario
243 1205 1024 1242 & porpetuo efficit ut Scriptura Sacra apud nos autoritatem authen¬
234 1235 419 1277 ticam obtineat.
280 1259 1024 1309 Minorem propesitionem experientia confirmat. Ecclesia enim pri¬
238 1299 1019 1344 mitiva non potuit persuadere innumeris Philosophis & aliis gentili¬
251 1331 1028 1371 bus ut Scripturam Propheticam & Apostolicam pro divina & reli¬
250 1368 1025 1414 gionis divinae Canone agnoscerent: quod testantur tot persecutio¬
246 1406 1022 1438 nes contra Christianos motae, tot scriptiones & calumniae contra Eo¬
241 1434 1022 1472 clesiam Christianam disseminatae, tot scripta Ecclesiastica Gentili
246 1465 1022 1508 bus opposita, ut Justini Martyris, Athenagorae Atheniensis, Tertul
241 1498 1025 1538 liani, Lactantii, Arnobii adversus Gentes, Athanasii contra Genti¬
244 1531 1034 1570 les, Theodoreti de curatione Graecarum affectionum & aliorum.
253 1566 1022 1603 Tum multis etiam Christianum nomen profitentibus, videlicet hae¬
256 1602 1031 1640 reticis, non potuit persuadere Ecclesia ut eos libros Propheticos &
243 1633 1022 1674 Apostolicos quos rejiciebant, pro vere divinis agnoscerent & habe¬
253 1665 1028 1708 rent, ut abunde patet ex Bellarmini libro primo de verbo Dei, capi
258 1704 1027 1741 te quinto & sexto, in quibus agit de haereticis qui libros Testament.
258 1732 1021 1770 Veteris & Novi oppugnabant. Similiter Ecclesia suo testimonio ne
252 1764 1024 1809 potuit efficere, ut Scriptura Novi Testamenti apud Judaeos pro di¬
268 1800 1027 1838 vina haberetur. Quin etsi Ecclesia adhuc constanter testetur & as¬
255 1831 1030 1871 severet, Scripturam Propheticam & Apostolicam esse vere divinam
252 1871 1037 1903 & Canonicam: tamen hoc non potest efficere apud innumeram
262 1896 1031 1939 multitudinem hominum, utpote apud Turcas, Saracenos & alios
250 1929 767 1969 Gentiles, ut eam pro tali habeant & suscipiant
282 1964 1031 2007 VIGESIMUM: A quocunque Sacrae Scripturae autoritas quoaa
259 1996 1030 2033 nos pendet, ab eo fidem, qua Scripturae Sacrae ut verbo Dei credimus, no¬
253 2030 500 2074 bis infundi necesse est:
291 2061 1016 2101 Atqui ab Ecclesia fides qua Scripturae Sacrae ut verbo Dei credimus
255 2095 944 2135 nobis non infunditur, neque vero etiam infundi potest;. Ergo, &c.
298 2127 1035 2171 Maior propositio sic probatur: Quicquid est proxima, immediata &
255 2157 1021 2202 sufficiens causa, quae vi sua efficit ut Scripturam Propheticam & A
264 2198 1025 2235 postolicam acceptemus, ab eo profecto fides illa nobis infunditur?
250 2238 1025 2274 inseritur. ingeneratur: Ratio est, quia Scripturae ut verbo Dei non po¬
248 2264 1022 2299 test quisquam credere sine fide infusa. Jam vero id a quo Scriptura
256 2299 1023 2341 Propheticae & Apostolicae autoritas quoad nos pendet, & proxima
249 2330 1024 2368 immediata & sufficiens causa quae vi sua efficit ut Scripturam Pro¬
250 2367 806 2410 pheticam & Apostolicam acceptemus. Ergo, &c.
292 2389 1028 2434 Minor propositio adversariorum confessione vera est. Quod enim
252 2421 1018 2464 a solo Deo in nobis generatur, id ab Ecclesia nobis non infunditur
253 2501 1045 2541 credimus, a solo Deo in nobis generatur: Ergo ab Ecclesia nobis non
250 2526 377 2566 infunditur.
288 2556 1034 2598 Assumtio prosyllogismi, quo propositio minor probatur, certissima
247 2462 1054 2498 At fides, quam Scripturae Propheticae & Apostolicae ut verbo Dei
255 2590 1033 2637 est: quia etsi mitacula quis edat maxima; tamen nemo credit ei, nisi
256 2627 1030 2666 is cujus cordi fidem Deus inspirat, ut constat ex Deuteronom. 29.
252 2665 1026 2704 vers. 2. 3. 4. Convocans Moses omnes Israelitas, dixit eis; Vos vidisti
252 2700 1028 2739 omnia quae fecit Iehova ante oculos vestros in terra EEgypti, Pharaon
255 2731 1037 2765 & omnibus servis eius, totique regioni eius: Probationes illas maximas
252 2760 1037 2797 quas viderunt oculi tui, signa & prodigia illa maxima. Sed non dede¬
252 2788 1024 2828 rat vobis Iehoua cor ad cognoscendum, & oculos ad videndum, & au¬
258 2827 1045 2861 res ad audiendum, usque in diem hunc. Ita Pharisaei & Scribae & alii¬
258 2857 1044 2904 Judaei plurima miracula Christi v derunt, nec tamen Christo & Apo¬
262 2890 1047 2938 stolis crediderunt: multo minus igitur crederetur Ecclesiae, nude ali¬
254 2923 452 2970 quid asseveranti.
295 2951 1045 2995 VINESIMUMPRILUM: Quod recentius est quam Scriptura
264 2987 1040 3041 Sacra, ab eius testimontio Scripturae Sacrae autoritas nullo modo pen¬
259 3017 299 3058 dete
297 3050 943 3099 At Ecclesia est recentior quam Scriptura Sacra: Ergo, &c.
300 3083 543 3131 Moior per se clara est:
297 3119 1035 3169 Minor inde patet; quia etiam prima omnium Ecclesia, quae in Pa¬
264 3150 1048 3197 tadiso fuit, exstitit per & post verbum Dei, & quidem non aliud
261 3192 1042 3233 verbum Dei, quam illud ipsum quod jam in Scriptura continetur:
1053 155 1852 199 Ecclesiam vero hodiernam, imo quaecunque post Apostolorum te¬
1060 192 1858 239 pora fuit, posteriorem esse Scriptura & quoad substantiam, hoc
1057 225 1860 261 est, verbum Dei, seu doctrinam ipsam calestem: & quoad acci¬
1065 261 1856 310 dens, hoc est, scriptionem eius, extra controversiam est, ut supra di¬
1056 295 1116 333 ctum
1096 320 1863 362 VIGESIMUMSECUNDUM. Quod ipsummet Scripturae Sacrae testi¬
1068 365 1862 409 monio eget & nititur, ab eo nullo modo Scripturae Sacrae autoritas pen¬
1059 395 1106 433 det
1096 427 1871 466 At Ecclesia ipsamet Scripturae Sacrae testimonio eget & nicitur: Er¬
1087 460 1127 501 S&
1098 485 1449 539 Maior propositio per se vera est
1095 526 1861 567 Mnor inde patet, quia Ecclesia, se esse veram atque orthodoxam Ec¬
1065 559 1868 599 clesiam, probat testimonio Scripturae, nec aliunde id probare po¬
1074 600 1855 643 est. Sicut Chrysostom? in Matthaeum homilia quadragesimanona in o¬
1074 627 1868 661 pere imperfecto tertii tomi, pagina septingentesima vigesimasecun¬
1060 664 1871 704 dam Edit. Frobenianae Anni 1530. ait: Nulla probatio potest esse verae
1078 698 1871 733 Christianitatis, neque refugium potest esse Christianorum aliud, vo¬
1075 728 1870 763 lentium cognoscere fidei veritatem, nisi Scripturae diuinae. Antea enim
1078 767 1868 806 multis modis (viva voce Apostolorum, mitaculis ipsorum, prophae
1069 797 1861 840 tiis seu praedictionibus futurorum & Scripturis SacrisJ ostendeba¬
1066 827 1868 869 tur, quae esset Ecclesia Christi & quae Gentilitas: nunc autem nullo mo¬
1065 858 1871 905 do cognoscitur volentibus cognoscere quae sit vera Ecclesia Christi, nist
1072 903 1397 938 tantummodo per Scripturas.
1112 929 1874 969 VIGESIMUMTERTIUM: Quodcunque testimonium vari¬
1065 962 1874 1012 um & a seipso dissidens ac proinde dubium, incertum & fallax ist, ab eo
1067 1002 1664 1044 profecto autoritas Scripturae Sacrae nullo modo pendet
1116 1024 1873 1079 At testimonium Ecclesiae est varium & a seipso dissidens ac proinde
1069 1064 1507 1104 dubium, incertum & fallax: Ergo, &c.
1117 1093 1871 1133 Major extra controuersiam est; quia fidoi infallibilis debet esse in¬
1057 1125 1345 1178 fallibile fundamentum
1123 1156 1867 1202 Minor inde patet; quia Ecclesia de libris Scripturae varie & dis¬
1075 1202 1874 1234 crepanter statuit, quosdam libros modo ex divinorum censu ex¬
1086 1229 1868 1266 cludens, modo in cum recipiens: quod probat iudiciorum Eccle¬
1089 1264 1865 1300 siae de divinis Scripturis collatio. Mox post tempora Apostolo
1089 1301 1874 1335 rum, Ecclesia Graeca aliter pronunciavit de quibusdam libris,
1083 1330 1883 1371 quam Latina. Graeca epistolam ad Hebraeos pro divina agnovit,
1084 1365 1877 1401 Latina non agnovit, sicut testatur Hieronynius tomo quinto, Com¬
1087 1398 1877 1436 mentariis in sextum caput Esaiae, pagina trigesimaquinta Editionis
1090 1431 1883 1465 Frobenianae Anni 1525. ubi ait, Unde & Pautus Apostolus in epistola
1087 1466 1871 1507 ad Hebraeos, quam Latina consuetudo non recipit, Nonne omnes, in¬
1092 1501 1877 1541 quit ministri sunt spiritus? Et tomo epistolarum tertio, epistola ad
1093 1531 1880 1570 Dardanum pag. sexagesimanona editionis Frobenianae Anni 1524.
1086 1565 1883 1599 ait, Quod si eam (nempe epistolam ad Hebraeos) Latinorum con¬
1088 1597 1882 1639 suetudo non recipit inter Scripturas Canonicas, neque Graecorum qui¬
1092 1631 1885 1668 dem Ecclesiae Apocalypsin Iohannis eadem libertate suscipiunt. Pro¬
1083 1661 1880 1710 inde Ecclesia Latina, hoc est, Romana aut olim erravit in epistola
1096 1698 1880 1734 ad Hebraeos repudianda, aut nunc errat in ea suscipienda. Concilium
1086 1731 1879 1769 Laodicenum confirmatum a Sexta Synodo Generali, e numero di¬
1093 1763 1886 1802 vinorum librorum exclusit librum Tobiae, Judithae, Sapientiae Sa¬
1083 1797 1881 1836 lomonis, Ecclesiastici seu Jesu Syrachi, Machabaeorum. Ante Con¬
1086 1832 1874 1869 cilium fecerunt idem Melito Sardensis Ecclesiae antistes, Origenes
1092 1867 1885 1903 Athanasius in Synopsi Sacrae Scripturae, Gregorius Nazianzenus;
1089 1900 1879 1943 & post Concilium Hieronymus, Ruffinus Aquilejensis, Epiphani¬
1083 1931 1879 1970 us, Johannes Damascenus & alii, ut alibi ostensum. At Concilium
1083 1963 1875 2002 Carthaginense tertium, Canone quadragesimoseptimo, quam
1097 2005 1877 2042 quam is adulterinus est, mutato judicio eosdem libros divinos & Ca¬
1080 2037 1882 2072 nonicos fecit, quem adulterinum Canonem secutum est Concilium
1082 2064 1891 2101 Tridentinum & ipsum adulterinum vel potius adulterum, cum spi¬
1084 2101 1478 2137 rituale adulterium confirmaverit.
1125 2133 1886 2175 Olim contradictum fuit epistolis quibusdam veluti Jacobi & Ju¬
1087 2160 1887 2199 dae, & posteriori Petri & secundae & terriae Johannis, ut patet ex Eu¬
1083 2199 1888 2237 sebii libro secundo Historiae Ecclesiasticae, capite vigesimotertio, ubi
1083 2237 1883 2272 de epistola Jacobi ait, ἐσεον ως νοθευεται μιν. κ πολλει γῆν τῶν παναι
1089 2268 1885 2303 ἀθτης εμγημονδυσαν, ως κδε τῆς λεγομινης ικδα. hoc est, Sciendum, eam
1091 2300 1877 2340 esse adulterinam, non multi quippe antiquorum eius meminerunt, vi
1083 2337 1883 2377 neque epistola quae dicitur Iudae. Et Hieronymus in Catalogo scripto¬
1086 2363 1898 2410 rum Ecclesiasticorum de ea ait, quod ipsa ab alio quodam sub lacobi
1111 2395 1344 2435 omine edita asseritur.
1077 2402 1102 2434 n
1119 2421 1892 2465 ExCIPIT Duraeus, Eusebium fiaudulenter citari, Hieronymum
1070 2463 1889 2508 Ivero mutilum: Eusebium hoc sibi velle, a quibusdam hanc episto¬
1083 2496 1882 2535 lam non haberi Jacobi; Eam tamen a plutimis Ecclesiis receptam
1091 2536 1886 2570 esse; Eusebium etiam de autore epistolae hujus minime dubi asse:
1098 2564 1888 2607 Hieronymum vero illico superioribus verbis addere, (icet paulatim
1095 2603 1562 2642 tempore procedente obtinuit autoritatem,
1126 2631 1895 2669 REPLICATIO nostra. Duraeus vim & verbis & sententiae Fuse¬
1093 2654 1888 2700 bii manifestam affert, vθευν ος enim libri dicuntur, non qui alterius
1093 2697 1886 2740 esse autoris putantur, quam illius cui vulgo adscribuntur, sed qui
1087 2729 1259 2772 sunt adulterini
1119 2764 1886 2807 Quapropter Eusebius non ait, a quibusdam non haberi seu reci¬
1089 2797 1898 2838 pi pro Jacobi epistola: sed τοῦ ἐακωρκη πξῶτη τῶν σνεμαζομεναν καθε¬
1092 2834 1886 2875 λικῶν ἐπισολῶών ειιαι λεγεταμ,εσοον ως vοθευεταμ μεν. hoc est, lacebi, pri¬
1105 2872 1898 2909 ma earum quae nomin intur Catholicae epistolae, esse dicitur. Mex pa¬
1098 2894 1887 2931 lam suum judicium verbis apertissimis declarat; Sccendum esse ad¬
1095 2932 1897 2964 ulterinam quidem. Quod deinde subjungit Eusebius, Sc nd ui ta¬
1105 2962 1889 2999 men, eam publ ce a purimis Ecclesiis receptam esse: Ex eo non potest.
1094 2996 1895 3035 concludi, illam divinam & Canonicam esse judicatam ab Tusebio,
1098 3030 1891 3071 quia libro tertio, capit vigesimo tertio etiam librum Pastoris, quem
1099 3064 1890 3104 Hermae vulgo tribuunt, ait δεδημοσιδυμινον, hoc est, publite receptam,
1113 3097 1889 3132 uem tamen ἐν νυτυις numerat. Quo in capite etiam epistolam Jaco¬
1101 3134 1898 3170 bi non refert inter libros Novi Testamenti oμολογημιιες, hoc est,
1098 3163 1882 3199 certos & exploratos, qui omnium confessione sunt divini & Cano¬
1102 3203 1895 3245 nici, sed inter αυτιλεγειιίνος, hoc est, dubios, controversos, quibus
