2063 3528
478 215 799 267 CAPUT XII.
450 256 812 327 In quo de Persona Christi.
237 301 1022 368 UEMADMODUM finis Legis est Christus; teste Paulo Apo¬
290 346 1019 388 Pstolo Rom. 10. vers. 4. ita Evangelii specialiter ac proprie ac¬
285 376 1015 417 m cepti subjectum proprium de quo agit, est idem Christus Ser¬
228 403 1013 454 vator ille mundi. Hic est thesaurus ille in agro Evangelii abscondi¬
241 441 1012 483 cus, Matth. 13. v. 44. Hic est margarita illa pretiosissima, cujus con¬
225 472 1020 521 sequendae & retinendae gratia, omnes facultates hujus mundi potius
233 511 684 551 deserendae & amittendae, Matth. 13. 46.
261 532 1024 580 Christus porro aut proprie dicitur, aut Synecdochice ex Scriptura
234 573 1027 620 usu: proprie, ut persona in se: Synecdochice vero, ut constituens cum
225 610 1036 652 Ecclesia sua unum quid, quod recte etiam Patres totum Christum &
241 652 937 693 Christum mysticum appellaverunt ex Paulo 1. Cor. 12. v. 12.
278 672 1028 718 Augustinus septimo tomo, libro de unitate Ecclesiae, capite 4.
229 705 1018 750 Totus Christus caput & corpus est: Caput unigenitus Dei Filius, &
243 751 868 793 corpus ejus Ecclesia, sponsus & sponsa, duo in carne unis
280 773 1033 819 Christus igitur duobus modis consideratur: absolute ut persona.
240 810 997 858 in se: & relate ut persona ad Ecclesiam suam affectionem habens.
267 837 1027 882 Christus proprie est nomen non naturae, sed personae consistentis
236 878 1034 936 ex duabus naturis, significans simul officium personae illius; & sic de¬
247 918 326 959 finitur:
280 936 1025 990 Christus proprie est unigenitus & aeternus Filius Dei, homo fa¬
234 978 1033 1024 ctus propter nostram salutem, unctus a Deo ut esset summus aeter¬
243 1015 1027 1058 nusque Propheta, Sacerdos & Rex noster, quemadmodum ad ho¬
240 1050 1027 1086 ordinatus fuit ante jactum mundi fundamentum. Johan. 1. vers. 24.
241 1086 1031 1123 Et Sermo ille factus est Caro, & commoratus est inter nos, (& specta¬
241 1116 1040 1157 vimus gloriam ejus, gloriam, inquam, ut unigeniti a Patre,) plenus
243 1154 1036 1196 gratiae ac veritatis. I. Johan. 4. v. 2. Ex hoc cognoscite Dei Spiritum.
255 1189 1039 1226 quicunque Spiritus profitetur Iesum Christum in carnem venisse, ex
249 1214 1045 1260 Deo est. 1. Timoth. 3. v.16. Et sine controversia magnum est pietatis
253 1252 1031 1292 mysterium: Deus conspicuus factus est in carne, justificatus est in spi¬
255 1281 1035 1323 citu, conspectus est ab Angelis, praedicatus est Gentinus, fides illi ha¬
237 1323 1030 1354 bita est in mundo, sursum receptus est in gloriam. I. Petr. 1. v. 18, 15.
249 1350 1033 1386 20. Vt qui sciatis vos non caducis rebus, argento vel auro; fuisse res
243 1387 1043 1421 demtos ex vana illa vestra conversatione, a patribus tradita: Sed¬
243 1421 1041 1461 pretioso sanguine, utpote agni inculpati & incontaminati, nempe
243 1454 1039 1499 Christi: Praesciti quidem ante jacta mundi fundamenta, patefact
249 1482 673 1528 vero ultimis temporibus propter vos:
282 1509 1049 1554 Nominatur Graece quidem Xριςος, Christus, deducto nomine a
251 1551 1052 1587 Xριώ, ungo; Hebraice vero PDDMaschiach, quod communiter
261 1588 1048 1623 pronunciatur Messias, propter unctionem, quam a Deo Patre est un¬
265 1615 1055 1653 ctus ad officium & dignitatem ei collatam, Psalm. 45. v. 8. idque per
262 1653 1038 1694 Spiritum Sanctum in ipsa conceptione, ac proinde ab ipsa etiam con
258 1689 1047 1728 ceptione est Christus. Idem enim Spiritus S. eodom momento &
265 1720 1043 1763 conceptionis fuit & unctionis autor. Hinc vocatur Oleum, Jes. 10. v
261 1750 1049 1794 27. imo disturbabitur jugum propter oleum;) quia eum unxit Jeho¬
270 1791 1051 1821 va Spiritu suo, ut interpretatur Jonathan Chaldaeus. Dicitur inter
262 1819 1061 1860 dum David, (ut Jerem. 30. v. 9. Servient Iehovae Deo suo; & Davidi
271 1853 1046 1891 Regi suo, que excitabo ipsis) quia Davidi promissus fuit peculiariter
270 1888 1051 1926 & ex semine ejus natus est, & quia David typus ipsius fuit. Item Ger¬
265 1920 1055 1959 men justum, Jerem. 23. v. 5. Ecce dies venturi sunt, dictum Iehovae;
271 1955 1043 1996 quibus excitabo Davidi germen justum: qui regnabit rex, secunda
255 1987 1044 2022 biturque ac exercebitjus & justitiam in terra. Iustus ille, Actor. 22.
261 2020 1057 2059 v. 14. Deus patrum nostrorum designavit te qui cognosceres ipsius
263 2060 1040 2101 voluntatem, & videres Iustum illum, & audires vocem ex ore
263 2086 330 2139 ipsius
304 2117 1045 2167 Fidei seu doctrinae de Christo sunt duae partes: prima de persona.
273 2149 626 2196 Christi: secunda de officio ipsius
301 2183 1041 2234 Personae Christi duplex est consideratio: una, ratione essentia.
268 2222 1043 2264 το λόγο: altera, ratione gratiosae & salvificae Oeconomiae. Johan. 1. v.
265 2257 1049 2306 1. & 14. Galat. 4. 4. Philipp. 2. v. 67. In quibus locis distinctio haec
260 2281 374 2324 fundatur:
300 2314 1040 2360 sustinus Martyr in Expositione fidei de recta confessione: ωιςευ,
265 2347 1046 2410 δθτπ κρειναη πανταχο κατ κτιαν τον λόγον, κι κατ εζαιρετον ὑωαρχειν ον
266 2382 413 2429 τῶ ρινειῳ νος.
291 2420 1047 2467 Priore ratione est ἀτυνθετος hypostasis in divina essentia a Patre.
256 2449 1037 2502 ab aeterno genita: posteriore ratione est hypostasis συνθετος, id est,
259 2491 1046 2531 persona secunda Deitatis incarnata, ac proinde ex duabus naturis
249 2518 685 2561 composita, personae unitate manento
294 2553 1032 2607 Proinde persona Christi, quamvis incarnata, est unica & singula;
253 2588 1040 2639 ris: est unicus Christus, non duo: idem Filius hominis qui Filius Dei.
259 2627 1049 2675 non alter Christus, alter Filius Dei: non altera persona divina, altera
256 2654 359 2697 hamana.
282 2692 1043 2739 Persona etiam suppositum dicitur: unde in Christo unum tan¬
243 2721 470 2769 tum est suppositum.
280 2764 1034 2807 Personam Christi esse unicam confirmant primo expressa Scri¬
261 2796 1045 2835 turae testimonia. Genes. 3. v. 15. de uno semine mulieris dicitur, non
254 2824 1035 2876 de multis seminibus. Gal. 3.16. Abrahamo dictae sunt promissiones &
243 2860 1037 2906 semini ejus. Non dicit, & seminibus, ut de multis: sed ut de uno, Et
243 2902 1040 2952 semini tuo qui est Christus. 1. Tim. 2. v. 5. Unus Mediator Dei & ho¬
253 2930 573 2970 minum, homo Christus Iesus.
273 2965 1049 3016 Secundo confirmant alia argumenta: I. Quia eadem persona est:
249 2995 683 3040 Immanuel, Jesa. 7. v. 14. Matth. 1. v. 23.
286 3029 1046 3083 II. Quia idem est Filius Dei qui ex Maria nasci debebat, Luc. 1.
252 3061 325 3106 vers. 35.
282 3084 872 3145 III. Quia Sermo ille caro factus est Johan. 1. v. 14.
288 3128 1037 3193 IV. Quia idem ex Patribus secundum carnem est, qui est supra
244 3167 774 3214 omnia Deus laudandus in secula Rom. 9. v. 5.
284 3201 1063 3251 V. Quia ut unum fierent Deus & homo in federe, oportuit unum
243 3227 1043 3282 fieri Deum & hominem in persona, non communicationegratiae, sed
247 3271 986 3313 naturae veritate: nec confusione substantiae, sed unitate personae
1116 173 1825 222 VI. Quia eidem personae divina & humana attribuuntur.
1114 207 1895 259 Fidei de persona Christi duae sunt partes: prima de naturis in per¬
1076 245 1501 298 sona Christi, secunda de statu ipsius.
1100 277 1900 322 Natura, hoc loco est essentia rem constituens & ab aliis distin¬
1073 314 1573 375 guens, principium intrinsecum actionum
1109 340 1889 397 Naturae in persona Christi sunt duae; divina & humana. Philipp¬
1081 387 1340 434 2. 5, 6, 7. & 1. Tim. 3. 16.
1113 405 1908 461 Natura divina, est essentia divina, quam Christus Patri & Spiritui
1076 449 1706 499 Sancto coessentialis est. Vocatur a Paulo forma Dei
1110 476 1907 526 Natura humana Christi, est essentia seu substantia humana, quam
1097 522 1906 562 Christus nobis hominibus coessentialis est. A Paulo dicitur forma
1082 554 1546 606 servi, quia in ea nobis Christus servivit
1116 578 1789 628 Deitatis alia est ratio in natura sua, alia in persona sua.
1119 608 1906 660 Adhaec alia est naturae, alia Oeconomiae seu dispensationis ratio, ut
1091 650 1910 695 docet Hilarius lib. 10. de Ttrinitate, pag. centesima nonagesima sexta
1089 685 1899 734 editionis Frobenianae Anni 1535. Similiter Gregorius Nazian. do¬
1082 717 1903 769 cet, Deitatis considerationem aliam esse, μαθ ἐαυτυν, aliam καl oixo¬
1078 761 1158 806 voμιαs,
1119 793 1907 837 Ideo Christus est verus Deus & verus homo in una persona. Ro¬
1086 826 1907 871 1. v. 3. 4. & 9. v. 5. 1. Joh. 4. 2. 1. Tim. 3. 16. Coloss. 2. 9, Hebr. 2. 14, 16.
1082 863 1219 908 Johan. 1. v. 1
1120 881 1913 940 Estque Filius Dei natura seu nativitate, tum qua Deus est, tum quam
1086 924 1906 970 homo. Qua Deus, quia ab omni aeternitate Filius est ex Dei Patris
1089 966 1913 1013 substantia natus: Qua homo etiam, quia natus est ex Maria Virgine
1089 998 1579 1035 Filius Dei, conceptus e Spiritu Altissimi
1128 1020 1909 1066 Christum verum Deum & hominem in una persona esse debnisse
1102 1061 1907 1104 significatum fuit typis seu figuris, praedictum propheticis oraculis, in¬
1104 1099 1555 1146 dicatum nominibus, requisitum causis.
1128 1125 1901 1175 E typis est Melchisedech Genes. 14. 18. Psalm. 110. 4. Hebr. 7. 3.
1101 1167 1912 1210 Nam is sine patre, sine matre, sine genere est: nec initium dierum ne¬
1106 1205 1915 1248 que vitae finem habens: quia autore Spiritu Dei, neque parentum.
1104 1239 1910 1275 neque principii vitae, neque genealogiae ulla usquam in Sacris literis
1096 1269 1913 1310 mentio invenitur: ut eo ipso ostenderetur, Dominum nostrum &
1101 1301 1910 1346 Servatorem Christum esse sine Patre secundum humanitatem, sine
1104 1337 1423 1379 matre secundum Deitatem
1137 1364 1909 1410 Oracula quibus praedictum fuit, Christum non tantum verum ho¬
1109 1412 1922 1442 minem futurum, sed etiam natura verum Deum esse, inter alia sunt
1108 1441 1148 1475 ista;
1137 1469 1907 1517 Genes. 3. v. 15. Semen mulieris conteret caput serpentis. Dum Chri¬
1105 1500 1903 1543 stus semen mulieris dicitur, verus homo intelligitur. Quod vero pro¬
1113 1545 1912 1581 nittitur, semen illud contriturum caput serpentis, Deum esse indica¬
1101 1573 1912 1617 tur. Nam qui serpentis caput conterere, id est, diaboli potentiam su¬
1114 1608 1919 1650 perate & abolere debet, eum verum esse Deum necesse est. Pura pu¬
1108 1645 1694 1686 ta creatura Satanae regnum destruere non potest.
1134 1677 1916 1718 Jesa. 9. v. 6. Puer natus est nobis, filius datus est nobis, cujus hume¬
1107 1707 1919 1753 ro adest principatus ipse; cujus nomen vocabitur admirabilis, consi¬
1116 1746 1919 1778 liarius, Deus fortis, robustissimus, Pater aternitatis, Princeps pacis.
1116 1778 1919 1820 Quum dicit Jesaias, puer natus est nobis, Messiam hominem futurum
1104 1809 1597 1857 praedicit, reliquis verbis Deum esse asseri¬
1146 1838 1915 1884 Jerem. 23. 5, 6. Ecce dies venturi sunt, dictum Iehovae, quibus ex¬
1101 1882 1908 1922 citabo Davidi germenjustum: qui regnabit rex, secundabiturque ad
1116 1912 1906 1950 ixercebit ius & iustitiam in terra, Diebus eius servabitur Iuda &
1111 1945 1909 1984 Israel habitabit secure: atque hoc nomen eius est quo vocabit eum Israeli
1104 1980 1904 2015 Iehova iustitia nostra. Quum Messiam vocat Germen Davidis, ho¬
1102 2010 1919 2057 minem futurum praedicit: quum eundem appellat Jehovam, natura
1107 2043 1385 2089 verum esse Deum docet
1131 2070 1916 2125 Nomina Messiae idem confirmant. Vocatur enim Immanuel Jes¬
1107 2109 1916 2152 7. v. 14. quod est si interpreteris nobiscum Deus. Quicunque singula¬
1107 2148 1916 2188 ri consilio & mandato Dei vocatus est Immanuel ex rei veritate, id
1104 2184 1916 2222 est, ut res nomini respondeat, is est verus Deus & verus homo in una;
1100 2215 1907 2257 persona. At Dominus noster Jesus Christus singulari consilio & mam¬
1101 2247 1922 2291 dato Dei vocatus est Immanuel ex rei veritate, id est, ut res nomini¬
1095 2286 1906 2323 respondeat. Ergo Dominus noster Jesus Christus est verus Deus &
1107 2317 1916 2354 verus homo in una persona: Ita nomen hoc indicat conjunctionem
1098 2351 1913 2385 divinae & humanae naturae Christi in unitatem personae: unde Chri¬
1107 2385 1922 2425 stus conjunctim seu in una persona, non autem divisim est Deus &
1097 2416 1184 2459 homo.
1134 2436 1914 2489 Vocatur Ithiel Proverb. 30. vers. 1. id est, nobiscum Deus fortis.
1105 2477 1909 2529 Ibidem dicitur Vehal ob potentiam ejus in coelo & in terra, quae es
1086 2525 1655 2563 nequaquam competeret, nisi etiam Deus esset,
1131 2546 1912 2595 Causae cur Christum oportuerit esse simul hominem & Deum in
1105 2588 1918 2628 una persona sunt gravissimae. Nam ut homo esset, quatuor causae re¬
1101 2624 1921 2664 quirebant, quarum prima est Iustitia Dei: quia ut homo peccavit, ita
1095 2665 1912 2697 eum qui pro homine satisfacere debuit Deo, oportuit esse hominem:
1120 2701 1907 2730 Secunda est modus satisfactionis pro nobis, qui non poterat esse a¬
1102 2719 1909 2761 lius quam implendo Legem obedientia perfectissima & poena mor¬
1096 2759 1916 2800 tis a Lege nobis denunciata. Christum ergo hominem esse oportuit,
1090 2794 1919 2830 qui Legi se subiiceret, quique sanguinem pro nobis effunderet &
1095 2828 1223 2862 moreretur.
1140 2853 1909 2903 Tertia causa est adoptionis nostri ratio: quia oportuit nos rursus
1090 2885 1850 2932 filios Dei fieri qui per peccatum mancipia diaboli facti eramus
1131 2928 1913 2965 Quarta causa est resurrectionis nostrae certitudo: quia cum propter
1107 2965 1913 3003 peccatum corpus nostrum mortale ifactum sit & moriatur, oportet.
1098 2997 1919 3038 illud ad vitam revocari, quod fieri non potest nisi vi resurrectionis
1096 3029 1319 3073 Christi ex mortuis
1137 3068 1913 3107 Ut idem Christus esset Deus, duae causae requirebant, quarum prior
1107 3095 1910 3141 est magnitudo mali quo genus humanum premebatur, quod a nulla
1100 3138 1903 3173 creatura tolli potuit: consistitque in quatuor, quae sunt, peccati gravi¬
1101 3172 1904 3208 tas, irae Dei immensum & intolerabile pondus, mortis imperium, &
1092 3213 1912 3251 tyrannis diaboli. Peccatum autem tollere, iram Dei placare, mortis
1099 3239 1909 3281 imperium abolere, tyrannidem, diaboli vincere nemo potest nisi
1092 3269 1189 3314 DEUS
