2063 3422
273 182 1039 226 RESP. Primo negatur minur propositio. Nam Filius Dei, quum
234 216 1019 259 Patribus in veteri Testamento apparuit, quanquam nondum home
238 251 1021 292 esset, tamen verum sibi formabat corpus in quo apparebat; idque ex
242 281 1013 332 actionibus & attributis corporis veri liquet, quia ambulabat, edebat,
230 318 1028 356 contrectabatur, sedebat. Postea peracto officio cujus causa a Patre.
231 346 1015 390 mittebatur, corpus illud deponebat: non ergo in corpore phantat
240 384 1021 420 matico apparebat. Deinde dato, sed non concesso, Filium Patribus
231 413 1021 453 olim in corpore phantasmatico apparuisse, non tamen sequeretur,
244 448 1022 485 illum in simili corpore cum Apostolis versatum esse: quia cum Apo¬
241 468 1040 518 stolis versans jam factus erat caro, Joh. 1. v. 14. Repertus est ut homo?
243 508 1019 554 Philipp. 2. v. 8. habens corpus visibile oculis corporis, contrectabile
238 540 1028 582 manibus, sicut Johannes dicit 1. epist. 1. v. 1. quod vidimus oculis no¬
225 583 926 625 stris, quod spectavimus, & manus nostrae contrectarunt, &c.
267 607 1027 650 II. Spiritus Sanctus apparuit in specie columbae, vel etiam in cor¬
224 638 1028 691 pore verae columbae, nec tamen fuit vera columba. Ergo & Christus.
237 676 1016 720 apparuit tantum in specie hominis, vel etiamsi in vero corpore appa¬
232 708 727 748 ruit, propterea tamen verus homo non fuit.
265 730 1032 777 RESP. Argumentum est a dissimili. Nam alio modo apparuit
244 771 1027 823 Spiritus Sanctus, alio Filius Dei; Spiritus Sanctus κατ ἔμφασιν, nam
238 805 1040 849 Johannes Baptista vidit eum descendentem quasi columbam super
246 849 1025 882 resum Matth. 3. v.16. Joh. 1. 32. Filius Dei κατ ενσαρκωσιν, quia caro
231 880 1028 912 factus est Johan. 1. v. 14. Alio quippe fine apparuit Spiritus Sanctus,
238 904 1021 951 quam Filius Dei: Spiritus Sanctus quidem, ut specie illa columba
236 947 1022 982 aliquandiu super Jesu manens, certo dosignaret Johanni, hunc Jesum
235 976 1016 1013 esse Filium illum Dei & Christum illum Johan. 1. v. 31, 32, 33, 34. non
234 1008 1021 1044 autem ut servaret columbas; propterea etiam Spiritus Sanctus non
234 1038 1018 1076 est factus vera columba: at Filius Dei aeternus eo fine apparuit, ut
234 1073 1016 1110 homines redimeret & tum Judaeos tum Gentes in uno corpore re¬
231 1104 1028 1143 conciliaret Deo per crucem, peremtis inimicitiis per eam, ut dicitur
240 1136 1042 1172 Ephes. 2. v.16. Propterea verum corpus humanum assumsit, verus¬
230 1170 472 1222 que homo factus est.
288 1192 1027 1243 III. Angeli apparuerunt tantum in putativis & imaginariis,
230 1238 1032 1287 corporibus: Ergo & Filius Dei tantum in putativo & imaginario
241 1271 499 1315 corpore apparuit homo:
292 1302 1015 1342 RESP. Primo negatur antecedens; nam Angeli non apparue
241 1333 1028 1370 runt putativis & imaginariis corporibus vel phantasmatibus, quem¬
244 1369 1028 1409 idmodum Marcion putavit: sed veris & solidis corporibus, & tali¬
240 1401 1019 1442 bus, qualia ab hominibus recte sentientibus & judicantibus esse cre¬
232 1434 1022 1469 debantur, hoc est, vere humanis, ut evincit Tertullianus lib. 3. adver
237 1468 1040 1506 sus Marcionem & libro de carne Christi adversus Apellem: & Au¬
228 1501 823 1546 gustinus tertio tomo, de Agone Christiano cap. 22.
284 1531 1022 1572 Replicabant: Si Angeli apparuerunt in veris humanis corpori¬
231 1565 1030 1601 bus, tum facti sunt veri homines. At hoc non est: Ergo nec illud. Pari¬
234 1602 1019 1650 ratione non sequetur, Filium Dei factum verum hominem, etiam;
231 1630 662 1676 verum corpus humanum assumsisset.
268 1660 1022 1706 RESP. Non sequitur a dissimili. Nam corpora ab Angelis assum¬
241 1700 1022 1733 ta non fuerunt ejusdem generis, cujus Christi Servatoris nostri cor¬
244 1732 1022 1770 pus est; quia Christi corpus natum est, corpora ab Angelis assumt:
235 1770 1025 1805 nata non fuerunt, ut recte definivit Tertullianus libro tertio adver¬
232 1796 1031 1843 sus Marcionem, & libro de carne Christi adversus Apellem. Non
240 1826 1018 1864 fuerunt, inquam, nata generatione animali aut humana: quia An
235 1858 1028 1901 gelis moriendum non erat; quod pulchre explicat Tertullianus libro
238 1897 1031 1938 de carne Christi, quum ait: Nullus unquam Angelus ideo descendit,
240 1929 1028 1970 ut crucifigeretur, ut mortem experiretur, ut a morte resuscitaretur.
240 1960 1022 1997 Si nunquam ejusmodi fuit causa Angelorum corporandorum, habes
231 1996 1022 2031 causam, cur non nascendo acceperint carnem. Non venerant mori,
230 2028 1019 2074 ideo nec nasci. At vero Christus mori missus, nasci quoque necessario
241 2054 1022 2102 habuit, ut mori posset. Non enim mori solet, nisi quod nascitur. Mu¬
238 2094 1009 2133 tuum debitum est inter se, nativitati cum mortalitate. Forma me¬
240 2125 1042 2166 riendi, causa nascendi est. Et libro 3. adversus Marcionem: Angeli
236 2156 1028 2202 neque ad moriendum pro nobis dispositi, brevem carnis commeatum
244 2188 1033 2242 non debuerunt nascendo sumsisse, quia nec moriendo deposituri eam
231 2214 338 2266 fuerant
276 2245 1018 2298 Sed fuerunt vel ex nihilo a Deo creata: Nam quum relatum non
241 2275 1021 2335 sit, unde Angeli sumserint carnem, relinquitur intellectui nostro, non
244 2319 1012 2367 dubitare, hoc esse proprium Angelica potestatis, ex nulla materia cor¬
244 2349 1018 2402 pus sibi sumere, ut eodem libro tradit Tertullianus: ubi etiam pauli.
246 2387 813 2426 post subjicit: Quod non est, quum fit, ex nihilo est.
292 2413 1016 2467 Vel si de materia necesse fuisset Angelos sumsisse corpora, credi¬
252 2436 1038 2498 bilius utique est, de terrena materia sumsisse; quam de ullo genere
250 2477 1026 2534 coelestium substantiarum: quum adeo terrenae qualitatis exstiterint,
242 2509 1025 2574 ut terrenis pabulis pasta sint, ut manibus contrectata, ut aquis ablu¬
257 2542 877 2600 ta: quemadmodum eodem libro disputat Tertullianus
282 2571 1025 2633 Deinde corpora ab Angelis assumta substantiam Angelicam non
248 2612 1020 2665 constituebant. Constat enim, ait Tertullianus eodem libro, Angelos
243 2645 1014 2698 carnem non propriam gestasse, utputa natura substantiae spiritualis
246 2676 1027 2731 & si corporis alicujus, sui tamen generis, in carnem autem humanam.
247 2708 1019 2763 transfigurabiles ad tempus, ut videri & congredi cum hominibus.
237 2733 327 2782 possenti.
282 2768 1042 2836 Ea etiam corpora Angeli non uniebant sibi hypostatice, ideo ipsi
237 2806 1024 2860 non fiebant homines: sed ut Augustinus ait, tanquam vestes sume¬
243 2833 1012 2896 bant & deponebant, & retinebant tantisper dum cum hominibus fa¬
247 2872 1014 2930 miliariter colloqui, & suum ministerium, ad quod missi erant a Deo.
240 2899 457 2947 perficere debebant
282 2938 1021 2993 IV. Christus factus est tantum in similitudine carnis & homi¬
239 2972 1026 3027 num: Ergo non assumsit verum corpus humanum. Assumtionem
237 3006 1025 3059 probant inde quod Dan. 7. v. 13. dicitur similis filio hominis. Rom.
237 3038 1025 3094 8. vers. 3. quod Deus ipsum miserit ἐν αμοιώμαλι σαρκος αμαρlιας, in¬
238 3060 1021 3124 similitudine carnis peccati: & Philipp. 2. vers. 7. ἐαυον εκενώσε μορφσ
240 3094 1008 3160 δολς λαζών, εν ὀμοιωμαιι ανθρωπον γυοομοτ, ipse sese inanivit, for¬
234 3139 1014 3201 ma servi accepta, in similitudine bominum factus. Et Apocal. 1. v. 13:
1073 167 1888 211 In medio septem candelabrorum aureorum vidi quendam similem
1080 204 1877 253 Filio hominis, indutum talari veste, & praecinctum ad mamillas X,
1077 239 1882 280 na aurea. Et cap. 14. v. 14. Aspexi autem, & ecce nubes candida &
1080 267 1892 311 super nubem sedebat similis Filio hominis habens impositam capiti suo.
1075 307 1660 347 coronam auream, & in manu sua falcem acutam.
1114 336 1883 379 RESPON. Ad assumtionem probandam dissimilia loca adducun¬
1077 371 1888 409 tur: nam partim aliena sunt a Thesi quam tractamus, partim ex am¬
1078 404 1880 443 biguo struitur fallacia. Danieli Filius Dei apparuit similis filio ho¬
1081 445 1876 483 minis: quia nondum factus erat homo, sed incarnandus praefigura
1090 474 1883 515 patur. Alia vero ratione Paulus Roman. 8. vers. 3. missum dicit in
1077 503 1883 544 similitudine carnis peccati: quia tametsi nullo peccato contaminata
1080 538 1885 581 fuit caro Christi; peccatrix tamen in speciem visa est, quatenus debi¬
1072 573 1891 613 tam sceleribus nostris poenam sustinuit. Si Apostolus dixisset simpli¬
1087 602 1888 640 citer, missum esse Christum in similitudine carnis, aliquid haberent
1087 640 1889 677 coloris haeretici: nunc quia dicit, missum in similitudine carnis PEC¬
1087 673 1892 707 CATI, docere hoc tantum voluit; Christum sine peccato conceptum
1087 709 1886 748 & natum, carnem tamen habuisse similem carni peccati, quia pecca¬
1077 740 1883 779 tum nostrum ipsi imputatum propter poenas peccati quas in se susce¬
1089 773 1876 811 pit, visa fuit & ipsa caro peccati, quamvis non esset: & ita inter pec
1080 814 1894 850 catores reputatus est Christus, & victima pro peccato nostro factus.
1077 840 1889 876 Idem docet Paulus 2. Corinth. 5. vers. 21. His de causis vera caro
1086 874 1894 912 Christi vocata est similitudo carnis, non simpliciter, sed carnis pec¬
1085 906 1135 947 cati.
1117 934 1892 980 Hoc scite explicat TERTULLIANUS libro de carne Christi, capi¬
1089 970 1889 1010 se sedecimo, pagina trecentesimaseptima, editionis Franeclteranae,
1087 1005 1891 1044 ibi ait: In similitudinem carnis peccati fuisse Christum Paulus dicit,
1089 1040 1891 1081 non quod similitudinem carnis acceperit, quasi imaginem corporis &
1083 1069 1886 1109 non veritatem, sed similitudinem peccatricis carnis vult intelligi
1077 1105 1894 1146 Quod ipsa non peccatrix caro Christi ejus fuit par, cujus erat pecca¬
1086 1142 1896 1185 tum, genere non vitio Adae, quando hinc etiam confirmamus, eam
1080 1169 1892 1212 fuisse in Christo, cujus natura est in homine peccatrix. Et libro quin¬
1083 1213 1892 1248 to adversus Marcionem capite decimoquarto, pagina quadringen¬
1090 1238 1886 1276 resima septuagesima. Hunc si Pater misit in similitudinem carnis pec-
1084 1272 1885 1311 cati, non ideo phantasma dicetur caro quae in illo videbatur. Pecca¬
1080 1302 1891 1342 tum enim carni suprae asscripsit, & illam fecit legem peccati habitan¬
1083 1340 1885 1372 tem in membris suis, & adversantem legi sensus: ob hoc igitur mis¬
1092 1368 1902 1408 sum Filium in similitudinem carnis peccati, ut peccati carnem simili¬
1077 1403 1894 1447 substantia redimeret, id est, carnea, quae peccatrici carni similis esset,
1089 1442 1892 1478 quum peccatrix ipsa non esset, nam & haec erit Dei virtus, in sub¬
1085 1468 1898 1507 stantia pari perficere salutem. Non enim magnum, si Spiritus Dei
1077 1510 1892 1543 carnem remediaret, sed si caero consimilis peccatrici, dum caro est, sed
1084 1535 1889 1576 non peccati. Ita similitudo ad titulum peccati pertinebit, non ad sub¬
1087 1564 1892 1612 stantiae mendacium. Nam nec addidisset, peccati, si substantiae simi¬
1086 1602 1886 1642 litudinem vellet intelligi, ut negaret veritatem. Tantum enim car¬
1087 1643 1894 1677 nis posuisset, non & peccati. Quum vero tunc sic struxit, carnis pec¬
1092 1668 1891 1706 cati, & substantiam confirmavit, id est carnem, & similitudinem
1083 1701 1882 1738 ad vitium substantiae retulit, id est, ad peccatum. Puta nunc simi¬
1083 1735 1885 1772 litudinem substantiae dictam, non ideo negabitur substantiae veritas
1096 1765 1897 1802 Sur ergo similis vera? Quia vera quidem, sed non ex semine de statu
1077 1803 1886 1843 simili, sed vera de censu, non vero dissimilis. Caeterum similitudo in
1077 1834 1897 1868 contrariis nulla est. Spiritus non diceretur carnis similitudo, quia
1086 1866 1897 1908 nec caro similitudinem Spiritus caperet, sed phantasma diceretur, sid
1077 1898 1885 1940 id quod non erat videbatur. Similitudo autem dicitur, quum est
1080 1940 1895 1981 quod videtur. Est enim, dum alterius par est. Phantasma qua hoc
1077 1963 1418 2005 tantum est, non est similitudo
1120 1991 1886 2035 Quod vero Philipp. 2. vers. 7. dicit Paulus, Christum in similitus
1089 2028 1886 2075 dine hominum factum, intelligit similitudinis nomine, non ipsam
1086 2063 1892 2102 naturam humanam, sed conditionem abjectam, vilem & infirmam,
1089 2100 1886 2138 qua aliis hominibus CHRISTUS similis fuit factus. Non enim qua¬
1083 2131 1889 2166 de sibi corpus Christus sumserit, vult docere: sed quum jure Deita¬
1080 2162 1897 2202 tem suam exserere posset, nihil prae se tulisse, nisi quod erat abjecti
1077 2197 1888 2234 contemtique hominis. Nam ut ejus exemplo nos hortetur ad sub¬
1090 2230 1891 2267 nissionem, ostendit, quum DEUS esset, potuisse mundo gloriam
1086 2260 1892 2298 suam conspicuam statim proponere: cessisse tamen jure suo & sponte
1086 2293 1895 2333 seipsum exinanisse: quia scilicet formam servi induit & ea humilita¬
1086 2329 1882 2364 te contentus, carnis velamine suam Deitatem abscondi passus est,
1074 2362 1883 2401 Hic certe non docet, quid fuerit Christus quoad naturam hominis
1079 2395 1889 2435 sed qualiter se gesserit. Tantum autem abest, ut hinc naturae humanae
1088 2431 1888 2466 veritas destruatur, ut potius ex similibus naturae nostrae perpessioni¬
1077 2459 1880 2498 bus Christus verus homo esse ostendatur, quemadmodum JUSTI
1088 2499 1885 2530 IUS MARTXR, in Expositione fidei de recta confessione, pagina
1072 2529 1892 2568 trecentesima prima ait; θεός μόο γουυδος τῆ τῶν τερασιαν ενεργειαᾳ,
1074 2562 1891 2597 ἄνθρωπος δι δεικνυυδος τῆ της φυσεως ομοιοπαθεια, id est, Deus qui¬
1071 2595 1882 2631 dem esse intelligitur ex prodigiorum operatione: homo autem ostendi.
1075 2626 1893 2666 tur ex aequalibus naturae nostrae perpessionibus. TERTULLIANUS,
1078 2658 1891 2695 libro quinto adversus Marcionem capite vigesimo, pagina quadrin¬
1078 2694 1879 2733 gentesima septuagesimaoctava, acute hoc dissolvit. AEque non eri¬
1074 2730 1889 2764 DEUS Christus vere, si nec homo vere fuit in effigie hominis consti¬
1077 2761 1885 2807 tutus. Utrobique enim veritas necesse habebit excludi, si effigies &
1081 2791 1889 2827 similitudo & figura, phantasmati vindicabitur (id est, pro phantas¬
1084 2829 1881 2866 nate habebitur) quod si in effigie & in imagine, quam Filius Patris
1080 2862 1892 2906 vere Dei praedicatus est, etiam in effigie & imagine hominis, qua fi¬
1077 2893 1885 2932 lius hominis, vere hominem inventum, nam & inventum ratione
1071 2928 1874 2970 posuit, id est, certissime hominem: quod enim invenitur constat esse¬
1123 2957 1885 2997 Uterque hic locus Roman. 8. vers. 3. & Philipp. 2. vers. 7. expli¬
1072 2996 1877 3028 catur per illum Hebr. 2. vers. 14. Quoniam pueri participes sunt car¬
1074 3028 1882 3057 nis & sanguinis, ipse quoque consimiliter particeps factus est eorun¬
1077 3056 1873 3094 dem. & vers. 17. Debuit per omnia fratribus similis fieri, ut miseri
1086 3091 1882 3126 cors esset & fidelis Pontifex in iis quae apud Deum agenda forent, ad
1078 3124 1879 3157 expianda peccata populi. Et Hebr. 4. vers. 15. Non enim habemus
1074 3151 1882 3194 Pontificem qui non possit affici sensu infirmitatum nostrarum, sed
