2063 3466
212 157 1010 235 dentatum in omnibus similiter, absque tamen peccato. Ergo Chri¬
213 220 1012 260 stus veram carnem assumsit, sicut & nos veram carnem habemus
218 255 1012 300 assumsit carnem affectiones habentem similes cum nostra carne: sed
209 290 994 331 nssumsit carnem absque peccato, quanquam similem carnis peccat:
279 330 1016 366 coca Apocal. I. vers. 14. & cap. 24. vers. 14. describunt visiones in
209 356 1013 402 ecstasi intellectui & spiritui Johannis oblatas, quae fiunt κατ ἔμφασιν,
212 389 1019 438 non κατ κόρςασιν. Visus est ergo Johanni similis filio hominis, quia
213 415 1024 462 in visione Prophetica: nam Christus corpore suo non in terra tum
217 452 1022 506 erat, sed in coelo, unde prius non descendet quam veniat judicatum
219 482 419 517 vivos & mortuos
247 518 1019 576 Ex his quae dicta sunt certum est, verum humanum corpus a Chri¬
208 541 440 586 sto assumtum esse.
240 577 1009 628 Sed & vera humana rationalis anima a Christo assumta est, con¬
214 610 1024 659 stans intelligentia & uoluntate humana & diversa ab intelligentia
219 656 854 705 & voluntate divina, ut ex subjectis argumentis patet
277 687 1018 737 I. Quia Christo in Scriptura Sacra tribuitur vera anima huma¬
213 725 1013 771 na, id est, spiritus seu essentia spiritualis quae est prima entelechia cor¬
219 764 1015 800 poris physici, organici, potentia vitam habentis, constans duabus fa¬
217 798 1015 835 cultatibus essent alibus seu partibus, intellectu & voluntate. Matth.
219 829 1028 875 26. vers. 38. dicit Iesus, Undiquaque tristis est anima mea usque ad
207 861 1027 902 mortem. Idem dicit Marc. 14. vers. 34. Johan. 12. v. 27. Nunc anima
210 896 1019 942 mea turbata est. Matth. 27. vers. 50. Iesus quum rursum clamasses
219 930 1027 969 voce magna, emisit spiritum. Luc. 23. vers. 46. Quum clamasset voce
220 964 1019 1001 magna Iesus, ait; Pater, in manus tuas depono spiritum meum. Joh.
215 992 1022 1038 19. vers. 30, & inclinato capite tradidit spiritum. Luc. 2. vers. 52. Ie¬
216 1028 1025 1067 sus proficiebat sapientia: Ergo assumsit animam cujus intelligentia
222 1061 1015 1097 diversa est a divina quae non proficit utpote increata: proficere enim
219 1095 1028 1139 sapientia est proprium creatae intelligentiae. Matth. 26. vers. 39. ait
217 1130 1010 1164 Christus, Pater mi, si possibile est, abeat a me poculum istude verum
225 1163 1021 1202 tamen non ut ego volo, sed ut tu: Ergo assumsit Christus animam ha¬
215 1192 1003 1233 bentem voluntatem vere humanam & diversam a voluntate divina¬
254 1228 1025 1267 II. Quia Christus habet veram humanam naturam: ergo etiam
219 1267 1028 1307 animam rationalem, sine qua veritas naturae humanae non constat:
222 1296 1034 1338 quia per animam rationalem est humana & ab aliorum animalium
213 1334 614 1375 naturis essentialiter distinguitur.
276 1363 1020 1401 III. Quia Christus est factus fratribus similis PEROMNIA
220 1388 1034 1434 Hebr. 2. vers. 17. id est, tum quod ad naturam; tum quod ad qualita¬
220 1428 336 1468 tes attiner
273 1457 1025 1498 IV. Quia Christus venit ut etiam animam nostram redimeret
220 1495 1022 1536 & servaret; & revera eam redemit & servavit: Ergo eam etiam assum¬
219 1528 1015 1563 sit. Hoc enim in nobis salvavit, quod pro nobis accepit: illam natu
214 1564 1024 1599 tam fecit participem salutis aeternae quam sibi conjunxit in unitate
216 1599 1033 1636 personae. Nam nec caro ipsa fuit a Filio Dei assumenda, nisi divina
217 1632 1030 1675 fuisset assumtione salvanda. Quod si Filius Dei carne non eguit, sed
210 1662 1034 1702 ut eam salvaret accepit: ita nec anima rationali eguit; sed eam salvan¬
207 1695 503 1740 dam cum carne suscepit.
270 1716 1031 1772 V. Quia Christus etiam cum anima adscendit in coelum: quia
213 1763 1028 1806 non aliud est in corpore regnantium, quam quod in Capite praecessit
216 1794 1016 1828 in coelum. Ideo etiam conversatio nostra in coelis est Philipp. 3. Co¬
213 1825 1037 1862 loss. 3. licet adhuc in terra corpore simus. Ibi fidelis animam suam,
216 1863 1024 1906 conversari non ambigit, ubi humanam animam in Christo regnati
220 1893 308 1936 confidit.
261 1929 1037 1965 VI. Quia Christus est animarum nostrarum pastor 1. Petr. 2. non
223 1958 691 2002 esset autem, nisi animam ipse suscepisset,
255 1982 1021 2025 VII. Quia in anima tentatus est Christus: ergo animam huma¬
220 2023 1018 2061 nam assumsit. Tentatus autem ideo est in anima: ut & nostris ani¬
223 2056 1012 2100 mabus cum tantantur succurreret. Si enim in eo quo tentatus est
220 2088 1019 2135 tentatis auxilium donat: profecto in quo tentatus non est, tentatis
220 2121 1022 2162 auxilium non exhibet. Quo conficitur, ut hi qui Christo solam car¬
228 2158 1024 2198 nem humanam assignant, & animam denegant, in sola carne quae¬
223 2191 1019 2227 rant auxilium Christi, in anima vero remaneant illo destituti. Filius
226 2219 1031 2265 Dei namque hoc adjuvat in homine, quod suscepit pro homine. Quod
231 2260 1021 2298 si & in anima & in carne consequi Christi expetunt auxilium, fatean¬
221 2292 1021 2332 tur necesse est (sicut veritas habet) & in anima pariter & in carne ten¬
220 2324 1034 2362 ratum. Et anima igitur humana & caro simul est in Christo tentata:
225 2356 1028 2396 Quod si simul est in Christo & anima & caro tentata, simul est ab eo
221 2393 1030 2433 utraque suscepta. Et si utramque dignatus est suscipere, utramque di¬
229 2416 1026 2478 gnatus est sine dubitatione salvare. Dignum namque fuit, nostraeque
219 2459 1027 2498 faluti conveniens, ut Deus verus ex vero Patre solus substantialiter
219 2485 1032 2528 natus, veram hominis, quam ipse fecit, animam carnemque suscipe¬
223 2523 1022 2562 ret, in utraque cum tentatore pugnaret, in utraque vinceret, ac dein
226 2552 1028 2595 ceps in utraque tentatis subministraret auxilium, cum in utraque in¬
219 2590 807 2634 firmis ac morituris victoriae praeberet exemplum
271 2619 1027 2674 Doctrinam hanc prolixe tractat Fulgentius de mysterio Mediato.
227 2663 707 2716 ris ad Trasimundum Regem, libro primo,
257 2691 1027 2739 Contra Apollinaris & Arius objiciunt quod dicitur Johan. 1. v. 14.
226 2725 1037 2771 Verbum caro factum est: Hinc colligunt carnem sed vivam a Chri¬
231 2760 1032 2811 sto assumtam, non autem animam rationalem seu mentem, quae no¬
225 2798 559 2843 mine carnis non significatur
262 2820 1031 2874 RESP. In dicto Johannis est synecdoche in Scripturis usitatissima
230 2863 1027 2906 ut caro pro toto homine accipiatur; sicut Gen. 6. v. 12. Corruperat o¬
225 2895 1025 2942 mnis caro viam suam, id est, omnis homo. Sic Psal. 65. v. 3. O qui ex
228 2925 1034 2975 audis orationem, ad te usque omnis caro ventura est. & 145. 21. bene¬
231 2958 1037 3005 dicat omnis caro nomini sancto ejus. Jesa. 40. v. 5. Videant omnis caro
238 2993 1045 3042 pariter, os Iehovae loquutum esse: & cap. 49. 26. ut agnoscat omnis
228 3027 1033 3074 caro, me Iehovam esse servatorem tuum. Luc. 3. ver. 6. Videbit omni¬
233 3061 1031 3103 caro salutem Dei: & passim in Scriptura. Sicut & anima per Synec-
235 3093 1034 3142 dochen pro toto homine ponitur, ut Ezech. 18. v. 20. anima quae pec-
226 3124 1029 3174 caverit, ipsa morietur. Esse autem Synecdochen patet inde, quo
227 3169 763 3211 Christus alibi in Scriptura homo esse dicatur
234 3204 1042 3259 Sic probatum est, quod Filius Dei tetam substantiam naturae,
1127 188 1817 254 humanae, omnesque partes ejus esentiales assumserit.
1109 244 1865 299 Verum non solam substantiam naturae humanae assumsit, sed et¬
1075 276 1873 336 iam accidentia ejus, nempe tum omnes proprietates & affectiones.
1081 322 1864 363 tum defectus & infirmirates animae & corporis, excepto peccato, una
1077 346 1865 398 assumsit: quia perfectam naturam humanam & formam servi assum¬
1080 381 1874 436 sit. Differunt quippe θτια, φυσις κι μρφη, substantia, natura & for¬
1086 421 1870 465 ma, ut declaratum secundo libro, capite quinto. Substantia est nuda,
1082 446 1871 497 essentia, constans in rebus compositis materia & forma. Natura pre¬
1086 485 1868 525 per essentiam complectitur proprietates essentiales & naturales. For¬
1077 517 1865 563 ma complectitur praeter essentiam & proprietates etiam alia acci¬
1076 547 1870 594 dentia quae naturam sequuntur & quibus substantia & natura veluti,
1084 579 1380 619 lineamentis conformatur
1112 605 1871 663 Proprietates humanae quas filius Dei assumsit, quaedam sunt com¬
1078 649 1874 693 munes naturae totius, quaedam propriae alterutrius partis. Communes.
1074 679 1864 730 sunt, esse creatum, esse finitum, &c. Propriae alterutrius sunt quae vel ad
1079 717 1468 758 nimae vel corpori soli conveniunt.
1107 748 1759 794 Rursus proprietates vel essentiales sunt vel accidentariae.
1125 784 1876 829 Essentiales proprietates, sunt sine quibus essentia esse nequit citra
1069 829 1871 864 ejus destructionem, ut in anima sunt facultates, intelligendi, volen¬
1086 857 1877 900 di, amandi, &c. nam sine istis anima humana nullo modo esse potest.
1086 885 1874 932 In corpore vero sunt, esse organicum: habere distincta membra, ca¬
1080 925 1871 962 put, brachia, pectus, pedes: habere partem extra partem, caput extra
1086 958 1864 990 pedes, pedes extra caput: esse quantitate definitum, loco citcumscri¬
1083 996 1865 1032 ptum, visibile, contrectabile: his enim proprietatibus corpus huma¬
1078 1026 1880 1061 num carere nunquam potuit, aut poterit unquanm; siquidem etiam in
1089 1056 1880 1098 corporibus, glorificatis beatorum manebunt, ut planum est ex 1.
1086 1083 1224 1123 Corinth. 15.
1113 1101 1880 1156 Essentiales proprietates humanae ab essentia naturae humanae ne¬
1098 1154 1873 1190 queunt reipsa separari: nam sine illis natura humana desineret esse
1086 1185 1870 1223 humana, sicut recte dicitur, Negatis essentialibus proprietatibus, ne
1085 1214 1247 1266 gantur natur.
1116 1244 1882 1296 QIICITURI. Si ab igne in fornace Babylonica potuit abesse pro¬
1080 1277 1883 1322 prietas essentialis, salva ignis essentia: tum etiam a corpore Christi.
1085 1322 1886 1365 possunt abesse proprietates essentiales, salva manente essentia. At pri¬
1090 1348 1655 1387 mum est verum: Verum idcirco est & extremum.
1113 1376 1879 1415 RESP. Assumtum est falsum, nequaquam enim ab igne in forna¬
1089 1414 1879 1460 ce Babylonica separata fuit proprietas ejus essentialis. Ruit ergo
1090 1447 1202 1487 conclusio¬
1122 1467 1874 1520 Assumti probatio: Vstio separata fuit ab igne: Vstio est proprieta.
1092 1509 1874 1562 essentialis ignis: Ergo proprietas essentialis ignis fuit separata ab igne
1131 1546 1883 1586 RESP. Primo falsa est Major. Ustio enim non fuit separata, sed
1083 1580 1889 1618 duntaxat potentia ditina intra ignem cohibita ac repressa & quidem
1086 1610 1889 1647 non universaliter cohibita respectu cujusvis subjecti, sed tantum re¬
1089 1647 1883 1685 spectu sociorum Danielis, ne in ipsorum corpora vel vestimenta sae¬
1091 1677 1891 1715 viret. Nec enim ignis ille destitutus fuit vi καυτκις & urendi: imo eo¬
1091 1711 1891 1758 dem illo momento, quo sanctis viris pepercit, egit in ligna eaque com¬
1090 1744 1893 1787 bussit, & cremavit regios satellites, qui sanctos viros in fornacem
1099 1777 1232 1819 projiciebant
1144 1803 1884 1849 Secundo falsa est etiam Minor: nam ustio non est proprietas es¬
1095 1840 1891 1881 entialis ignis; sed duntaxat effectum ignis. Essentialis autem pro¬
1098 1875 1881 1914 prietas ignis est δυναμις καυσικη, facultas urendi. Haec igitur vis uren¬
1080 1906 1879 1946 di ab igne separari non potuit salva essentia ignis. Quin eνiργεια et¬
1083 1941 1880 1983 iam seu actus urendi impediri potuit, reprimi, cohiberi, coerceri po¬
1084 1970 1448 2018 tuit; separati & tolli non potuie
1114 1984 1883 2058 Instantia: Ignis mansitignis, etsi non esset calidus: Ergo proprie¬
1084 2037 1640 2081 tas essentialis ignis abesse potest salva substantia.
1137 2061 1886 2114 RESP. Antecedens est falsum: Nam ignis si non sit calidus, sed
1120 2105 1821 2142 vidus non est ignis: sicut Sol si lucem non habet, non est Sol
1075 2097 1116 2155 fris
1107 2131 1880 2176 Exceptio: Si ignis non erit ignis, nisi sit calidus, tum calor erit for¬
1083 2167 1676 2211 ma ignis: At posterius est absurdum. Ergo & prius.
1113 2194 1892 2246 RESP. Fallax est connexum: Etsi enim calor non sit forma ignis:
1090 2236 1878 2272 tamen forma ignis nunquam est sola nudaque, sed semper armata ca¬
1086 2265 1888 2305 lore tanquam qualitate per quam agit. Imo si Deus subtraxisset illis
1083 2302 1889 2345 igni calorem suum, nullum profecto esset miraculum, corpus non
1083 2332 1874 2373 calidum non adurere objectum: ac statuendum, ignem ardentissi
1092 2371 1883 2408 me calidum mansisse, eνεργειαν autem urendi exseruisse in ea obje¬
1090 2395 1886 2440 jecta quae uri Deus volebat, ut vincula quibus colligati socij Danie¬
1098 2432 1882 2475 is fuerant, ut ligna, ut satellites: martyrum vero & corpora & vesti¬
1072 2468 1889 2507 menta aσριστινα reddidisse. Ex his colligitur, quia ab igne proprietas
1096 2497 1880 2544 ejus essentialis in fornace Babylonica sublata non fuit: nec a corpo¬
1095 2525 1612 2573 re Christi proprietates ejus essentiales auferri
1120 2546 1879 2602 Oujrerrus II. Quicquid non constituit essentiam, id potest ab
1129 2600 1880 2637 separari: Proprietates essentiales non constituunt essentia. Ergo: &c.
1096 2602 1130 2650 ta.
1126 2633 1877 2669 RESP. Quicquid non constituit essentiam, id potest ab ea sepaera
1089 2666 1883 2706 ri, scilicet intellectu tantum. Si autem quis statuat, posse reipsa sepa¬
1099 2694 1885 2735 tari, tum major negatur. Nam accidens quidem separabile potest.
1098 2725 1879 2772 abstrahi & reipsa & per intellectum, linseparabile & accidens potest
1090 2756 1879 2804 tantum abstrahi intellectu, reipsa ab essentia divelli non potest: muli
1081 2790 1827 2837 to minus potest proprietas essentialis reipsa ab essentia separati.
1141 2829 1879 2875 Accidentariae proprietates humanae, sunt quae naturam quidem
1103 2871 1883 2911 consequuntur, sed non inseparabiliter; ideo remotis ipsis natura non
1108 2903 1885 2940 lestruitur. Proprietates illae Synecdochice appellantur naturales;
1114 2939 1885 2979 quia essentiales sunt etiam naturales: sed accidetatiae sunt simpliciter
1101 2963 1736 3013 naturales, essentiales autem non sunt tantuinm naturales
1132 2996 1879 3042 Accidentariae proprietates humanae sunt duplices: aliae conveni¬
1096 3026 1883 3078 entes tantum statui humilitatis, ut corporis gravitas, opacitas, &c.
1089 3077 1889 3109 aliae permanentes etiam in gloria, ut notitia innata, sapientia, scien¬
1099 3093 1889 3140 tia, virtus omnis innata voluntati CHRISTI, laetitia & quicquid ad
1097 3129 1882 3170 perfectionem & beatitudinem naturalem naturae humanae pertinet.
1098 3166 1885 3207 Notandum enim est, nos hic non loqui nisi de iis, quae in nostra na¬
1093 3190 1883 3245 tura & ex nostra natura, quam Apostolus vocat formam servi Chri¬
