2063 3451
235 165 1013 213 REST. Argumenta ista tria sunt triobolaria. Primum ad hunc syl¬
202 203 998 250 logismum revocari potest: Quaecunque vox conciliat doctrinae religionis:
204 244 991 277 legitimam autoritatem, ea est vox Dei: Ecclesiae vox conciliat doctrinae re¬
204 278 881 319 ligionis legitimam autoritatem: Ergo vox Ecclesiae est vox Dei,
243 301 992 352 RESP. Minor est falsa: nam doctrina nulla propter Ecclesiam legi¬
208 341 989 386 tima est, sed doctrinam legitimam Dei solius autoritas facit. Qui e¬
215 378 1004 414 nim doctrinae ipsius autor est, is solus doctrinae autoritatem conciliat:
216 407 994 446 Doctrinae autor folus est Deus: Solus ergo doctrinae suae autoritatem
215 441 1004 486 tribuit, non Ecclesia. Neque nunc Deus novas doctrinas condit, sed
217 472 994 515 quicquid docere Ecclesiam suam instituit, in Scripturas suas contulit
213 505 1001 548 illae sunt thesauri Dominici, illae sunt thesauri Ecclesiae, sicut Basilius
220 541 1007 586 homilia de poenitentia ait: Dicemus de poenitentia ex veteri & novo¬
216 581 694 618 instrumento: hi enim sunt Ecclesiae thesaur.
249 597 902 644 Secundum argumentum hoc syllogismo concludi potest:
254 636 829 684 Quaecunque vox est infallibiliter vera, illa est vox Dei:
253 676 739 718 Vox Ecclesiae est infallibiliter vera. Ergo, &c.
255 704 1007 748 RESP. Minor est falsa si universaliter accipiatur de quavis voce Ec¬
226 739 1013 781 clesiae Nam infallibiliter verum in religione nihil est, nisi quod pro¬
226 770 1015 819 fectum a Deo esse constiterit. Quod autem Ecclesia loquitur nisi ex¬
232 805 1007 851 tabulis divinis proferatur, a Deo profectum esse non constabit: Ergo
231 838 1009 882 quaecunque vox Ecclesiae ex Sacris literis prolata non fuerit infallibi
229 880 1018 915 liter vera non erit. Nam & Ecclesia male saepenumero Scripturas
237 906 1013 946 interpretata est, & nonnulla Scripturis dissentanea docuit, neque sit
225 946 1013 981 ad veritatem alligata est, ut falli nequeat. Habet enim Ecclesia libe¬
234 974 1013 1014 rum arbitrium & male agendi & a vero aberrandi, & falsa docendi
237 1010 1021 1052 quemadinodum ex Ecclesiarum quae exstiterunt hactenus exemplis
240 1048 1022 1082 manifestum est. Romana autem Ecclesia inprimis veritatum hanc
234 1079 1025 1115 non tam reliquit, quam prodidit, quod ex ejus tam multis constat fal¬
233 1105 1025 1154 sissimis simul atque absurdissimis doctrinis, propter quas religio Chri¬
241 1146 715 1187 stiana apud Gentes versa in ludibrium est.
282 1169 919 1224 Tertium argumentum hoc siyllogismo comprehenditur:
276 1210 907 1243 Omnis vox cum qua Spiritus Dei cooperatur, est vox Dei.
286 1244 849 1277 Cum voce Ecclesiae Spiritus Dei cooperatur. Ergo, &c.
280 1269 1023 1312 RESP. Minor universe intellecta est falsa. Quando Ecclesia ver¬
247 1301 1028 1343 bum Dei loquitur, tunc cum voce Ecclesiae Spiritus Dei cooperatur:
244 1339 1033 1379 Sed non cum quavis voce Ecclesiae is cooperatur, cum Ecclesia non
246 1378 602 1418 semper verbum Dei annunciet:
277 1399 1025 1442 SECUNDUM. Si Ecclesiae testimonium non audientes aeternae mortis
238 1444 1031 1485 rei sunt, tum illud est praecipuum, luculentissimum & certissimum. An¬
247 1474 686 1511 tecedens est verum: Ergo & consequens.
285 1501 1028 1549 RESP. Primo ambigua est propositio connexa, distinguenda igi¬
248 1542 1025 1576 tur. Si Ecclesiae scil. verae & orthodoxae, testimonium nimirum Sacra
246 1577 1027 1611 Scripturae consentaneum seu ex ea depromtum de salutis aeterna.
252 1604 1030 1641 fundamento aliquo non audiunt, aeternae mortis rei sunt. Deinde
249 1642 1031 1683 connexum laborat fallacia τεαρα τόκπυμδνον: etsi enim antecedens da¬
256 1673 836 1708 retur, tamen consequens istud inde non conficitur.
282 1710 904 1741 TERTIUM: Deus nos per Ecclesiam docet, non aliters
284 1742 848 1779 Ergo nullum est certius testimonium quam Ecclesiae.
288 1765 1039 1807 RESP. Per retorsionem. Imo si Deus nos docet per Ecclesiam,
253 1804 1043 1848 major est autoritas Dei quam Ecclesiae: quia major est autoritas ejus
255 1837 788 1882 qui docet, quam ejus per quem aliquis docetur.
286 1861 1031 1909 INSTANT: At praeter Dei autoritatem nulla est certior autori¬
252 1902 452 1946 tas quam Ecclesiae.
289 1933 1024 1971 RESP. Imo est, nempe Scripturae Sacrae, cujus autoritas est in
256 1967 1027 2005 finite major, quam Ecclesiae: quia Sacra Scriptura est absque omne
244 2003 575 2049 dubio verbum Dei viventis.
417 2037 859 2102 Hactenus sententia Papistarum.
475 2125 813 2179 APUT XXIIX.
334 2188 941 2235 In quo nostra sententia de testimonio Eccle¬
460 2227 800 2291 siae exponitur & defen¬
612 2277 689 2330 ditur.
313 2333 1029 2378 POSTRA autem orthodoxa sententia est: Testimonium Ec¬
318 2371 1025 2410 clesiae de divina autoritate Scripturae non esse praecipuum, o¬
324 2409 784 2443 mnium luculentissimum & certissimum.
279 2443 722 2478 Argumenta nostrae sententiae haec sunt:
282 2465 1055 2513 I. quia illo principalius, luculentius & certius multo est internum!
249 2504 580 2552 Spiritus Sancti testimonium
288 2533 1035 2575 II. quia testimonium Ecclesiae non est sufficiens ad πληοφωρίιαν,
243 2568 493 2617 fidei & consolationis.
274 2596 1031 2642 III. quia non est absolute infallibilis regula, basis & fundamen¬
249 2637 359 2689 tum fidei.
284 2664 1027 2718 Dixerit quis, Testimonium Ecclesiae inter externa testimonia esse prae
249 2699 579 2752 cipuum & maxime infallibile
282 2733 1028 2773 RESP. At nec inter externa testimonia est tale: quia est aliud exter¬
243 2773 1028 2808 num testimonium multo majoris autoritatis, valoris & efficaciae ad
251 2799 1043 2849 stabiliendam Scripturae Sanctae autoritatem divinam, nempe ipsius¬
255 2832 917 2875 met Scripturae Sacrae, quae prima veritas est a Deo revelata.
288 2861 1038 2906 OBIICITUR: Qui testimonium Ecclesiae non admittunt tan¬
261 2904 1033 2940 quam praecipuum, luculentissimum, & certissimum, ii contemnunt Eccle¬
255 2935 652 2984 siam & testimonium eius reuciunt.
292 2965 601 3014 At Evangelici illud faciunt:
262 3000 389 3042 Ergo & hoc
291 3027 1030 3069 RESP. Minor est falsa: ideo & conclusio. Nos non contemni¬
256 3070 1045 3106 mus, sed veneramur Ecclesiam veram & orthodoxam tum antiquam
255 3099 1039 3137 cum hodiernam tanquam matrem quae nos Deo genuit, in cujus si¬
262 3124 1067 3171 num nos Deus vult aggregari, cujus opera & ministerio nos alit I
261 3170 1033 3216 quamdiu infantes sumus ac pueri, cujus cura materna nos regit do¬
257 3194 907 3247 nec adolescamus ac tandem ad fidei metam perveniamus.
1089 166 1856 212 Neque Ecclesiae verae & orthodoxae testimonium parvipendimus
1056 202 1867 249 & reiicimus, quum & ipsum infirmitati nostrae subveniat & fidei
1063 245 1862 280 consiimandae serviat; sed tantum ei tribuimus, quantum tribui debet
1053 277 1867 314 ne videicet id divino testimonio aequemus, multo minus praefera¬
1053 316 1859 362 mus: & ut omnibus humanis testimoniis aliis longe antepona.
1059 346 1109 385 mus.
1090 372 1870 418 Sententiam vero nostram, quantum sit testimonio & autoritatis
1059 400 1700 465 Ecclesiae tribuendum, aliquot thesibus complectemur.
1381 452 1568 508 Thesis prima.
1099 501 1872 549 Sacra Scriptura quam apud homines nondum Spiritu Dei & ve¬
1062 536 1871 581 ra fide donatos habet autoritatem, propter quam ab illis incipit ad¬
1067 574 1880 608 mitti & audiri tanquam verbum Dei, habet ab Ecclesiae testimoxi
1060 603 1876 642 nio. Ideo non negamus, testimonium Ecclesiae ad fidem valere posse
1062 643 1864 682 apud eos, qui in numanis testimoniis haerentes, divina nondum sen¬
1062 679 1877 720 tiunt aut intelligunt. Talis vero fides necessario infirma est atque
1065 710 1882 762 confusa: explicata vero & solida fides longe solidiora requirit funda¬
1062 741 1155 785 menta.
1359 780 1568 839 Thesis secunda.
1107 837 1885 885 Sancta Scriptura, quam apud fideles & Spiritu Christi donatos, qui¬
1078 862 1877 919 bus veritas & vis Scripturae Sacrae est perspecta, habet autoritatem
1071 908 1885 945 non habet jam amplius ab Ecclesia, sed partim a Spiritu Sancto, qui
1077 939 1880 979 illorum corda ad credendum Scripturae ut verbo Dei & dignitatem
1087 972 1882 1013 ejus cognoscendam aperuit: partim a seipsa, quae ceu lux, fidelium o¬
1087 1008 1882 1053 culos a Spiritu Sancto jam apertos sua luce ita percellit, ut quod sit
1086 1038 1876 1075 divina, ipsa per se aperte ostendat. Exemplum utriusque propositioni¬
1087 1073 1862 1114 est in Samaritanis Joh. 4. item in Catechumenis, velut Augustino.
1395 1113 1562 1163 Thesis tertia¬
1117 1156 1880 1197 Sacra Scriptura non solum in se, sed etiam apud omnes esse debet
1073 1193 1880 1242 apud fideles autem omnes Spiritu Dei, vera fide & Scripturae cogni¬
1076 1228 1883 1267 tione praeditos reipsa est majoris autoritatis quam Ecclesia Gal. 1. 8.
1087 1259 1882 1299 & 9. Sed etiamsi nos aut Angelus e coelo evangelizet vobis praeterit
1093 1292 1888 1330 quod vobis evangelizavimus, anathema esto. Ut ante diximus, etiam
1080 1328 1880 1364 nunc iterum dico, Si quis vobis evangelizaverit, praeter id quod accepistis:
1091 1360 1895 1404 nathema esto. 2. Pe. 1. 19. quum Apostolus testatus esset se & Jacobum
1085 1391 1882 1433 & Johanne audivisse e coelo vocem delatam de Christo, Hic est Filius
1095 1422 1888 1466 ille meus, dilectus ille, in quo acquiesco: tamen huic suo & aliorum Apo¬
1078 1456 1885 1498 stolorum testimonio anteponit testimonium Scripturae Propheticae;
1086 1495 1891 1541 cum dicit: Et habemus firmiorem sermonem Propheticum, cui recte fa¬
1086 1521 1364 1573 citis quod attendatis, &c.
1389 1564 1574 1619 Thesis quarta
1128 1609 1901 1663 Apud quos Ecclesia majoris est autoritatis, quam Scriptura, id
1083 1644 1515 1698 nondum Spiritu sancto praediti sunt,
1435 1684 1543 1740 Quaestio¬
1123 1717 1723 1767 Nullane igitur est Ecclesiae autoritas circa Scripturam,
1118 1763 1894 1804 Est: eaque triplex. Prima est autoritas cognoscendi & discernendi
1087 1796 1892 1837 Scripturam divinam a non divina, Canonicam a non Canonica. Joh.
1096 1831 1883 1873 10. Oves miae vocem meum audiunt. 1. Joh. 4. v. 1. Probate spiritus, &c.
1127 1864 1889 1900 Secunda est autoritas interpretandi Scriptura, sed juxta Scriptura.
1123 1899 1889 1938 Tertia autoritas, est praedicandi publice Scripturam, Manh. 28.
1093 1924 1220 1968 Euntes, &c.
1321 1972 1674 2035 CAPTTIII
1086 2037 1886 2090 In quo Iudaeorum, haereticorum & Gentilium ipsorum¬
1155 2093 1819 2145 met testimonium de divina autoritate S. Scri¬
1353 2139 1598 2198 pturae exponitur
1099 2189 1886 2232 TTUCUSQUI de testimonio Ecclesiae quod illa de divinitate
1160 2232 1880 2266 seu divino ortu Scripturae Sacrae perhibet, egimus: testimonia
1174 2261 1889 2311 aliorum hominum extra Dei Ecclesiam sunt tum Iudaeorum,
1082 2301 1607 2333 tum haereticorum, tum Gentilium ipsorummet
1113 2325 1886 2367 Iudaei enim testantur, omnes libros veteris Testamenti vere esse
1095 2358 1888 2398 livinos: Quorum testimonium merito acceptamus, quia eis credita
1086 2395 1892 2433 sunt eloquia Dei, ut Paulus testatur Rom. 3. 2. Nam quod etiam nunc
1086 2432 1886 2470 apud Iudaeos pietatis nostrae libri asservantur, divinae id de nobis opus est
1090 2470 1882 2507 providentiae: ne enim ex Ecclesia eos proferentes occasionem quasi sup¬
1087 2497 1891 2538 positi a nobis aut corrupti sint, maledictis nos incessere uolentibus praebe¬
1087 2535 1883 2569 amus, ex illorum Synagoga producimus: ut ex ipsis hucusque apud eo,
1084 2565 1879 2604 censervatis libris, ad nos nostramque dectrinam a sanctis viris edita juri¬
1085 2596 1891 2631 liquido & manifesto pertinere appareat: ut Iustinus Martyr ait in Pa¬
1090 2634 1888 2667 raenesi prima ad Graecos, pag. undecima. Quid est enim aliud hodieque
1089 2660 1895 2703 gens ipsa Iudaeorum nisi quaedam scriniaria Christianorum, bajulans Le¬
1082 2697 1889 2737 gem & Prophetas ad testimonium assertionis Ecclesiae? ait August. sexto to¬
1083 2733 1880 2771 mo, libro duodecimo contra Faustum Manichaeum, cap. vigesimoter
1099 2760 1886 2796 io: Propterea adhuc Iudaei sunt, ut libros nestros portent ad confusionem
1096 2793 1886 2829 suam. Quando enim volumus ostendere prophetatum Christum, proferi¬
1089 2830 1890 2865 mus paganis istas literas. Et ne forte dicant duri ad fidem, quia nos illat
1098 2860 1894 2895 Christiani composuimus, ut cum Evangelio quod praedieamus finxerimus
1092 2896 1886 2931 Prophetas, per quos praedictum videretur quod praedicamus, hinc cos con¬
1092 2925 1891 2962 vincimus, quia omnes ipsae literae quibus Christus prophetatus est, apud
1093 2959 1895 2995 Iudaeos sunt: omnes ipsas literas habent Iudaei. Proferimus codices ab ini¬
1098 2993 1885 3031 micis, ut co fundamus alios inimicos. In quali ergo opprobrio sunt Iudaei
1102 3025 1898 3069 Codicem portat Iudaeus, unde credut Christianus. Librarii nostri facti sunt,
1101 3060 1889 3098 quomodo solent servi pest dominos codices ferre, ut illi portando deficiat,
1099 3093 1891 3126 illi legendo profitiant;ait idem Augustinus tomo octavo, in enarratio¬
1102 3126 1898 3171 ne Psalmi quinquagesimi sexti, pagina trecentesima octogesi¬
1089 3161 1895 3199 maquarta editionis Frobenianae Anni 1529. Et sub finem concionia
1098 3202 1885 3244 primae in enarratione Psalm. quinquagesi, octavi pag. quadringent
