2063 3451
1048 181 1859 242 bant, naturam divinam incarnatam esse. Hinc contendunt sequi, omnes
1055 224 1852 288 tres personas, quarum est communis una eademque illa natura, esse in¬
1055 257 1549 305 carnatas, ac proinde etiam passas & mortuas.
1072 290 1838 340 Verum RESPONSIO expedita est Quod ad primam rationem at¬
1055 317 1844 378 tinet, quum dicitur, duas naturas, divinam & humanam, in Christo esse
1048 359 1064 425 i
1063 424 1836 482 Dei, assumsit sibique univit naturam humanam. Sicut Johannes cap¬
1062 460 1850 507 1. v. 14. non ait, divina natura caro facta est: Sed, Sermo ille Caro fa¬
1058 489 1845 537 ctus est. Et Paulus Philipp. 2. vers. 6, 7 non ait, Forma Dei assumsit
1057 519 1847 575 formam servi: sed, Christus Jesus exsistens in forma Dei assumsit for¬
1046 562 1065 594 1
1057 588 1849 632 & subsistentiam Filii non differre reipsa sed unum & idem esse. Etsi e¬
1058 630 1850 677 nim reipsa non differant, distinguuntur tamen modo & ratione, sic
1061 666 1840 706 ut natura divina eadem exsistens in on nibus personis diversos tame
1060 761 1843 804 quum humana natura dicitur unita in Christo divinae naturae, non
1057 795 1068 835 it.
1059 829 1844 869 munis Patri, Filio & Spiritui Sancto, sed relate quatenus θιονητος in
1061 854 1843 905 Filio subsistit. Ex his patet, ex antecedente figurato inferre conse¬
1060 890 1388 937 quens proprium, esse ἀλογον.
1084 924 1841 970 Quod ad secundam rationem attinet, quum Paulus Colos 2 vers. 8.
1060 995 1849 1034 telligit, quam totam plenitudinem Deitatis, non simpliciter, sed qua¬
1064 1027 1856 1070 tenus est singulariter in Filio, inhabitare in assumta humana natura
1067 1088 1347 1134 dum quid intelligi debete
1092 1122 1861 1164 Similiter quod ad tertiam rationem attinet, quum Patres orthodo¬
1069 1149 1858 1196 xi dicunt, naturam divinam incarnatam esse, intelligunt naturam di¬
1069 1194 1851 1238 vinam non ἀπλώς & communiter, qua enus praedicatur de singulis
1074 1225 1852 1276 personis, sed κη & singulariter, quatenus in persona duntaxat Fili¬
1068 1253 1205 1294 consideratur
1095 1291 1860 1332 Quapropter potuit tota natura divina duntaxat in Filio incarna¬
1065 1313 1855 1362 ri: quia simplicissima quum sit, tota in unaquaque est persona Sicut
1062 1360 1073 1400 I
1074 1394 1847 1429 in columba symbolo Spiritus Sancti; nec tamen inde colligi potest.
1074 1425 1856 1475 vel Filium eandem vocem tum e caelo loquutum, vel Patrem etiam
1065 1454 1850 1499 & Filium illam columbam fuisse, quae Spiritus Sanctus fuisse di¬
1072 1486 1133 1530 citur.
1107 1518 1856 1562 Ex refutatione istarum rationum liquet, non tres personas esse in¬
1068 1556 1859 1595 carnatas ac proinde nec omnes tres esse passas & mortuas, sed solum
1077 1589 1484 1629 Filium Dei in carne manifestatum.
1212 1629 1709 1697 Hactenus primus usus: sequitur alter
1107 1684 1855 1730 Si Filius Dei pro nobis passus & mortuus est tum profecto sus
1065 1729 1076 1769 s
1068 1756 1864 1795 mundat, a peccato sumus. Qui enim possit insufficien: esse satisfa¬
1065 1797 1077 1837 &
1070 1824 1862 1859 te profluxit? Ideo dicituri. Johan 1. versicul. 7. Sangnis Ieju Christi Fi¬
1068 1860 1078 1901 st
1073 1928 1862 1971 ctionem pretii redemtionis indicer Deinde non ait, purgat nos a pec¬
1070 1959 1540 1994 cato, sed purgat nos ab OM Ni peccate
1101 1981 1850 2026 Tertius ujus. Si Jesus Christus Filius Dei pro nobis passus & mor
1063 2021 1079 2058 t
1074 2060 1850 2091 cognoscendum tantum beneficium  Iad celebrandum ejus autorem
1057 2083 1081 2120 a
1069 2125 1080 2165 e
1066 2157 1080 2197 I
1074 2186 1852 2227 tiam Filio Dei omnes. quotquot redemti sumus, debemus. At quam
1072 2225 1853 2259 maligne gratiam ei habemus, & obsequium exhibemus! In rebus
1072 2248 1856 2292 prosperis & ad nutum nostrum fluentibus obliviscimur illius: in re¬
1077 2282 1856 2323 bus adversis indignamur illi: in persequutionibus confiteri illum me¬
1066 2324 1083 2355 t
1113 2346 1852 2392 Quartus usus. Si Filius Dei passus & mortuus est; simus & nos pa¬
1069 2392 1083 2432 t.
1079 2422 1856 2453 ait Hebr. 12. v. 3. Etenim reputate quis ille sit qui talem sustinuit a pec¬
1081 2449 1855 2488 catoribus adversus sese contradictionem, ne vestris animabus remissi fa¬
1072 2491 1083 2531 I
1081 2511 1849 2555 man. 8. v. 29. Quos praenovit, etiam praedestinavit conformandos imagit
1079 2542 1853 2587 ni Filii sui, nempe etiam in passionibus & morte. Haec consolatio
1080 2589 1621 2629 magna est, & in vere fidelibus validissime efficax
1128 2618 1793 2674 Hucusque de persona patiente & moriente: sequitur
1332 2660 1602 2718 de causis efficientibus.
1111 2707 1855 2752 CAUSA EPFICIENTES passionis & mortis Christi ωροn¬
1080 2749 1837 2793 γυμδυαι sunt duplices: quaedam respectu Dei, quaedam rispectu nostra
1112 2770 1863 2819 Respectu Dei rursus sunt duplices: aliae respectu Dei Patris, Filii &
1084 2808 1859 2860 Spiritus Sancti communiter: aliae respectu cuiusque personae singula¬
1065 2843 1090 2894 t
1116 2868 1862 2921 Nam communi decreto Patris, Filii, & Spiritus Sancti, quod opus
1085 2907 1862 2956 est Dei essentiale & commune omnibus tribus personis Sacrosanctae
1084 2943 1854 2989 Trinitatis, Christus passus & mortuus est, sicut dicitur Actor. 2. v. 23.
1078 2991 1088 3032 I
1086 3009 1574 3058 manibus sceleratis cruci affixum interemissis.
1104 3037 1862 3088 Singulariter tamen cujusque personae respectu causae etiam consi¬
1091 3077 1861 3122 derantur: Pater quidem ut fons consiliorum & operum diinorum:
1096 3115 1865 3155 taque in Patre prima causa fuit certa ejus voluntas, quemadmodum Ec¬
1087 3146 1857 3190 clesia Apostolica profitetur Act. 4. v. 27. Coacti sunt enim (e ACTI
1078 3193 1090 3233 i¬
218 166 1007 226 Vocatur etiam Iustitia & satisfactio, meritum Christi, obidentis,
200 202 989 255 Jesa. 53. Philip. 2. 8. Factus obediens usque ad mortem, mortem autem
184 249 993 295 crucis Hebr. 5. vers. 8. etsi Filius Dei esset, didicit ex his quae passus est
193 280 991 329 obedientiam, Roman. 5. vers. 19. Per obedientiam unius, iusti constitus
192 304 335 345 entur multi.
222 340 995 396 Impletionis Legis sunt duae partes: Perfecta praeceptorum Legis ob¬
196 366 998 423 servatio, & sufficiens poenae peccatis nostris ex Legis comminatione debi¬
193 409 765 455 tae & sacrificiis aliisque figuris significatae exsolutio
231 440 992 494 Perfecta praeceptorum Legis observatio, est prima impletionis Legis,
193 477 1005 526 pars, quam integerrimam tota vita praeceptis Legis Dei obedientiam,
204 513 1003 560 quam nos debebamus propter nos & pro nobis praestitit, non modo
190 543 1002 598 sancte conceptus & natus, atque penitus peccati originalis expers,
195 576 991 623 sed etiam omnia peccata actualia quae Lex prohibet, vitans; & o¬
193 618 986 663 mnia opera quae Lex praecipit, faciens, Roman. 5. vers 19. Per obediem
195 648 993 696 tiam unius, iusti constituentur multi. Et cap. 10. vers. 4. Finis Legis est
201 681 632 720 Christus, ad iustitiam cuivis credenti.
237 714 992 756 Persolutio sufficiens poenae pro peccatis nostris, est altera pars imple¬
192 742 994 793 tionis Legis, dum pro nobis sustinuit poenam, quam nos promerit
201 784 991 826 eramus, ut satisfaceret severissimae Justitiae Dei pro nobis, ita ut non
199 818 1032 870 amplius obligemur ad poenam eam sufferendam, cum Christus eam;o
195 850 647 891 nostro loco luerit, Jes 53. Philip. 2. 7, &
237 881 778 922 Ea fuit voluntatia, non coacta. Psalm. 4. v. 8, 9.
244 913 1009 957 Quum vero Ps. 69. v. 5. dicitur; Quod non rapui, rependere cogor, ut
210 951 994 989 habet versio Vatabli & Tremellii, non proprie, sed μασαχρηστικϰώς ve¬
201 983 998 1027 bum cogendi usurpatur, ad indicandam violentiam hostium Christi
211 1016 1003 1059 Sacerdotum, Scribarum & aliorum, qui cum illis adversus Christum
195 1054 1003 1091 conspiraverant. Quanquam in textu Hebraeo non est verbum, co¬
202 1090 1011 1131 gendi significationem habens, sed est QyyN aschib, quod simpliciter
202 1124 998 1160 verti potest rependo, restituo, reddo, sicut versum est in Bibliis Gallici:
202 1157 1004 1192 Pai lors rendu ce que je n avove point ravi. Vel potest verti Latine
197 1190 1000 1232 Tunc quod non rapui, oportet me rependere, ut versum est in Bibliis Bo¬
198 1222 891 1264 hemicis, to cebop sem nemnbr;elinapragomatisem musyi
247 1257 1020 1298 Poena quam Christus pro nobis pertulit, temporalis quidem fuit
201 1290 944 1330 reipsa seu duratione, sed infinita aeternaque est, virtute & valores
237 1314 1010 1368 Persolutionis poenae pro nostris peccatis partes sunt duae: humili¬
196 1357 857 1396 tas incarnationis, & continua miseria post incarnationem.
238 1389 1007 1427 Humilitas incarnationis in eo perspicitur, quod Christus, qui erat
205 1424 1010 1465 aequalis Deo Patri, quasi Deitatis jure & bonis omnibus caelestibus
204 1457 1011 1497 se abdicavit, assumsit formam consimilem carni peccato obnoxiae, ser¬
208 1499 1022 1530 vilem, & injuriis obnoxiam, conceptus est in matre pauperrima, ac
202 1526 1010 1563 coram mundo despecta, natus in summa paupertate & inopia, exclu¬
208 1558 1011 1596 sus in patria propria hospitio, detrusus in locum, non hominum ha¬
204 1591 1015 1628 bitationi, sed pecudum stabulationi destinatum neglectus a suis, quo
205 1627 449 1667 rum causa natus erat
240 1661 1025 1703 M:seriae quam Christus post incarnationem suam sustinuit, partes
201 1686 1013 1737 sunt passio & mors: sepultura, & detentio in sepulcro in vinculis mortis
200 1727 476 1771 ad diem usque tertium.
241 1751 1014 1794 PASSIO CHRISTI, est pars persolutionis poenae pro nostris
206 1796 1010 1836 percatis, dum Christus in natura sua hum, na, tum animam tum corpo¬
211 1825 1020 1864 re iram Dei adversus peccata hominum electorum sustinuit, ipse in¬
203 1862 1016 1903 nocens hostia pro nocentibus factus, Hebr. 9. v. 26. & 28. & c. 10. v.
201 1892 500 1937 11. Dan. 9. v. 24. Jesa. 53. 5.
247 1916 1010 1961 De ea expendendum; quae persona Sacrosanctae Trinitatis pro nobis
212 1953 1019 1999 passa & mortua sit, quae passio nis & mortis Christi causa efficientes, qui
206 1996 1016 2035 fines in genere, quae partes cum finibus cuiusque partis, quae subiecta, quae
218 2024 368 2068 adiuncta, &c.
255 2044 1011 2104 Passus & mortuus est pro nobis Unigenitus Dei Filius caro fa¬
213 2089 1039 2139 ctus ex Virgine Maria Dominus noster Jesus Christus, isque solus;
209 2126 591 2168 ut sequentes rationes evincunt.
258 2147 1022 2196 Prima ratio est, quia solus Filius homo factus est & carnem sibi
213 2190 619 2238 univit, qua sola pati & mori potuit.
258 2214 1011 2266 Secunda, quia solus Filius sponsor pro nobis factus est: solum ergo
215 2259 614 2309 satisfacere pro nobis aequum fuit.
252 2277 1016 2330 Tertia, quia homines jure filiorum Dei exciderant, Filium ergo¬
217 2330 1007 2370 Dei unigenitum pro ipsis satisfacere decuit, ut jus filiorum recupe¬
219 2367 305 2403 rarent.
250 2380 1004 2432 Videamus jam USUM. Primus usus: Si solus Unigenitus Dei Fi
213 2421 1014 2465 lius passus & mortuus est; Non ergo Pater vel Spiritus Sanctus. Ex¬
220 2457 1012 2503 stiterunt olim haeretici, Patripassiani appellati, qui veluti surculus ex
213 2479 1047 2530 Simonis Magi haeresi nati sunt, & vocati etiam sunt Noetiani a Noe¬
219 2521 1015 2572 to Smyrnensi, Sabelliani a Sabellio Noeti discipulo, Praxeani a Pra¬
224 2557 1009 2606 rea qui eundem errorem sparsit: hi omnes docuerunt, unam tantur
220 2591 1022 2633 esse personam Deitatis, sed tria nomina habentem, Patris, Filii & Spi¬
225 2630 1009 2667 ritus Sancti: Itaque Christum eundem esse Patrem & Spiritum San
220 2659 1009 2706 ctum, in caelis Patrem appellari, in terris Filium, in viribus creatura
214 2687 1022 2738 rum Spiritum Sanctum: unde idem de Patre dicebant, quod de Filio;
222 2721 1021 2771 nempe Patrem esse visibilem mortalem & immortalem, patibilem &
214 2753 1026 2805 impatibilem. Sic igitur Patrem esse in terris dixerunt, qui impatibilis
221 2790 1016 2840 sit in caelis. Nos vero cum Prophetis & Apostolis credimus, etsi una
212 2824 1016 2870 est & eadem numero Patris. Filii & Spiritus Sancti essentia & natura;
222 2861 1021 2904 tamen tres esse hypostases realiter inter se distinctas: sic ut Pater non
222 2890 1025 2940 sit ens tantum rationis & notionale, sed reale & distinctum realiter a
225 2932 546 2980 Filio, ut & a Spiritu Sancto
258 2949 1015 3003 OEIICITUR: Si omnes tres personae Deitatis sunt incarnatae.
226 2997 1027 3038 tum etiam omnis tres sunt posse & mortuae. Verum esse antecedens
226 3025 1026 3078 confirmare conantur hoc pacto: Si tota natura divina est incarnata,
220 3057 1016 3108 tum omnes tres per ona saut imarnatae. Atqui totam naturam divi
226 3092 1022 3147 nam incarnatam esse, alant paotere ex tribus his rationibus, quia ma¬
225 3121 1022 3182 guo consensu dicatur, unitas isse duas naturas in Christo divina & hu¬
226 3155 1028 3207 manaas, divinam autem unam & eandem esse Patris, Filit & Soritus
225 3188 1028 3244 Sancti 2. quia Pautus dicat Colos. 2. v9. in Christo habitare ominem ple¬
224 3222 1029 3282 nis udinem Deitatis corporatter. 3. Quia Patres Orthodoxi sape scri¬
