2063 3439
248 181 1030 236 Effecta illius metus & angoris fuerunt, pathetica precatio & sudor
215 212 1006 271 sanguaneus. Nam ter a Patre petivit, ut transiret ab ipso calix iste, si
223 249 1010 301 fieri posset: quae precatio ex incredibili amaritudine animi profecta,
222 281 1001 341 ostendit asperius & magis arduum fuisse Christo certamen quam
224 330 479 378 cum morte communi¬
258 344 998 398 Sudor vero ejus sanguineus erat: nam quasi grumi sanguinis de
229 389 1006 436 ciderunt in terram prae vehementia angoris orti ex irae pater¬
226 421 1006 473 nae in nostra peccata & magnitudinis poenae apprehensione Luc.
224 471 323 506 22. 44.
258 475 1032 528 QUAERITUR, An vere Christus metuerit & anxietatem ani¬
228 528 379 571 mae senserit..
261 547 1000 596 RESP. Christus vere metuit & angores in anima sensit: quia a¬
225 580 1039 638 perte dicunt Apostoli, Christum coepisse λυπειος, αδημενεῖν εηθαμ¬
255 602 1006 661 ιE, id est, costristavi, gravissime angi, expavescere: dicut fuisse ἐν ἀγα¬
232 644 1010 694 via, in angnre ceu luctantis summa angustia. Et Christus ipse affirma
232 680 1004 728 vit, animam suam esse ωριλυπον, id est, maerore obsessem usque ad mor
234 711 1004 761 tem Et Hebr. 5. ver. 7 Christus dicitur in diebus carnis suae, deprecatio
229 740 1034 794 nibus & supplicationibus obiatis cum clamore valido & lacrymis apud
227 792 1039 827 eum qui poterat ipium servare a morte, & exauditus δτη τ δυλαScιας,
244 804 1049 860 e metu, &c. Idem docuerunt Patres, quorum testimonia videantur
243 859 844 902 in Symphonia nostra Catholica, cap. 10. Thesi quinta
271 884 1024 936 Colligimus hinc, Christum veram naturam humanam suscepisse
241 923 1021 976 cum omnibus animi affectibus inculpabilibus; & vere luisse iram
238 955 1019 1009 Dei in nos accensam, quorum peccata in ipso vadimonium pro nobi
234 992 1015 1037 obeunte ulciscebatur Pater: quod summai nobis consolationem ad
238 1026 1015 1072 fert adversus tristitiam, moerorem, angoresque animae propter ma¬
241 1061 1028 1111 gnitudinem peccatorum nostrorum & irae divinae terrorem: nam
250 1089 1028 1147 Christus angores illos pertulit, id est, sic tulit ut superaverit, & qui¬
246 1135 365 1179 dem nobis
279 1164 1031 1215 Qui vero dicunt, Christum vore non timuisse & angores in anima
240 1202 1033 1245 nullo, sensisse, veritati Evangehi Christi contradicunt & veritatem
242 1243 566 1291 redemtionis nostrae negant.
286 1308 1004 1355 Haec de Pastione Christi in horto ante adventum hostium
430 1345 838 1408 qui ipsum ad necem quaerebant.
289 1409 1030 1464 Pist adventum hostium, ultro ad illos prodiit, proditus est Judaeis
256 1450 1033 1493 captus ab illis & vinctus, desertus ab omnibus suis discipulis, abdu¬
255 1488 560 1531 ctus ex horto inhumanites
286 1512 1039 1563 Ultro ad hostes suos prodiit, Matth. 26. Marc. 14. 42. Johan. 18.
267 1548 1037 1592 A atque sic ultro capiendum se praebuit, ut voluntatiam Adami defe¬
274 1590 1039 1632 ctionem a Deo & conjectionem sui in vincula ac captivitatem pecca¬
264 1620 610 1660 ti lueret voluntatia obedientia.
306 1652 1049 1694 Proditu est Christus a Juda Iscariota discipulo perfido & ingrato
306 1685 1051 1722 I. Ut pensaret nostram tum perfidiam, qui in Adamo veritatem
271 1708 1055 1758 Dei prodideramus, tum ingratitudinem, qua tam multis bonis a Deo.
273 1747 1061 1793 ornati in creatione & posteam, benefactori nostro malam retulimus
274 1784 380 1832 gratiam.
307 1804 1082 1861 II. Ut consolationem haberemus adversus perfidiam & ingrati¬
267 1851 697 1885 tudinem eorum quibus benefecimus
308 1885 1048 1923 Proditus est escuio: I Ut satis faceret pro nobis, qui in Adame
268 1910 1048 1950 adulationem serpentis admiseramus, quum palpum nobis obtrude¬
271 1949 1052 1994 ret, nos fore sicut deos: imo qui serpenti veluti adulati sumus, illi po¬
274 1980 638 2023 tius obtemperantes, suam Deo.
303 2004 1052 2049 II. Ut nos doceret, non omnia externa signa amoris, esse sinceri
267 2044 1040 2082 amici indicia. Ut Judas Iscar otes esse Christi debebat amicus, qui e¬
273 2081 1040 2123 rat discipulus: sed ille Judas amicus Christum Filium hominis parum
270 2116 1040 2146 amice osculo prodidit. Sic benevolentia hostium Christi & mem
267 2144 1052 2180 brorum ejus, insidiosa est; nimium famihiariter inimicitias exercent.
274 2180 1041 2217 Callidi osculatores sunt, ut insidiosi trucidatores esse possint: sub be¬
271 2211 1046 2246 nevolentiae specie perniciem summam machinantur. Nam ut modu¬
276 2245 1052 2279 est fictus amor, sic finis est funis & interitus. Insidiosa benevolentia.
273 2278 1042 2321 nunquam a simultate differt. Ideo quum Servator dixit Judae prodi¬
254 2312 1046 2356 tori, Amice quorsum ades? tum exprobravit ei perfidiam, ingratitudi
263 2347 1049 2388 nem & hypocrisim: tum denunciavit tristem exitum, quasi diceret: Te¬
280 2377 1055 2417 quidem osculo prae te fers amicitiam erga me, & esse mihi amicus de¬
277 2413 1055 2456 bebas, qui es discipulus & a me in numerum eorum allectus, quibus
266 2444 1044 2485 dixi, Vos amici met estis: sed tu perfidum, ingratum & fallacem anime
271 2476 1043 2515 tuum manifestas isto adventu tuo, ut qui veneris ad me prodendum
264 2509 1036 2564 Oquam male tibi consuluisti: o quorsum te ipse adducis miseria
262 2541 336 2579 rum:
294 2574 1052 2619 Captus est qui captivis libertatem restituit, ut nos e captivitate Sa¬
264 2612 1048 2650 tanae, quam detinebamur liberaret: utque captivitas ejus martyrum
267 2641 834 2685 sanctorum cap. ivitatem sanctificaret & solaretur.
295 2676 1049 2714 Captus autem est, ut Christo illi promisso conveniebat. I. quia
255 2709 1049 2747 ultro se obtulit capiendum, quum evadere potuisset, ut aliis vicibus,
258 2743 1046 2792 manibus Judaeorum, vel repellere hostes opera Angelorum. 2. quid
256 2774 1043 2823 declaravit se non esse merum hominem, sed etiam omnipotentem
261 2805 1055 2851 Deum, qui una voce hostes suos prosternere posset, qui miraculose
256 2844 1051 2883 aurem abscilsam Malcho restituit. 3. quia Regem & Dominum
268 2873 1049 2913 Judaeorum se manifestavit, mandans eis ut discipulos seu Apostolos
256 2912 1052 2949 suos dimirterent, quod & fecerunt. 4 quia Propheiam illum se esse
259 2942 1057 2993 ostendit, instruens Petrum de complemento Scripturarum, & de usus
268 2973 935 3019 gladii corporalis quod is non competat ministris verbi Dei
301 3005 1050 3054 Vinctus est qui de infirmitatum & carcerum vinculis solvit, ut
267 3037 1059 3087 nos a peccatorum, malorum consuetudinum & diaboli vinculis
271 3071 1044 3128 solveremur: utque martyrum sanctorum vincula sanctificaret & so¬
257 3101 347 3139 faretur.
304 3140 1052 3185 Di serius fait. I. Ut pro nobis qui Deum desetueramus & ab i¬
259 3169 1052 3225 pso defeceramus lueret. 2. Ut exemplo suo nos solaretur, quoties
257 3200 490 3250 ab alii, deserimur.
1083 178 1853 217 Desertus fuit ab omnibus discipuli:, ut solus pro nobis satisfaceret
1064 211 1850 247 ne redemtionis nostrae & salutis gloria vel minima ex parte in Apo¬
1061 247 1869 290 stolos vel alios sanctos transferretur. Jes. 63. 3. Torcular calcavi solus,
1061 276 1437 321 nam ex populis nullus vir mecum.
1093 309 1859 344 Abductus est ex horto inhumaniter, ut nos in paradisum caelestem
1062 346 1868 382 ex quo ejecti eramus, reduceret. Sicut enim expulsio primorum pa¬
1068 378 1861 411 centum e paradiso terrestri symbolum fuit ejectionis e caelo ita abdu¬
1059 407 1825 451 ctio Christi ex horto peperit nobis reductionem nostri in caelum
1097 443 1624 486 Sequitur jam de passione Christi in ipsa urbe
1105 478 1876 522 In urbe plurima passus est tum nocte, antequam sisteretur iudicio,
1061 508 1325 551 tum interdiu in tudicio
1104 543 1877 583 Antequam sisteretur judicio raptatus fuit ex unius summi Pontifi¬
1072 607 1603 650 mox ab Hanna ad Cajapham. Joh. 18. v. 13, 24.
1105 643 1874 684 Deinde abnegatus est a Petro ter antequam gallus caneret, Luc.
1071 679 1879 721 22. Johan. 18. ut ne nobis noceret & exit um aeternum afferret, quod
1080 713 1874 751 Deum abnegavimus in Adamo: ut suo exemplo nos solaretur,
1083 752 1873 787 quando nos quisquam abnegaret, & se ingratum pro heneficiis pro¬
1083 786 1883 819 paret: utque in Petri persona ostenderetur, hominem sibi relictum ne¬
1072 811 1696 851 ad momentum Christo adhaerere, eumque confiteri.
1113 837 1883 885 Tractatus est injuriose ab iis a quibus vinctus tenebatur: nam il¬
1071 874 1874 914 ludebant ei, caedentes eum: & cum eum obvolvissent, verberabant fa¬
1087 910 1886 951 liem ejus, & interrogabant eum scoptice, dicentes, Paticinare quis sit,
1080 944 1877 988 qui ce percusserit: & alia multa conviciantes dicebant Luc. 22. vers. 63.
1080 985 1880 1016 64, 65. Illas injurias, illa probra & convicia passus est, ut nos liberare
1077 1012 1886 1056 a probro & ignominia, nobisque consuleret, qui faciem seu imagi¬
1077 1046 1879 1081 nem Dei primam amiseramus, utque nobis liberum aditum ad fa¬
1075 1080 1883 1122 ciem Dei pararet: denique ut aequis animis injurias, probia, convitia.
1077 1111 1385 1156 exemplo Christi feramus.
1117 1124 1889 1185 Ut vero dies ortus est, adductus fuit Christus in judicium: neque e¬
1083 1181 1886 1221 nim per tumultum intersi: debuit, sed judicio sisti pro nobis voluit,
1102 1218 1888 1266 qui aeterni Judicis sententiae obnoxii eramus & pro ne stris peccatis
1078 1249 1421 1290 damnationem meriti eramu.
1113 1276 1886 1325 I. Ut terrorem judicii divini nobis eximeret, ita ut non amplius
1080 1324 1892 1355 coram tribunali Dei comparituri simus ad accipiendam scutentiam
1092 1357 1893 1387 mortis ob peccata, sed tantum ad audiendum decretum de aditione
1086 1379 1318 1422 aeternae haereditatis.
1125 1413 1897 1449 II. Ut innocentia ipsius, & contra summorum Pontificum, Sa¬
1093 1451 1889 1497 cerdorum aliorumque Judaeorum, mortem ipsius expetentium, invi¬
1095 1479 1418 1519 dia atque malitia patefieret.
1126 1509 1814 1554 In duplex judicium tractus fuit: Ecclesiasticum & Politicum.
1131 1542 1888 1585 Ecclesiasticum judicium fuit Concilium sacerdotale, in quo sum
1099 1587 1898 1632 mi sacerdotes cum primoribus Judaeorum & praefectis templi e¬
1102 1611 1149 1650 rant.
1129 1644 1888 1689 In illo judicio Ecclesiastico primo quaesita sunt adversus Jesum te¬
1104 1684 1901 1718 stimonia falsa ut morte afficeretur. Deinde interrogatus de discipu¬
1116 1717 1897 1753 is suis & doctrina, cum respondisset ut par erat, ab uno ex mini¬
1110 1750 1902 1789 stris qui adstabant bacillo percussus est, quasi indecenter Pontifici
1107 1783 1906 1821 Maximo respondisset. Ipse autem nihil contumeliose locutus est in
1122 1816 1907 1855 ersonam Pontificis, sed tantum innocentiam suam asseruit, dicens
1120 1849 1901 1885 ohan. 18. versicul. 23. Si mate loquutus sum, testificare de malo: sin be¬
1099 1884 1901 1926 ne, cur me caedis? Quae omnia ab eo ideo facta sunt humiliter atque pa¬
1107 1918 1906 1950 tienter, ut nos humilitatis ac patientiae haberemus exemplum. Do¬
1095 1948 1910 1985 cuit simul, sacerdotes veros legitime honorandos, dum circa falsos sa¬
1101 1981 1904 2023 cerdotes ipse talis exstitit. Tertio accusatus fuit duplicis blasphemiae
1104 2016 1910 2054 quarum unam ajebant esse in templum; alteram in Deum ipsum.
1108 2049 1904 2083 Nam asseverabant eum minatum se templum destructurum: quam
1107 2090 1908 2124 calumniam malitios e hauserant ex verbis ejus male relatis & pejus
1105 2118 1901 2154 intellectis. Ajebant ipsum dixisse, Possum desiruere templum Dei, &
1098 2157 1905 2192 triduo ipsum aedificare. Atqui istud non dixerat, sed Destruite templum
1104 2180 1910 2218 hoc, & intra triduum excitabo illud: nec locutus erat de templo lapi¬
1105 2216 1919 2258 deo quod Jerosolymis erat, sed de templo corporis sui Johan. 2. vers¬
1107 2254 1901 2295 19. & sequentibus. Hoc autem passus est, ut pro nobis lucret, qui i1
1110 2292 1902 2329 primis parentibus nostris verbum Dei perverteramus seu corrupera
1110 2317 1904 2355 mus, atque aliter intellexeramus quam debuimus: utque nos exem¬
1111 2349 1912 2392 plo ejus patienter feramus, si dicta nostra ab aliis vel ex malitia vel ex¬
1108 2384 1909 2424 nequitia pervertantur & alio sensu quam a nobis prolata sunt, acci¬
1102 2418 1202 2466 piantur.
1137 2445 1912 2491 Porro ad primam accusationam Jesus velut obmutuit & obsurduit.
1119 2483 1919 2519 per quem muti locuti sunt & surdi auditum receperunt: uihil enim re¬
1125 2547 1915 2599 I. Quia sciebat, non defendendi sui, sed patiendi cau: a se judicio
1144 2613 1913 2656 2. quia sciebat se condemnatum iri, etiamsi accusationem di¬
1107 2645 1174 2688 lueret.
1137 2677 1916 2723 3. Ut patienti suo silentio significaret accusationis & testimonio¬
1134 2741 1906 2794 I. Ut loco nostro quasi culpam agnosceret, dum quicquam reset¬
1108 2779 1385 2819 lere & se excusare noluit.
1135 2809 1925 2866 5. Ut expiaret nostras excusationes, quibus in Adamo & Eva ad
1107 2853 1579 2897 patrocinium peccati nostri usi fueramus
1145 2877 1922 2930 S. Uit Scriptura impleretur quae dixit, Non appruit os suum, Jesaiae
1114 2916 1262 2962 13. versicul. 7.
1134 2946 1919 3003 7. Ut suo exemplo nos doceret sacro silentio uti tum quum veri¬
1143 3009 1912 3057 Altera uccusatio erat, quod se Christum illum & naturalem Dei
1102 3034 1120 3092 F
1144 3071 1913 3123 Ad hanc respondit, quia gloriam Dei attingebat & salutem ele¬
1120 3114 1202 3156 storum.
1144 3136 1907 3187 Sic autem respondit, ut prie fateretur, se esse Christum illum Fi¬
