2063 3447
159 245 973 290 nona, Iudei sunt necessarii credentibus gentibus. Quare hoc? Vt demon¬
162 283 950 325 stret nobis Deus in inimicis nostris misericordiam suam (nempe erg
165 314 949 352 nos.) Et mox: Dispersi sunt Iudaei testes iniquitatis suae & veritatis no¬
168 348 961 385 strae. Ipsi habent codices de quibus prophetatus est Christus, & nos tene¬
160 383 962 422 mus Christum. Et si forte quado aliquis paganus dubitaverit, cum ei di¬
159 413 947 450 xerimus prophetias de Christo, quarum evidentiam obstupescit, & ad
159 447 956 485 mirans putaverit a nobis esse conscriptas, de codicibus Iudaeorum proba¬
162 490 953 518 mus, quia hoc totum ante praedictum est. Videte quomodo de inimicis no¬
159 512 949 553 stris alios confundimus inimicos. Similia habet Augustinus tomo se¬
162 545 968 583 cundo epistolam quinquagesimanona quae est ad Paulinum: & sexto¬
162 564 964 618 tomo, lib. tertiodecimo contra Faustum Manichaeum, capite decimo:
169 610 803 651 & lib. sextodecimo contra eundem, cap. vigesimoprimo
190 639 965 682 Speciatim autem testatur libros veteris Testamenti esse divinitus.
163 676 959 715 inspiratos Flavius Iosephus gente & professione Iudaeus, libro primo
159 711 964 749 contra Appionem Grammaticum Alexandrinum non ita procul ab¬
169 744 963 793 initio, quem locum Eusobius quoque citat histor. Eccles. lib. terrio, ca¬
169 776 443 825 pitibus nono & decimo
366 812 761 872 Haec de Iudaeorum testimonio.
202 866 985 908 Haeretici etiam qui se ab Ecclesia separatunt testimonium reddunt
168 900 962 940 Sacrae Scripturae quod sit divina. Nam ex illa doctrina suam conantur
174 939 962 979 probare & hominibus aliis persuadere: ut Ebionei retinebant E van¬
165 972 967 1012 gelium Matthaei, Valentiniani Evangelium secundum lohannem, &c.
172 1005 971 1039 Quum ergo hi qui contradicunt nobis testimonium perhibent divi¬
178 1037 965 1069 nitati Scripturae, firma & vera est nostra demonstratio, ut docet Ire¬
165 1065 968 1103 naus lib. tertio adversus haereses, capite undecimo. Sic ait Tertullianus
177 1096 967 1134 libro de Praescriptionibus adversus haereticos capite decimoquinto
177 1130 970 1168 Sed ipsi (haeretici) & de Scripturis agunt, & de Scripturis suadent. Aliun¬
177 1163 784 1202 de scilicet loqui possent de rebus fidei, nisi ex literis fideit
214 1188 974 1233 Gentiles denique ipsimet, similiter fatentur, Scripturam nostram esse.
177 1225 965 1266 divinam. Nam miranti Ptolemaeo Regi AEgypti, cur divinorum libro
177 1268 967 1306 rum nulli neque Historici, neque Poetae veteres meminissent? Deme
187 1301 978 1333 trius Phalereus respondit, ut ex Aristaea referunt Iosephus libro duo¬
183 1326 974 1364 decimo Antiquitatum Judaicarum cap. secundo, & Eusebius libro o¬
186 1362 964 1398 ctavo puaeparationis Evangelicae cap. primo, divinam hanc Scriptu
181 1394 977 1434 tam esse, atque a Deo ipso datam; propterea si qui profanorum ho¬
186 1427 967 1462 minum eam attingere voluerunt, eos a Deo percussos continuo resu
178 1461 967 1498 liisse. Significavit enim quomodo Theopompus volens in historia ali
196 1491 961 1536 quid de his conscribere, sit mente turbatus plus triginta diebus: & ¬
184 1531 989 1565 versus ad se, cum humilitate a Deo veniam supplex oravit, cum inde
186 1562 984 1601 sibi dementiam factam suspicatus esset, nec non & in somnis vidisset
180 1597 971 1635 quod ei hoc ideo accidisset, quia divina scrutatus esset & proferre e
180 1624 976 1664 ad homines imputos vellet: cumque conscribere quievisset, mentem
189 1658 981 1699 recepit. Referebat autem & de Theodecte Tragoediarum poeta dici
183 1698 978 1735 quod cum conatus fuisfet in aliquo dramate eorum meminisse, quae
190 1732 983 1762 in divino volumine continentur, caecitate oculorum percussus sit, cum¬
193 1758 979 1796 que causam suae caecitatis recognovisset, liberatum esse a passione
189 1789 481 1835 Deo veniam indulgente¬
219 1814 979 1860 OEIICITUR I. Impiorum hominum testimoniis non est utendii ad
190 1860 992 1896 asserendam librorum Sarcorum divinam autoritatem: Iudaei vero, haere¬
190 1888 986 1926 tici & Gentiles sunt impii homines: Illorum igitur testimoniis non utendum,
225 1922 979 1959 RESP. Maior propositio est limitanda. Impiorum hominum testi¬
186 1955 994 1991 moniis non utendum in rebus divinis, scilicet nisi vel ad alios impios &
187 1988 982 2025 hostes confundendos vel ad succurrendum hac in re infirmitati pio¬
183 2018 983 2055 rum, qui value confirmantur in veritate, cum vident etiam ab ho¬
184 2052 992 2090 stibus testimonium ei perhiberi. Illorum igitur testimoniis pro veri¬
189 2087 980 2130 tate nostra Christiana uti quis vetet? Certe universaliter magnam fi
196 2117 986 2157 dem habet inimicorum testimonium pro inimicis & cupide suscipitur.
231 2150 992 2189 Deinde & minor restringenda est, Judaei, haeretici & Gentiles sunt
198 2181 1012 2222 impii homines, non ex aequo & eodem modo, sed alii ex malitia, alii
200 2217 436 2264 ex mera ignorantia¬
243 2257 986 2300 DBIICITURII. Quod Deus ab omnibus hominibus vult cognosci¬
202 2293 985 2333 ob eius cognoscendi & ad alies propagandi studium non est verisimile.
216 2322 483 2378 quenquam a Deo puniri.
232 2364 1002 2408 At Scripturam Saeram Deus ab omnibus hominibus vult cognosci:
240 2406 988 2445 Ergo non est verisimile quenquam ob eius cognoscendi & ad alios pro¬
207 2438 538 2489 pagandi studium a Deo puniri,
234 2475 985 2523 RESP. Maior est restringenda. Quod Deus ab omnibus homini
211 2511 1019 2553 bus vult cognosci, scilicet quovis tempore, nulla habita ratione distin¬
211 2544 994 2584 ctionis Ecclesiae ab aliis hominibus extra Ecclesiam, nullo observate
201 2578 1004 2630 discrimine populorum; ob ejus cognoscendi & ad alios propagandi.
215 2612 804 2651 studium non est verisimise quenquam a Deo puniri
241 2640 995 2682 At Sacram Scripturam Deum voluisse ab omnibus hominibus
214 2683 998 2717 cognosci quovis tempore, nulla habita ratione distinctionis Ecclesia
210 2711 998 2751 a reliqua colluvie hominum impiorum, negamus. Nam Deus anti
216 2743 1004 2784 Christi adventum in carnem indicavit verba sua lacobo & statuta sua.
206 2778 993 2819 & jura sua Israeli. Non fecit ita ulli genti, ideoque iura ista non noverumm
217 2817 998 2851 vt dicitur Psal. 147. versibus duobus ultimis: Praeteritis aetatibus sivi
206 2842 978 2882 amnes Gentes suis ipsarum viis incedere, ait Paulus Actor. 14. v. 16,
442 2917 788 2986 CAPUT XXX.
309 2997 914 3050 In quo agitur de Sacrae Scripturae Cano¬
512 3046 719 3091 nica autoritate
243 3117 989 3161 Hactenus expeditae sunt quaestiones controversae de divina
298 3163 937 3202 autoritate Scripturae Propheticae & Apostolicae.
345 3205 902 3256 sequuntur quaestiones de Canonica ejusdem
556 3237 704 3282 autoritate,
1047 245 1816 290 E Scripturae autoritate Canonica inter nos & adversarios sunt,
1021 255 1493 330 Litidem graves quaestiones aliquot:
1122 313 1822 363 Una est, An Scriptura Prophetica & Apostolica sit Canon seu
1018 341 1384 392 regula fidei & bonorum operum:
1044 379 1694 430 Altera, Qualis sit Canon seu regula, totalis ne an partialis
1056 412 1814 461 Tertia, Aquo Scriptura habeat hanc autoritatem quod Canon seu
1047 452 1402 486 ula est fidei & bonorum operum.
1047 477 1810 521 Quod ad primam quaestionem attinet, nos affirmamus, Scripturam
1014 509 1813 551 Sacram esse Canonem seu regulam fidei & bonorum operum: Papistae
1011 548 1813 585 vero hodierni negant, aut saltem inconstanter affirmant & quod ver¬
1018 579 1274 623 bis dant, reipsa tollunt
1043 606 1808 657 Nostram affirmationem roborant tum testimonia divina in qui¬
1018 642 1820 683 bus Scriptura Sacra diserte Canon seu regula appellatur, tum argu¬
1024 684 1409 716 menta alia ex Scriptura depromta
1051 702 1817 749 Testimonia haec sunt. Gal. 6. v. 16. Quicunque secundum hunc Cano¬
1014 776 1826 814 ricordia & super Israelem Dei. Loquitur autem Apostolus de Canone
1014 844 1813 885 tas Spiritus Sanctus praescripsit. Ideo non ait indefinite, quicunque se
1026 882 1826 916 cundum Canonem incedent, sed δεικτικώς & εμφατικώς, quicunque se¬
1017 905 1828 957 cundum HuNe Canonem incedent, secundum HuNe inquam, qui in
1026 939 1630 978 hac epistola ut & in aliis Scripturis divinis assignatur
1045 973 1816 1015 Philip. 3. v. 15. 16. Quotquot itaque adulti sumus, hoc sentiamus: quo-
1026 1005 1817 1042 si quid auter sentitis, hoc quoque vobis Deus reteget. Attame in eo ad quod
1021 1036 1819 1077 pervenimus τῶ αυτῶ σοιχειν κανονε eoden incedumus Canone (seu eadem
1021 1071 1811 1105 incedamus regula,J& itidem simus affecti. Loquitur rursus Aposto
1036 1102 1814 1144 us de Canone ut in aliis libris sacris, ita in hac quoque epistola assigna
1029 1136 1819 1176 to, sicut ait; Quotquot adulti sumus hoc sentiamus, Hoc nempe, quod
1030 1168 1619 1209 in hac epistola, ut & in aliis Script. Sacris praecipitur
1057 1204 1841 1245 Nominatur autem Scriptura Sacra Canon seu regula per Meta¬
1044 1233 1841 1269 horam ab architectonica lumtam. Quemadmodum enim archite¬
1030 1267 1842 1314 cti qui exstruunt aedificia ad normam exigunt, ut singulae partes ju¬
1035 1303 1822 1335 sta symmetria ac proportione inter se cohhaereant: sic docentes atque
1042 1337 1826 1371 edificantes Ecclesiam Dei ad Sacram Scripturam omnia quae do¬
1027 1366 1829 1405 cent exigere eique insistere debent, ut certus & perpetuus doctrinae te¬
1033 1400 1210 1442 nor conservetu
1059 1422 1618 1470 Argumenta alia ex Scriptura depromta sunt haec
1062 1454 1820 1505 PRIMUM: Verbum Dei est Canon seu regula fidei & bonorum ope¬
1033 1499 1088 1540 rum:
1068 1525 1424 1571 Scriptura Sacra est verbum Dei.
1072 1555 1829 1599 Ergo Sacra Scriptura est Canon seu regula fidei & bonorum ope¬
1041 1596 1079 1634 rum
1062 1622 1832 1670 Maior a Papistis non negatur. Nam Bellarminus in prefatione pri¬
1047 1662 1823 1698 ma tomi primi in disputatione de controversiis Christianae fidei ad
1038 1697 1825 1738 versus hujus temporis haereticos, habita in Gymnasio Romano An
1050 1727 1826 1764 no 157G ait sub finem: Convenit inter nos & omnes omnino haereticos.
1044 1763 1835 1803 Verbum Dei esse regulam fidei, ex qua de dogmatibus iudicandum sit: esse
1042 1791 1834 1828 commune principium ab omnibus cocessum, unde argumenta ducantur:
1035 1823 1826 1869 denique esse gladium spiritualem, qui in hoc certamine recusari non possit
1075 1862 1835 1906 Minor propositio supra probata est abunde tum testimoniis, tum
1035 1890 1286 1938 rationibus firmissimis.
1078 1926 1828 1973 Porro haec demonstratio est τὸ διοη, a proxima & immediata caus
1041 1969 1835 2003 efficiente Canonis seu Regulae fidei & bonorum operum: causa illa
1041 2001 1843 2043 est verbum Dei seu divinitus inspiratum, quia Prophetae & Apostolis
1050 2032 1831 2071 canonem seu regulam fidei bonorumque operum non ab homini¬
1041 2064 1837 2100 bus, neque per homines, sed ex immediata revelatione divina accepe¬
1038 2098 1838 2132 runt & Ecclesiae tradiderunt. Unde principium Theologiae excelien¬
1053 2133 1834 2172 ius est principiis omnium aliarum disciplinarum: siquidem princi¬
1047 2163 1838 2203 pium Theologiae ex immediata revelatione & inspiratione divina
1041 2194 1844 2232 habetur: principia vero omnium aliarum disciplinarum habentur ex
1039 2228 1598 2267 lumine rationis naturalis, ut supra etiam dictum
1072 2253 1832 2309 SECUNDUM. Prima veritas nobis revilata, est regula fidei & bona¬
1040 2300 1183 2337 rum operum.
1080 2323 1715 2372 Sacra Scriptura est prima veritas nobis revelata: Ergo: &c.
1083 2359 1845 2401 Maior propositio sua luce manifesta est: nam ex prima veritate o¬
1051 2400 1834 2443 mnis doctrina fidei & bonorum operum oritur ac pendet: tum pri¬
1050 2430 1841 2481 ma veritate nihil prius est, nihil verius, ac proinde per eam regulari fi¬
1051 2466 1378 2507 dem & bona opera necesse est.
1074 2486 1844 2532 Minor certa est etiam Papistarum confessione. Nam Sicitus Senen¬
1055 2532 1837 2572 sis libro sexto Bibliothecae, Annotat. 151. ait, Sacram Scripturam pri¬
1056 2561 1841 2603 ma summaque rerum credendarum principia ac praecipua hene vivendo
1050 2601 1841 2642 praecepta & exempla cognitu facilia complecti. Tum Scholastici ipsi
1059 2635 1795 2674 subinde Sacram Scripturam agnoscunt esse primam veritatem.
1087 2671 1853 2714 TERTIUM: Quaecunque Scriptura est divino modo utilis ad doctri¬
1057 2707 1855 2749 nam, ad redargutionem, ad correctionem, ad institutionem in iustitia, ut
1065 2737 1850 2776 perfectus sit homo Dei, ad omne opus bonum perfecte instructus, illa pro¬
1068 2778 1630 2818 fecto est Canon seu regula fidei & bonorum operum.
1093 2805 1846 2846 At Sacra Scriptura est talis: testante Paulo 2. Timoth 3. v. 16, 17.
1093 2843 1856 2876 QUA RTUM: Quaecunque Scriptura potest primo & per se sapientem
1063 2869 1862 2922 reddere hominem ad salutem per fidem quae est in Christo Iesu, illa cerre
1068 2909 1573 2955 est Canon & regula fidei & bonorum operum.
1099 2926 1823 2977 At Sacra Scriptura hoc potest, teste Paulo2 Timoth. 3. 15. Ergo
1096 2972 1864 3006 QUINTUM. Quamcunque Scripturam divino mandato omnes tuben¬
1072 3003 1865 3048 tur aud re, legere, scrittari, & ab ea non recedere dextrorsum vel sinistror.
1071 3041 1639 3083 sum, ea profecto est regula fidei & bonorum operum:
1104 3061 1871 3113 At Scripturam Sacram divino mandato omnes iubentur audire, le¬
1077 3107 1864 3151 gere, scrutari & ab ea nonrecedere dextrorsum vel sinistrorsum;: Ergo: &c.
1111 3138 1864 3177 Minor liquet ex histestimoniis Luc. 16. vers. 29. Habent Mosen &
1084 3177 1872 3212 Prophetas, audiant illos. Jesa. 8 v 20. Ad Legem & ad testimoniam, Jo¬
1081 3205 1872 3246 su. 1 v. 7, 8. Tantummodo confirmare & fortis esto valde, ut cum obser¬
1079 3236 1874 3281 uantia facias prorsus secundum Legem illam, quam praecepit :ibi Moses
