2063 3404
217 168 994 236 Passus & mortuus est Deus carne, quia una est Dei carnisque perso¬
193 203 977 265 sona: non est passus & mortuus cum carne, quia in uno Christo di¬
193 244 987 298 stinctae sunt & manent in perpetuum naturae Deitatis & carnis. Vide
190 280 986 340 Fulgentii librum tertium ad Trasimundum Vandalorum in Africa¬
196 310 494 354 Regem, de passione Domini
226 342 971 400 Passus autem & mortuus est carne SuA, hoc est, Deitati unita per
198 377 989 433 sonaliter etiam in ipsa morte: quia non nuda humanitas, sed Deitatis
195 411 415 454 unita nos redemit.
231 444 988 491 Proinde passio & mors Christi vere ad Filium Dei pertinuit. Si
84 473 197 517 nit. Neu¬
202 511 984 564 horum cruciatus & laceratio & divulsio nihil ad ipsum attinere, et¬
204 548 973 594 iamsi Deitas cruciari, & lacerari & mori non potuerit? Quis ita insa¬
83 575 200 620 ne falsa¬
88 616 199 650 rum ac¬
91 644 201 685 cusatio¬
82 681 201 717 num, nu¬
219 711 983 765 loria degens: Saul, Saul, quid Me persequeris? quum tamen ingens
208 749 974 796 discrimen sit inter passiones fidelium & Christi. Sanctis enim patien
206 780 983 820 tibus, alia est persona, quae dolorem & passionem ipsam sustinet, nen¬
217 819 990 863 pe fideles; alia, nempe Christus, quae afficitur contumelia ab hosti¬
213 851 980 886 bus, injur: a afficientibus ipsius legatos & servos, propter illius con¬
213 873 992 929 fessionem, & serio improbat, & curat afflictionem eorum, quos sibi
217 917 986 963 anquam membra adjungit & fratres suos atque amicos vocat, & glo¬
217 941 990 993 ciae suae cohaeredes, & templum suum in quo habitat. Et tamen dici¬
211 982 983 1022 tur: Qui templum Dei destruit, illum destruet Deus. Christo autem pa¬
208 1008 992 1055 tiente, eadem persona est, & ea quidem ipse Deus, quae est subjectum
216 1044 998 1088 supplicii ac doloris animae & corporis, & objectum immediatum in¬
213 1080 990 1128 juriae & contumeliae, qua ab hostibus afficitur. Quanto igitur magis
208 1115 988 1154 & propius ad Filium Dei attinet sua ipsius caro, quam sancti: tante
207 1148 829 1192 magis ad ipsum attinet passio ipsius, quam aliorum.
241 1179 1001 1222 Fixum igitur maneat, Dominum Jesum passum & mortuum esse.
208 1212 992 1258 carne; non autem Deitate. Errarunt proinde haeretici Theopaschita
220 1243 992 1287 seu Theopassioni dicti, qui contendebant in Christo Deitatem do¬
210 1277 1005 1326 luisse, quum figeretur caro ejus in cruce: de qua haeresi Augustinus
219 1310 1000 1347 Libro de haeresibus ad Quod vult Deum, capite septuagesimo. Hae¬
223 1348 995 1386 caesis etiam Arianorum fuit, τὸν λόόγον esse passum qui corpori ses
217 1379 998 1414 adjunxit: adversus quam haeresim est tertius Theodoreti dialogus qui
216 1410 998 1450 ἀποθη, hoc est, Impassibilis inscribitur. Eandem haeresin postea se¬
213 1445 989 1484 quuti sunt & pertinaciter defenderunt Eutychiani, maxime sub Xe
210 1477 1030 1519 none Imperatore: nunc quoque inter Armenios, qui se Christianos
223 1517 1005 1553 appellant, permansisse fertur. Superiore etiam seculo in Germania
215 1543 995 1587 nostra quidam ausi sunt asserere, Christum secundum utramque na¬
220 1583 998 1618 turam passum esse Non juvat autem eos id quod dicitur Act. 20. v.
223 1614 989 1651 28. quod Deus suo sanguine Ecclesiam acquisiverit, & 1. Cor. 2. v. 1.
214 1650 996 1687 quod Dominus gloriae crucifixus sit. Nam in hoc utroque loco quod pro¬
219 1684 994 1719 prium est humanae naturae, tribuitur personae, a divina natura deno¬
217 1716 731 1748 minatae, per communicationem idiomatum
255 1741 1004 1784 Sunt quidem duae naturae in persona Christi unitae inseparabili¬
216 1773 1000 1810 ter, sic ut persona illa, quae Deus est, recte dicatur passa & mortua: id
210 1811 225 1840 t
225 1840 997 1875 cuudum humanam naturam. Passio & mors carnis communicatu
228 1871 989 1905 personae, ita ut non communis tantum, sed & propria sit ipsius per
222 1907 993 1939 sonae. Vigilius quidem Episcopus olim Tridentinus adversus Eu¬
108 1940 227 1987 de passio.
228 1973 1001 2011 pe sic: Passus est Deus in unione personae, non est passus in proprieta¬
231 1998 998 2035 te naturae; siquidem passionis injurias etiam diuvinitas pertulit, (id est.
222 2030 991 2072 suas fecit, scilicet reali conjunctione cum natura assumta, non inhae¬
237 2066 998 2104 sione) sed passionem sola caro ejus persensit. Et mox: Ita Ver¬
232 2099 1002 2145 bum Dei iure dicimus passionis iniurias pertulisse non tamen pas¬
228 2137 998 2172 sionem sensisse. Dicam adhuc manifestius: confixa est diuvinita.
237 2167 997 2202 clavis, sed ipsa penetrari non potuit, siquidem vulneri locum caro pa¬
231 2199 1007 2243 tefacta aperuit, nam Deus invisibilis atque impenetrabilis mansit. Ita¬
226 2234 1007 2275 ergo suscipiendo passiones & earum non cedendo affectibus, apparet
235 2267 997 2304 Deum Verbum impassibiliter passum. Sed quia caro eius non solum per
238 2294 998 2333 tulit, sed & sensit & cessit, merito ac iure dicimus, Dominum his omni¬
238 2323 1007 2370 bus passionum conditionibus sensibiliter affectum in carne sua, sine sensu
231 2367 1004 2402 vel mutatione diuvinitatis suae. Ergo perferre passionem, naturae est u¬
229 2396 1007 2433 triusque, sed cedere passioni, non est utriusque naturae, cum sit unius de¬
240 2433 1000 2469 nique personae. Et libro quinto, capite secundo: Propter ineffabile my¬
235 2466 998 2500 sterium unionis utrarumque naturarum, communis in Christo fuit.
228 2503 239 2543 s
235 2521 1011 2571 ipso est immortalitas Verbi, naturae carnis, quae morti succubuit. Ergo
237 2554 1003 2600 sicut illi mori& non mori, ex utrisque naturis est proprium: ita comune eo
235 2588 1019 2633 in ipso utrisque naturis, quod illarum est proprium: & ut exepli gratia di¬
240 2621 1007 2664 xerim, proprium mihi est notam livoris cuiusque verberis gestare in cor¬
231 2669 242 2710 I
234 2680 1015 2730 id est, sermonem durum gestare in mente mea, per natura animae meae: &
232 2736 244 2777 t
239 2755 1019 2797 ram carnis meae Et quum sit mihi utrumque proprium, & corpori & animae
235 2802 245 2843 i
240 2814 1021 2869 digit, nec anima flagelli vulnere livescit, utrumque tamen commune est in
231 2874 246 2906 A
240 2881 1016 2928 ei sentire proprium fuerat, sentit, nec corpus extra animae cosortium pli¬
243 2918 1016 2967 garum indicia gestavit. Quod igitur proprium mihi est in singulis, & a¬
240 2946 1022 2996 lienum est a singulis, id conmune est in meipso singulis, quod proprium est,
239 2991 1015 3036 singulis. Sententia autem Vigilii est: & utriusque naturae & singularum
224 3005 252 3065 st
237 3068 250 3109 t
235 3102 251 3132 t
238 3133 252 3173 Ri
238 3166 252 3206 si
238 3200 253 3231 a
1034 190 1835 245 sona hominis; quia anima etiam proprietates corporis sibi conmunes
1038 230 1824 285 habet propter unionem, non in sua ἔστιαᾳ seu essentia, sicut corpus, sed
1041 265 1814 314 in persona hominis: & corpuc etiam proprietates animae sibi com¬
1029 301 1041 341 I
1045 366 1818 417 partibus essentialibus constat, ita etiam & utriusque & singulorum in
1044 396 1823 448 se realiter habet proprietates, ac proinde & corporis & animae pro¬
1042 434 1824 481 prietates de homine praedicantur: cic pati & mori quae proprietates
1035 472 1822 506 carnis sunt, propriae erant Christo & comunes τῶῳ λόςῳ cum carne, non
1037 494 1816 537 in ipsa natura divina, quippe quae pati & mori non potest, sed in per¬
1044 527 1819 576 sona carnem ὑποσατικώς gerente quo in ea pati & mori posset, hoc est, ut
1047 560 1824 608 larius & brevius dica passio & mors carnis Christi pertinuit ad Ver¬
1047 597 1813 637 bum, cujus propria est caro, sed pertinuit ad illud, non reali communi¬
1051 665 1816 705 aro assumta Verbi propria caro est, ita etiam omnes actiones & pas¬
1045 690 1825 730 siones carnis tanquam suas proprias Verbum sibi vendicat. Sic Da¬
1047 731 1816 763 mascenus ait, li. 3. Orthod. fidei c. 3. Θiκειοται τα αυθρωπιια ὀ λόγο
1044 759 1814 808 (αvογαρεστι, της αγιας αυτοῦ σαικος ὀγτα, δμι μετυδιδυσε εῆ σαρκι τον ἰδε
1039 797 1819 835 ωνχγτοντης αυηδεσεως τζοπον, δα τυν εις κληλα τεον μιών ωριχα, n¬
1050 828 1829 857 τiν χι τοαν καῳ θπέσασεν ενωσεν, υιοl εἴκ κ, μι ο αυγόσ ὀ κι τα θεια κι τῶ αν¬
1047 854 1829 896 θρω σινα ενρργην εν εκατιχα μερφι μετα τῆς θετε, α κοιννίας. An δn & &
1053 894 1827 934 Xυριος τῆς δδξες ἐσταν, ῶ ψαι λεγεται, και τοι τῆς θειας αυο μη παtμσης
1048 926 1816 960 φυλας. h. e. Quae humana sant, Verbum sibi attribuit (seu vendicat at
1044 958 1826 1000 sua facit. ] (Nam ipsius sunt ea, quae sanctae ipsius carnis sunt,) & tradit
1056 994 1820 1028 carni sua propria secundum alternae tributionis ( seu mutuae attributio¬
1047 1024 1826 1059 nis seu reciprocae praedicationis] modum, propter naturarum in se in¬
1047 1060 1833 1098 vicem accessionem reciprocam (seu comprehensionem, complexum
1049 1091 1834 1121 mutuum, immanentiam) & propter unionem secundum hyposta¬
1053 1119 1823 1154 sin, & quoniam unus est & idim qui & divina & humana operetus.
1053 1152 1820 1191 in utraque forma cum alterius communione. Quare & Dominus glo¬
1059 1181 1831 1221 riae crucifixus dicitur, quamvis natura eius divina non sit passu. Da¬
1051 1218 1836 1262 mascenus igitur primo docet, quod Verbum sibi appropriet seu pro¬
1056 1258 1834 1298 pria faciat humana. Rationem addit, quia quaecunque carnis sunt, ea
1046 1284 1826 1322 etiam Verbi sunt, cujus nimirum caro propria est. Deinde dicit:
1072 1316 1835 1355 quod Verbum sua propria carni attribuat. Si quaeras quomodo id
1065 1347 1835 1386 nat, num per realem communicationem, translationem & trans¬
1053 1381 1820 1418 fusionem proprietatum unius naturae in aliam? Respondet Da¬
1059 1413 1828 1450 mascenus, quod id fiat κο τον τῆς αυυδέσεως τεοπον, hoc est, secun¬
1053 1447 1829 1485 dum aut per modum praedicationis reciprocae, καP ἀλονωσιν seu
1053 1482 1835 1518 ἐ πικδυζιν ὀνοματον, quam μόινονίαν ιδεομεταν, communicationem.
1054 1511 1832 1550 idiomatum usitate appellamus. Si quaeras, quamobrem illa oi¬
1056 1552 1820 1588 κcίωσις & μεταν ἰδυσις fiat? respondet Damascenus, δα τυν εἰς ἀλλη,
1056 1578 1826 1614 λα τον μερῶν ωριχωρήσιν, hoc est propter mutuum partium seu na¬
1054 1610 1844 1645 turarum Christi complexum. ωριχαςησις enim naturarum Chri¬
1054 1642 1851 1683 sti est arctissima illa conjunctio earum in unitate personae: sicut
1052 1675 1850 1710 Hegiχώgήσiς personarum SS. Triados est arctissima illa conjun¬
1051 1709 1849 1749 ctio trium personarum in una & eadem numero essentia, quae est;
1052 1741 1848 1777 in illis tribus personis, adeo ut ubicunque personarum una est, ibi¬
1058 1773 1847 1811 dem quoque adsit persona altera: & propter hanc conjunctionem fit,
1052 1806 1850 1839 ut Pater sit in Filio & Filius in P.tre, & Pater Filiusque in Spiritu
1054 1839 1849 1870 Sancto & vicissim. Differt autem ωοιχώρνσις personarum Sanctae
1054 1871 1846 1906 Ttinitatis a ωριχαεησει duatum naturarum Christi in eo, quod
1056 1905 1846 1938 περιχωιεσις personatum SS Triados est propter unitatem essentiae:
1054 1936 1838 1968 ωρικωρεσις autem naturarum Christi, propter unitatem personae.
1060 1966 1826 2003 Unde liquet, πρεχαρήσιν naturarum Christi ide esse quod χP επόσα¬
1054 2003 1826 2043 σινἐνωσιν, ut sese mox Damascenus ipse explicat. Unde & hoc liquet
1053 2033 1831 2074 graviter errate eos, qui ωξιχώρήσιν consticuunt modum realis com¬
1053 2063 1834 2101 municationis idiomatum, quo nimirum modo proprietates essen¬
1065 2098 1838 2134 iales Deitatis sint reali transfusione communicatae carni Christi, cul
1050 2133 1061 2173 t
1065 2162 1835 2202 ialiter seu subjective. Praeterea & hoc inde liquet, differre ωοεχαρκσιν
1072 2202 1835 2235 τζοπῳἀντδόσεως. Si exempla δἰκειώσεως illius κοἐν ἀγηδέσεως προεν
1059 2231 1835 2267 requitas, profert Damascenus istud: Dominus gloriae crucisitus dici¬
1063 2266 1826 2298 tut, quamvis natura ejus divina non sit passa Ergo patiente carne, ne
1069 2323 1831 2359 cundum carnem, non passus & mortuus est secundum Deitatem: Pas¬
1071 2356 1828 2398 ionem & mortem non sensit, nec realiter participavit Deitas. Et ut
1068 2394 1831 2428 verbis utar Fulgentii ex lib. 3. ad Trasimundum Regem; Hoc personae
1062 2420 1837 2460 inseparabilis unitas, in qua Deus & homo unus est Christus, fecit, ut &
1072 2456 1829 2495 nomo Christus per gratiam nasceretur ex Deo, salva veritate ac pleni¬
1061 2490 1837 2521 tudine humanae naturae, & idem Deus Christus uoluntarie pateretur in
1072 2523 1832 2555 carne, salva impassibili plenitudine divinae substantia. Et mox addit:
1065 2550 1831 2588 Haec dum quidam minus attendunt diuvinitatem Christi non dubi¬
1070 2589 1825 2625 tant subiicere passioni, & audientes Christum in carne passum, putant
1081 2613 1832 2650 Deum carni fuisse compassum, minus attendentes, divinam illam atque
1062 2652 1823 2697 immutabilem Filii Dei substantiam, & in carne passibili passionem sus¬
1077 2686 1624 2731 repisse, & cum carne passionem sentire non potuisse.
1103 2707 1834 2754 Ex his quae dicta sunt constat, Christum non passum esse De tate
1078 2741 1310 2794 sua, sed tantum carne
1102 2765 1825 2818 Carnis autem nomine intelligitur tota humana Christi natura¬
1066 2811 1832 2852 non tantum corpus sed etiam anima. QUAESTIO hic oritur gemi¬
1080 2840 1840 2886 na: utraque consideratione dignissima. PRIOR est: Ant on sola corporis
1072 2872 1827 2917 Christi passio & mors fuerit poena pro nobis sufficiens & satisfactio insi¬
1075 2914 1186 2954 niti pretiii¬
1113 2928 1832 2982 RESP. Non fuit: Sed passio & mors totius humanae naturae Chri¬
1069 2971 1838 3015 sti, hoc est, passio & mors externa & interna, corporis & animae Chri¬
1074 3007 1844 3049 sti, est satisfactio illa perfectissima atque infiniti pretii: quod ex subja¬
1074 3047 1309 3089 ctis argumentis pater
1103 3060 1835 3114 Primum est: Quam mortem Deus Adamo & Evae in Paradise
1025 3107 1073 3159 X
1078 3139 1835 3178 stum sponsorem nostrum subire necesse fuit: Atqui Adamo & Eva¬
1071 3166 1844 3220 in Paradiso non tantum passionem & mortem corsoralem, sed
