2063 3451
237 167 1046 231 servus meus, ne recede ab eo dextrorsum aut sinistrorsum ut secunderis.
230 207 1022 265 quocunque iveris. Ne discedito liber iste Legis ex ore tuo, sed meditaberis de
244 246 1027 285 eo interdiu & noctu, ut cum observantia facias, omnino prout scriptum
243 280 1034 327 est in co: tunc enim presperaberis in viis tuis, & tunc secundaberis. 1. Ti¬
241 307 970 355 moth. 4. v 13. Attende lectioni. Joh. 5. v. 39. Scrutamini Scripturas
291 341 1031 379 SEXTUM: Ad quod fidees osim etiam Apostolorum ipsorummet
235 371 1025 417 doctrinam exegerunt illud profecto est Canon seu regula fidei & bonorum.
242 420 339 466 operum:
288 431 1015 485 Atqui ad Scripturam Sacram fideles olim etiam Apostolorum ipse
248 477 682 522 rummet doctrinam exegerant. Ergo, &c.
285 495 1028 550 Major per se patet: quia quae fuit regula omnis doctrinae in Eccle¬
247 539 1021 580 sia primiriva, ean em nunc quoque esse oportet: quum unius verita.
249 578 735 622 tis una sit necessario regula, eaque perpetua.
276 605 1027 652 Minor probatur ex Actor. 17. v. 11, ubi commemoratur, Beroeen¬
244 638 1024 682 ses sermonem Dei a Paulo praedicatum suscepisse cum omni alacrita.
240 673 1024 717 te, quetidie scrutantes Scripturas, an haec ita se haberens. 2. Pe. 1. v. 18, 19.
242 704 1034 748 Henc vorem nos audivimus e coelo delatam, quum essemus una cum co¬
246 740 1027 786 in montesllo suncto. Et hubemus firmiorem sermonem Propheticum, cu¬
243 775 553 823 recte fiuttis quod attendatis
279 797 1046 846 SEPTIMUM: Quaecunque Scriptura est lucerna pedibus nost:is &
244 838 1031 882 lumen semitis nostris, & fund amentum cui superstructi sumus; illa reve¬
253 878 788 914 ra est Canon seu regula fidei & bonorum operum
283 894 1033 944 At Scriptura Sacra est lucerna pedibus nostris & lumen semitis no¬
243 938 1039 986 stris, & fundamentum cui superstructi sumus: ut liquet ex Psalm. 119.
249 976 517 1021 vers. 165. Ephes. 2 v 20.
291 1004 1031 1048 OCTAVUM a conjugatis: Scriptura Sacra vocatur Canonica al
246 1044 812 1082 omn bus Christianis: Ergo est Canon, hoc est, regula.
279 1070 1037 1115 His argumentis addimus tum consensum orthodoxae antiquitatis,
264 1108 1027 1144 um ad verser. orum noprorummet testimonia. Tertullianus libro adver
250 1145 1031 1181 sus Hermogenem cap. 1. per regulam veritatis intelligit Scripturam
265 1177 1027 1214 Sacram. Chry estomus ait homilia decimatertia in Genesin: Oro igitur
255 1207 1040 1246 & obsatro, ut omnibus ills praeclusis auribus, ad amussim Caconem Sa¬
265 1245 1025 1279 crae Scripturae sequamur. Et homilia decimatertia in secundam epistoe¬
259 1269 1034 1308 lam ad Corinth. os Scripturam vocat ἀποντον ἀκριοη ζυρον κ γνώμο¬
255 1311 1034 1344 νακιαγονα, hoc est, omnium exquisitam trutinam & normam & regu¬
258 1334 1031 1377 lam. Basilius libro primo contra Eunomium vocat Scripturam κονο
253 1373 1034 1410 να δυθεος α γνώμονκαν ηοειας Canonem recti & normam veritatis, Au¬
252 1409 1036 1447 gustinus septimo tomo, lib. 2. contra Cresconium Grammaticum, e¬
253 1440 1037 1475 trigesimo primo: Nis enim nullam Cypriano facimus iniuriam, cum
255 1476 1045 1510 ejus quaslibet literas, a Canonica divinarum Scripturarum autoritate.
249 1504 1039 1541 distinguimus. N que enim sine causa tam saluber viglantiae Canon Ec¬
262 1534 1037 1569 cli siasticus constitutus est, ad quem certi Prophetarum & Apostolorum
258 1564 1045 1605 libri pertineant, quos omnino iudicare non audeamus, & secundum quos
249 1606 1045 1643 de caeteris literis vel fidelium vel infidelium libere iudicemus. Reffinus
258 1633 1040 1669 in Expositione Symboli, postquam Sacrae Scripturae libros recensuis.
262 1665 1034 1700 set, Haec sunt (inquit) juae Patres intra Canonem concluserunt, ex quibus
249 1698 1034 1740 fidet nostrae usserti i nes constare voluerunt. Thomas Aquinas lectione
264 1731 1024 1771 prima in 1. Tim. 6. Doctrina Apostolorim & Prophetarum Canonica de
258 1764 1036 1807 citur, quia est que si regula intellectus nostri. Non ait(quasi)ut Scriptu¬
257 1796 1034 1837 rae dignitatem minuat, sed ut comparationem ostendat, ac si diceret.
252 1832 1033 1872 est instat regulae. Est enim particula ( quasi) hoc in loco conparationis,
253 1861 1025 1901 non diminutionis nota. Rabertus Bellarminus liv. 1. de Verbo Dei
252 1898 1040 1935 cap. 2. sectione decimatertia ait, quod Sacra Scriptura regula credendi
255 1929 1023 1969 certissima tutissimaque sit. Et libro quarto de Verbo Dei, capite duode
250 1968 1021 2002 cimo, sect one decima ait: Scriptura, quia est regula, inde habet, ut
249 1998 1025 2037 quicquid continet, su necessario verum & credendum,: & quicquid ei res¬
258 2027 1024 2070 pugnat, sit necessario falsum & regudiandum. Andradius in principie
246 2059 1031 2100 libri tertii Defens. Trident. Concilii scribit: Minime illorum mihi dis¬
252 2095 1028 2136 plicet sententia qui Canonicas ideo appellari dicunt Scripturas, quia
249 2125 1045 2170 pietatis, fidei & religioris Canonem, hoc est, regulam atque normam e
250 2156 974 2201 coelis summa Dei beneficio ad nos delatam, continent amplissimam.
387 2201 886 2258 Hactenus nestrae sententiae confirmatio
280 2259 1031 2301 BELLARNINUS contra, quamvis Ibro primo de Verbo Dei,
243 2297 1035 2334 capite secundo docuerit, Scripturam Sacram esse regulam fidei cer¬
253 2330 1025 2369 tissimam tutissimamque, ad quam semper fideles revocati fuerint, &
252 2360 1025 2405 qua Ecclesia cirere non possit: tamen pse secum dissidens, libro quar
253 2400 1029 2434 to de Verbo Dei non scripto, capite duodecimo, jectione octava di¬
243 2436 1024 2473 cit, Scripturae sinem proprium & praecituum non esse, ut sit regula fidei
253 2464 1030 2498 Istud ad extennandam & imminuendam autoritatem Scripturae di¬
244 2496 284 2533 cit.
292 2516 854 2565 rgumenta habet levia, quae breviter discutiemus.
282 2556 1031 2610 I. Scriptura est commonitorium quoddam utile ad conservandam &
237 2591 766 2641 fovendam doctrinam ex praedicatione accepuam
285 2620 941 2665 Ergo proprius & praecipuus cius finis non est ut sit regula fidei.
283 2662 1035 2699 RESP. Antecedens exclusive intellectum, quasi Scriptura Sacra¬
244 2687 1029 2740 sit tantummodo commonitorium, & non simul proprie praecipueque
246 2728 1025 2767 Canon fidei, negatur. Tum enim non Canonica, sed Commonitoris
240 2757 1022 2797 potius dicenda esset, velut a proprio & puaecipuo fine: quum conve¬
244 2792 1030 2827 nientius sit rem quamvis a propria causa denominari, quam ab im¬
245 2821 433 2874 propria & aliena.
291 2852 1032 2894 Antecedens probat Bellarminus tribus Scripturae testimoniis. Pri¬
250 2892 1033 2928 mum est Rom. 15. v. 4. Quaecunque scripta sunt, ad nostram doctrinam
252 2924 1025 2967 scripta sunt, ut per patientiam & consolationem Scripturarum spen¬
247 2957 1027 2990 habeamus. Alterum est 2 Petr. 1. v. 13. Iustum autem arbitrer, quam
252 2988 1025 3026 diu sum in hoc tabernaculo, extitare vo, per commonefactionem. Tertiis
253 3021 1030 3063 est in eadem epistola cap. 3. v. 1. Hasce iam alteras vobis literas scribo,
246 3053 1026 3091 dilecti, quibus sinceram mentem vestram per commonefactionem excito¬
273 3084 1021 3124 RESP. Nullum istorum testimoniorum probat antecedens ex¬
246 3121 1028 3158 elusive intellectum, nempe, Scripturam esse duntaxat commonito¬
245 3157 1017 3193 rium Sed primum testimonium potius probat, Scripturam non tan¬
243 3184 1024 3226 tum ad commonefaciendos, verum: etiam ad docendos nos exara
1085 166 1885 203 tam: quia diserte ait Paulus; Quaecunque scripta sunt,, ad nostram
1087 204 1882 242 doctrinam scripta sant. Plus est docere quam commonere. Commo¬
1079 233 1882 276 nemur enim de iis rebus quas antea novimus: docemur vero etiam
1080 274 1889 314 ea, quae antea ignoravimus Ita doctrina latius patet, quam commo¬
1092 304 1138 345 nitio¬
1120 329 1886 374 Deinde Petrus exclusive non loquitur, sed indefinite, unde etsi fa¬
1086 363 1898 406 teamur, Scripturam valere ad commonitionem, tamen duntaxat ad
1083 409 1885 447 commonitionem eam valere, non sequitur: ac repugnaret factum Po¬
1081 433 1883 478 tri, qui in utraque epistola praeclare docet summa mysteria religionis
1086 464 1895 506 Christianae. Quod si docet, doctrinam igitur tradit, & non tantum
1076 499 1289 541 commonitorium.
1117 532 1885 573 II. Si proprius & praecipuus finis Scripturae sit, ut sit regula fideit
1086 566 1880 609 tunc continere deberet omnia & sola illa quae ex se ad fidem pertinent.
1083 599 1877 643 sicut videmus factum esse in Symbolo, quod vere dicitur, & est composi
1086 631 1885 672 tum, ut sit brevis quaedam regula fidei. At Scriptura non continet omnia
1089 672 1523 708 & sola illa quae ex se ad fidem pertinent
1119 702 1224 742 Ergo, &c.
1120 726 1894 770 Assumtio probatur: quia multa sunt credenda, quae non sunt in Scri¬
1086 766 1886 801 ptura: Deinde in Scriptura sunt plurima quae ex se non pertinent ad fidem,
1080 800 1885 840 id est, quae non ideo scripta sunt, quia necessario credenda erant, sed neces¬
1077 830 1891 874 sario creduntur quia scripta sunt, ut patet de omnibus historiis Testa¬
1096 866 1883 914 nenti veteris, de multis etiam historiis Evangelii & Actuum Apostoli¬
1086 903 1778 940 corum, de salutationibus Pauli in epistolis, aliisque id genus rebus¬
1106 938 1891 975 RESPON. Committitur a Bellarmino fallacia secundum plura¬
1092 972 1880 1004 interrogata, quia duo media conjungit, quorum diversa est ratio¬
1086 1000 1892 1044 Primum concedimus: nempe, si proprius & praecipuus finis Scri¬
1098 1032 1886 1066 pturae sit, ut sit regula fidei, tunc eam continere debere omnia quae¬
1086 1065 1891 1110 ad fidem pertinent. Ac illa continet omnia: nec est quicquam quod
1096 1102 1879 1146 credendum est ad salutem, quod non sit in Scriptura Sacra. Secun¬
1095 1129 1889 1171 dum negamus, Si proprius & praecipuus finis Scripturae sit, ut sit
1095 1171 1892 1212 regula fidei; tunc illam continere debere sola illa quae ex se ad fidem
1099 1203 1888 1238 pertinent, quae necess. rio credenda sunt. Nam primo non ea tantum
1092 1236 1890 1271 continere debet quae sunt fidei, sed etiam quae sunt bonorum operum,
1100 1273 1889 1311 quorum documenta & exempla in h storiis veteris & no Testamen¬
1089 1301 1892 1342 ti & salutationibus Apostolicis & aliis Scripturae partibus propo¬
1099 1336 1889 1380 muntur. Nam Scripturam affirmamus esse regulam & fidei & bono¬
1095 1369 1880 1408 tum operum. Secundo, dicere de omnibus historiis Testamenti ve¬
1098 1407 1879 1442 teris, non ideo scriptas esse quia necessario credendae erant, est im¬
1102 1431 1893 1474 bium & blasphemum Nam ideo sctipta est historia creationis rerum
1104 1464 1883 1508 omnium: historia item lapsus hominis: historia factarum promis¬
1098 1498 1880 1534 sionum de Messia in Paradiso Adamo & Evae, deinde Abrahamo,
1105 1533 1894 1572 saaco, Jacobo. Davidi: histeria de Ecclesiae exordio, propagatione,
1108 1563 1886 1602 subernatione, perpetua conservatione, & admirandis liberationi¬
1095 1598 1877 1633 bus: historia item rerum aliarum quarum summa in Symbolo Apo¬
1098 1631 1880 1663 stolico exstat; quia res illae necessario erant & sunt credendae ad sac
1099 1663 1885 1698 utem. Quis enim nisi impius audeat negare, non fuisse semper ne¬
1089 1705 1879 1739 cessario credendum, Deum creasse coelum & terram & omnia qua
1089 1733 1891 1767 in eis sunt? Semen mulieris conterere debuisse caput serpentis, &c.
1098 1763 1879 1801 Terto, etiamsi quaedam historiae non perinde necessariae sint, quia
1099 1798 1889 1838 multi sine multatum histor iarum cognitione servari possunt: tamen
1083 1835 1882 1872 omnes suo modo sunt necessariae, aliae ad esse fidei, aliae ad melius
1095 1864 1880 1901 esse. Quario Bellarminus Deum accusat, quasi Prophetis & Apo¬
1089 1894 1877 1929 stolis inspirasset plurima Ecclesiae proponenda, quae tamen non fue¬
1087 1928 1876 1964 rint necessaria, ac proinde superflua atque otiosa; accusat Prophe
1092 1962 1889 2002 tus & Apostolos quasi illi multa quae non necessaria sint temere &
1083 1992 1889 2030 frustra scripserint, & contra omiserint multa quae necessario creden¬
1086 2028 1885 2062 da sint: accusat denique ipsam Sacram Scripturam, quasi multa su¬
1093 2062 1889 2101 pervacanea contineret, & eandem tamen paulo ante accusavit ob¬
1083 2096 1876 2133 defectum multorum necessariorum. Profecto scripti alicujus hu¬
1077 2126 1882 2167 mani accusatio satis gravis foret, si quis diceret, multa in eo deside¬
1083 2166 1873 2212 rari necessatia; & contra, multa in eo tradi supervacanea ac non ne¬
1077 2194 1886 2231 cessaria. Ecllarminum scilicet aut Papam Romanum consulere.
1087 2228 1877 2265 Spiritus Sanctus debuit, cum Scripturam Prophetis & Apostolis
1092 2262 1867 2302 pspiratet, ut sciret quae essent necessatia, quae non, quae essent reve¬
1086 2295 1876 2340 landa & dictanda, quae omittenda. Quinto, Bellarminus Symbolum
1099 2331 1880 2368 raeferte Scripturae: affirmat Symbolum continere omnia & sola illa
1083 2366 1882 2406 quae ex se ad fidem pertinent, & vere dici & esse eo fine compositum
1093 2396 1877 2434 ut sit regula fide: Scripturam vero negat continere omnia, negat hoc
1089 2429 1883 2466 praecipue sine consignatam ut sit regula sidei: At hoc valde mirum
1083 2463 1886 2498 est, Symbolum quod est brevis quaedam regula fidei, ut Bellarminus
1086 2496 1885 2530 ait, omnia credenda contineres Scripturam vero quae tam longa, tam
1086 2527 1885 2564 copiosa est, & ex qua omnes articuli Symboli Apostolici sumti &
1084 2564 1515 2611 probandi sunt, non omnia continere.
1108 2597 1877 2646 Sexto, nec hoc simpliciter verum est, regulam fidei ea tantum con¬
1077 2641 1881 2682 tinere debere quae praecis e & ex se ad fidem pertinent & ad salutem
1087 2675 1874 2710 necessaria sunt: quia in Symbolo Apostolico sit Pontii Pilati men
1083 2707 1882 2741 tio, quae ex se & praecise ad salutem necessaria non est alioquin Patres.
1078 2737 1877 2778 in Synibolo Niceno illo celeberrimo, Athanasius in Symbolo ab¬
1083 2770 1873 2817 Ecclesia recepto, alii item Patres in Symbolis suis tam minime prae¬
1080 2803 1219 2842 termisissent.
1120 2842 1882 2884 III. Scciptura variis documentis, exemplis, adhortatiouibus, nunc
1087 2884 1872 2919 terrendo, nunc instruendo, nunc minando, nanc consolando adiuvat,
1093 2917 1881 2963 nos in hac poregrinatione: Ergo non est proprius & praecipaus eius finis ut
1083 2942 1240 2994 sit regula fidei.
1115 2981 1880 3029 RESP. Elenchus est falsorum repugnantium: ista enim non pu¬
1084 3028 1874 3062 gnant, Scripturam adjuvare nos in hac peregrinatione & esse regus
1090 3062 1888 3098 iam fidei & bonorum operum. Scriptura enim est tale adjutorium
1089 3092 1879 3128 per quod sit ut credamus, per quod simus sapientes ad salutem per
1083 3127 1889 3164 sidem quae est in Christo Jesu Domino nestro, per quod perfectus sit
1080 3158 1888 3202 homo Dei ad omne opus bonum perfecte instructus; ac proinde est;
1081 3194 1471 3234 regula fidei & bonorum oporum.
