2063 3502
200 164 1003 227 stus igitur non opinione & imaginarie, sed vere passus & mortuus est.
207 214 997 266 Adversus hunc errorem praemuniit Beatus Ignatius Trallianus epi¬
201 250 1003 298 stola ad eos scripta, in qua inter alia praeclare ait, ἀληθε, κι α δοκησει
195 282 997 326 εσταθρωθτηκγἀπιτανεν, λεπονπον καθιον κι επεγειον κι αγταχτενιων, hoc
198 320 988 359 est. Vere & non opinione crucifixus & mortuus est, videntibus coele
201 348 995 398 stibus & terrestribus & subterraneis. Sed plura contra haeresim ista
190 389 1001 435 in eadem epistolam paulo post subiicit. Eandem refutarunt Irenaeus,
199 419 862 456 Tertulliauns in libris adversus Marcionem & alii Patres.
226 457 989 497 At non tantum Cerdoniani, Marcionitae & Manichaei in hac do¬
185 485 992 529 ctrinae parte erratunt: Verum fuerunt etiam Patres, pii alioquin &
191 521 992 561 magni viri, qui etsi Marcionitarum & Manichaeorum errorem
192 552 992 594 damnabant, & Christum vere humanum corpus habere docebant
196 586 991 628 etsi etiam contra Apollinarem & Arianos affirmabant, Christum
192 621 988 658 vere humanam animam habere atque mentem eoque veram & per¬
187 650 992 695 fectam naturam humanam assumsisse: tamen asserere non dubita.
183 689 991 726 runt, Christum multa accepisse vulnera, percussum, flagellatum, cla¬
189 720 1001 759 vis cruci affixum fuisse, sanguine fudisse, mortuum esse anima a cor¬
195 754 994 793 pore separata; sed nullum unquam dolorem vere sensisse: & corpus
189 787 991 825 qui lem habuisse ad patiendum, sed naturam non habuisse ad do¬
189 818 293 858 lendum.
228 846 998 890 Sic enim loquitur Hilarius Pictavorum Episcopus, libro decimo
192 887 998 927 de Trinitate pagina centesima nonagesimaseptima & sequentibus,
197 922 1001 956 Editionis Frobenianae Anni 1555. Et quidam Graecus scripsit, corpus
192 956 998 989 Christi etiam ante mortem & resurrectionem fuisse ανι σιδε τον φυ¬
193 990 989 1027 σικὃν αι αδα ολητον πατον, hoc est, incapacem naturalium & quae sit
186 1021 1004 1058 ne crimine sunt passionum. Moti sunt autem Patres ut hoc assererent
192 1055 988 1090 eo, quod plenitudo Deitatis habitet in Christo corporaliter: item
195 1089 989 1128 quia licet sumserit formam servi, non dimiserit tamen formam Dei
199 1122 1001 1159 Sed hunc manifestissimum errorem praedictio Paradisiaca refellit.
192 1155 992 1192 Nam quia ille serpens antiquus calcaneum Seminis mulieris con¬
187 1192 997 1232 eriturus erat, tum profecto Christus non sine dolore passus & mor¬
189 1223 286 1266 tuus est
228 1245 985 1301 Quao pertinet quod Jesa. dicit cap. 53. Christum doloribus esse affe¬
192 1289 995 1326 ctum, lolores nostros batulasse, dolore affectum propter defectiones no¬
194 1325 1004 1365 stras. Deinde si paisio & mors Christi sine doloris sensu fuissent,
200 1361 1000 1399 Christus poenam loco nostro non sustinuisset. Nam qui dolorem
189 1390 997 1432 nullum sentit aut corpore aut animo, is neque intelligit se puniti
192 1423 998 1468 neque omnino poenam patitur, nisi admodum improprie. Quintel¬
189 1455 1004 1498 ligit, se esse in poena, non potest non dolere: si se paniri nescit, non ea
204 1497 1004 1532 poena putanda est. Certe nihil gravius atque acerbius cogitari po¬
190 1523 1000 1562 test, quam a Deo desertum esse: atqui de sui desertione Christus ma¬
191 1558 997 1605 gno clamore querebatur. Passio igitur & mors ejus sine sensu dolo
198 1585 1000 1631 ris animi & corporis non fuit. Qud vero ad verba attinet Pauli di¬
196 1620 1001 1662 cencis, quod plenitu. lo Deitatis habitet in Christo corporaliter, ex iit
193 1654 1005 1698 nequaquam sequitur Christum absque dolore passum & mortuum:
190 1692 1007 1730 nam sensus eorum est quod plenitudo Deitatis in Christi corpore,
194 1721 1010 1761 tanquam in proprio templo habitet, quod ideo assumsit, ut in eo pati¬
201 1756 1004 1797 & mori posset. Verbo quiescento & vim suam ad repellendam mor¬
199 1788 1007 1837 tem & passionem non exserente. Similiter forma Dei non impedivit
202 1823 884 1872 obedientium formae servi in exsolvenda loco nostro poena.
237 1851 1010 1894 USUS. Si Christus non opinione, sed vere; nec sine dolore, sed
199 1895 1004 1926 cum ineffabili animae & corporis dolore passus & mortuus est: tum
203 1920 1006 1962 sequitur ipsum vere & plene poenam quae a nobis ferenda erat, exsol¬
208 1952 1004 1998 visse, & nos ab ea liberasse. Profecto nec vere, nec plane poenam loco
213 1984 1009 2030 nostro luisset, si dolorem sensisset nullum. Jam quia dolorem sensisse
210 2019 1010 2066 inenatrabilem magnitudine & multitudine certum est, est cur certo
207 2059 1003 2095 confidamus justiciae Dei sufficienter satisfactum, & fidemspeque nostra
202 2089 994 2133 non opinione niti, nec vanam esse, sed certam:nos a cruciatibus infer¬
202 2116 998 2159 nalibus immunes esse: nostros dolores quos in morbis, vel persequue
207 2139 1039 2201 tionibus Christi causa ferimus, sanctificatos, minimeque nobis no¬
201 2190 690 2233 xios esse, ac proinde patienter tolerandos
255 2212 963 2288 Haec de veritate passionis & mortis Christi: sequitur de
511 2269 699 2324 tempore ejus.
242 2310 1003 2364 III. Be tempore passionis & mortis Christi quaeritur generali
213 2349 1008 2399 ter & specialiter: Si generaliter de eo quaeratur, respondemus dupli¬
218 2397 279 2437 citer.
247 2413 1001 2469 Primo enim passus & mortuus est Christus tepore divinitus prae¬
208 2449 1014 2501 finito ab eterno, sic ut nec prius, nec serius pati & mori potuerit, quam
220 2476 1030 2537 nora ab aeterno praestituta venisset, ideo dicitur, Johan. 7. vers 30.
217 2518 1010 2568 Studebant eum prehendere: sed nemo injecit in eum manum, quia
217 2551 948 2610 nondum venerat hora.  iisius. Et cap. 13. v. 1. Matth. 26. v. 45.
243 2578 1015 2633 Secundo, Christus passus & mortuus est semel in consummatione
213 2621 1007 2670 seculorum, ut Apostolus Paulus docet Hebr. 9. v. 26, 27, 28. nimirum
218 2652 1009 2706 ante finem septuaginta septimanarum decisarum super politiam po¬
223 2689 941 2749 puli Judaici & super civitatem Jerosolymorum, Daniel. 9. v. 26.
249 2715 1005 2769 Sed quaestionem movere aliquis posset: Quomodo vere dicatus
210 2749 1001 2802 Christus passus & mortuus in fine seculorum, cum Apocal. 13. vers. 8
213 2783 989 2842 legatur, Agnum illum Dei mactatum a jacto mundi fundamento:
246 2814 1001 2871 RESPON. Ista minime pugnant, quum diverso dicantur respe
213 2848 1009 2900 ctu. Est enim Christus actu ipso passus & mortuus in fine seculorum.
213 2883 1004 2939 & idem tamen mactatus a jacto mudi fundamento multiplici ratione
250 2920 1007 2969 Primo quoad notitiam, consilium & praedestinationem Dei, cu¬
215 2951 872 3018 proprie loquendo nihil futurum est, sed omnia praesentia.
251 2979 1009 3034 Secundo quoad sponsionem in Paradiso statim a lapsu primorum
215 3014 1013 3070 nostrorum parentum factam ab aeterno Filio Dei, quum diceret, Se¬
213 3047 1004 3108 men mulieris contriturum caput serpentis, serpentem autem contri¬
210 3081 1007 3138 turum ei calcaneum, Genes. 3. vers. 15. His enim verbis spopondit &
213 3116 998 3180 promisit Filius Dei, se satisfacturum justitiae Dei pro humano gene
213 3149 1012 3206 re & pro eo passurum mortem quam serpens ille antiquus procura¬
220 3180 1015 3239 turus erat per Judaeos. Sponsionem autem illam ita acceptavit Pater.
221 3227 718 3282 coelestis ac si jam opere ipso impleta fuisset.
1092 180 1839 243 Tertio mactatus est Agnus ille Dei a jacto mundi fund imento
1065 222 1846 275 quoad vim atque efficaciam perpetuam serificii Christi, quae coepita
1056 265 1841 313 mundi exordio statim cum sponsione a Filio Dei facta, quam Pater
1062 300 1849 342 coelestis illico ratam habuit & efficacem esse voluit, non secus ac si
1056 326 1838 382 jam completa fuisset, quoniam certo implenda erat. Neque tamet
1053 366 1843 405 effectus tempore fuit prior sua causa. Omnis enim sponsio pro debi¬
1050 393 1844 442 tore aliquo facta, quam primum a creditore acceptata est, statuim effi¬
1057 430 1843 470 cax est, & hoc praestat, ut debitor e carcere liberetur, etiamsi illa lon¬
1066 464 1846 507 go demum tempore pust, de quo inter sponsorem & creditorem con¬
1059 500 1837 534 venit, impleatur. Deinde principalis causa sanctificationis & redem
1054 528 1834 571 tionis nostrae est voluntas Dei Patris acceptantis voluntatiam spon¬
1055 555 1835 605 sionem Filii pro nobis, sicut legitur Hebr. 10. v. 9, 10. Tunc dixit.
1057 627 1841 667 Qua uoluntate sanctificati sumus per oblationem corporis Iesu Chri¬
1053 757 1634 795 diatorem constituit, qui nobis salutem acquireret
1084 783 1851 837 Quarto mactatus est Agnus ille Dei a jacto mundi fundamento,
1056 828 1840 865 quoad sacrificia inde ab initio mactata, quibus Christi sacrificium ad¬
1053 863 1847 907 umbratum & significatum fuit. In agnis oblatis Deo ab Adamo,
1054 891 1573 928 Abele & aliis fidelibus mactatus est Christus.
1089 924 1859 970 Quinto mactatus est in martyribus, veluti in Abele qui typus
1059 948 1193 995 Chriuti fuit.
1080 972 1853 1026 Sexto mactatus est a jacto mundi fundamento quo ad praedictio¬
1068 1059 1834 1092 praedicebantur tam certo implendae fuerunt, ac si jam tum implete
1062 1091 1849 1130 essent, ac revera pro impletis habebantur apud Deum, cujus praedi¬
1066 1120 1473 1162 stiones minime sunt fallaces & vana
1087 1149 1856 1200 Septimo mactatus est a jacto mudi fundamento, ratione fidei, quae
1053 1189 1852 1223 est hypostasis eorum quae sperantur & ελεγχαν σραν &σινα ολς σo¬
1068 1221 1855 1259 δυον, Hebr. 11. ver. 1. Omnes enim vere fideles in se ab initio maa li¬
1053 1256 1844 1291 sunt in perpetuum consecrati unica oblatione Christi, quim dii vera
1061 1323 1848 1367 est illud quod facit ut exstent quae sperantur, & quod demonstrat quae
1059 1358 1856 1408 non videntur. Sic Paulus ait Rom. 8. v. 24. Spe servati sumus, quum
1057 1386 1721 1426 tamen perfectio salutis post hanc demum vitam sit futura¬
1089 1413 1853 1462 Octavo mactatus est Agnus ille Dei ajicto mundi fundamento,
1059 1455 1855 1486 ratione peccati, jam inde ab exordio mundi commissi, & propter ex¬
1062 1488 1852 1529 piationem Christi, credentibus remissi. Omnia enim peccata electo¬
1053 1528 1860 1560 rum inde ab initio mundi commissa & usque ad sinem mundi com¬
1075 1554 1852 1587 nittenda, sunt expiata sanguine Christi, & propter eum credentibus
1075 1587 1862 1625 Deo remissa. Hoc est quod docetur Rom. 3. v. 21, 22, 13. 24, 25, 26.
1069 1613 1859 1655 Nunc vero absque Lege justitia Dei manifesta facta est, comprobata te¬
1060 1652 1853 1693 stimonio Legis ac Prophetarum: Iustitia, inquom, Dei per fidem Iesu
1075 1682 1861 1718 Christi in omnes & super omnes qui credunt: non enim est distinctio.
1071 1717 1861 1759 Dmnes enim peccaverunt & deficiuntur gloria Dei, ut qui justisi¬
1069 1751 1853 1788 centur gratis, ejus gratia, per redemtionem factam in Iesu Christo.
1071 1786 1865 1830 Quam praestituit Deus ut esset plaramentum per sidens in sanguine.
1074 1825 1862 1857 psius, ad demonstratinem sugitiae suae, propter dissimulationem pec¬
1069 1852 1865 1889 catorum quae antecesserunt, Deo illa tolerante. Ad demonstratio¬
1060 1881 1866 1930 nem justitiae suae praesenti tempore: ut sit ipse justus & justificans eum
1058 1913 1275 1961 qui est ex fide Iesa.
1095 1948 1868 1983 Nono inactatus est a jacto mundi fundamento, ratione federis seu¬
1072 1978 1857 2017 testamenti gratiae, quod statim in Paradiso factum est post lapsum
1065 2013 1862 2058 primorum parentum & confirmatum obsignatumque sanguine
1071 2042 1143 2081 Christ?
1096 2069 1859 2122 Decimo ratione federatorum Deo, qui inde ab initio mundi fue¬
1063 2122 1849 2162 runt. Omnes enim illi non aliter quam per sanguinem Christi sun
1059 2149 1351 2191 redemti a morte aeterna.
1099 2201 1820 2251 Sic expedita est quaestio generalis de tempore passionis &
1344 2238 1560 2291 mortis Christi.
1087 2291 1859 2342 Speciatim vero quaeritur de die passionis & mortis Christi, in que
1059 2330 1849 2370 annum mundi inciderit, in quem annum aetatis Christi, in que
1060 2365 1624 2410 diem septimanae, in quem diem meniis nobis non
1093 2390 1854 2435 In quem annum mundi, ite aetatis Christi inciderit passio & mors
1066 2434 1852 2469 Christi, mitum est quam dissentiant inter se Chronologi tum veteres.
1072 2468 1837 2501 um recentes: qua de re videatur de Emendatione Teimnporum libe
1069 2496 1844 2534 extus Josephi Scaligeri, qui tradit passionem & mortem Christi in¬
1059 2531 1837 2573 cidisse in annum mundi conditi 3 982. aetatis vero Christi 35. Com¬
1060 2565 1837 2609 munior tamen senteatia est, eam incidisse in 34. aetatis Chriscannum
1102 2601 1849 2637 incidit denique passio & mors Christi in diem Veneris seu feriam
1063 2632 1840 2673 sextam & Aprilis nostri diem septimam, quae eo anno cum die X1v.
1065 2660 1379 2707 mensis Nisan concurrebat.
1102 2685 1850 2739 Judaei obiiciunt duo: unum, nunquam majores suos opus secisse in
1062 2730 1850 2778 Solenni Paschatis, quare Jesum Nazarenum dieP aschatis crucifixum
1059 2762 1842 2808 non fuisse. Item nunquam diem Paschatis feria sexta fuisse: ideo Chri¬
1072 2798 1838 2842 stianos frustra dicere, Christum feria sexta solemni Pascnatis craci¬
1064 2839 1148 2883 fixum.
1096 2864 1850 2912 RESP. Primo falluntur Judaei, quod credunt Christum a nobis
1065 2908 1831 2945 dici crucifixum & mortuum solenni Paschatis: Non enim Xv. Nisat
1062 2942 1838 2984 sed quartadecima crucisixus est, ut in eadem verus ille Agnus Dei
1066 2973 1835 3014 mactaretur, in qua Agnus mysticus inmiolari solitus secumuum puae
1068 3008 1843 3049 scriptum Legis Exod. 12. versic. 6. & eadem hora qua verus Agnus
1068 3041 1853 3080 de cruce deponebatur, Judaei Agnum suum mactarunt, qui qui¬
1059 3068 1845 3115 dem tum ac deinceps inut liter mactatus est, cunt finem omni sa¬
1062 3105 1849 3145 crificio Legis ea vespera fecisset. Deinde quartadecima Nisan non
1071 3140 1837 3178 est ἀπρακιος ημιζα, sed ἔργασιμος. In ea enim opus faciebant at
1065 3172 1843 3221 que etiamnum faciunt, quum a meride omnia pencitalia, omia
1072 3202 1851 3251 abstrusa investigant, & nihil prorsus inscrutatum relinquunt ad
