2063 3442
252 164 1061 221 fermentum omne exterminandum. Quod igitur fermentum tam
243 198 1026 255 superstitiosa & laboriosa investigatione affectantur, hoc evidentes
252 229 1035 286 ostendit, illam diem a functionibus operum non excipi. Tertio, Si
256 262 1035 319 Christus non ἐv. Nisan, sed X1v. passus & crucifixus est & quidem fe¬
249 295 1037 349 ria sexta: Ergo solenne Paschatis, hoc est, Xv. Nisan eo anno fuit Sab¬
255 343 524 387 bathum, non feria sexta¬
289 364 1025 423 Haec de tempore passionis & mortis Christi. Miserabilitas ejust
246 400 1034 456 dem passionis & mortis Christi tanta fuit, ut verbis nequeat exprimi¬
258 433 1024 488 Quis tam facundus, & tantam rerum verborumque copia instructus exs¬
252 466 1030 519 stet? quae oratio tantae affluentiae ubertate decurrens, ut illam passio¬
252 497 1033 554 nem & mortem merito deploret, quam Sol aspicere non potuit, sed
261 530 1042 582 prae horrore obtenebratus est? Matth. 27. 45. quam mundus ipse &
253 578 529 619 tota elementa luxerunt:.
285 630 1013 683 Sequuntur iam Christi patientis dicta & facta quaedam
555 674 728 730 memorabilia.
287 726 1033 789 Eorum quaedam ante crucifixionem, quaedam in cruce sunt dicti
255 771 340 817 & facta.
287 798 1043 849 Inchoaturus enim magnum illum agonem ultimae passionis, pri¬
254 840 1034 882 mum discipulorum infirmitati consuluit, & aliis in tuto relictis, tre¬
253 872 1039 916 tantum assumsit, Petrum & duos filios Zebedaei, suae angustiae testes
259 910 1046 947 futuros, & in locum proditioni destinatum ultro profectus est, eos se¬
261 936 1039 980 cum vigilare jussit, postea ab illis progressus paululum, ardenter Pa¬
256 976 1034 1018 trem invocavit & precatus est: discipulos dormientes objurgavit: pro¬
268 1006 1037 1046 ditorem Judam graviter reprehendit, vocans ironice amicum, qui
270 1046 1043 1081 postis erat, & proditionis scelus ei exprobravit, dicens, quarsum adess
262 1071 1035 1122 non enim ignorabat causam adventus ipsius, sed perfidiam detestam¬
262 1110 1051 1148 dam obiiciebat & poenam denunciabat, q. d. cur advenisti ut osculo
261 1140 1042 1179 me proderes? o quam male tibi consuluisti Io in quantas miserias te
264 1177 1045 1218 conjecisti! Mox Petri Apostoli, gladio corporali dominum suum
268 1202 1045 1243 defendere conantis: & limites vocationis suae egredientis, & dictum
262 1243 1042 1282 Christi allegoricum de gladiis comparandis κγο το fηloν & proprie in
261 1272 1043 1309 telligentis intempestivum zelum coarguit, gladium in vaginam re¬
264 1313 1042 1347 condere jussit, justam poenam comminans omnibus iis qui sine vo¬
258 1336 1042 1378 catione gladium accipiunt, utpote quibus a Deo non est traditus, &
255 1372 1052 1412 qui proinde gladio propter vocationem utuntur. Nec enim commi¬
257 1408 1036 1448 natio ista ad Magistratum politicum extendenda, qui gladium tan
265 1441 1039 1485 quam Dei minister gestat, Rom. 13. Simul Christus asserit, quantur
249 1474 1055 1510 subsidium Angelorum a Patre obtinere posset si vellet: quod autem
258 1506 1051 1546 illud in praesenti periculo non peteret, causam esse, ut Scripturae de¬
255 1532 1043 1581 peccatorum nostrorum expiatione & nostri redemtione per passio¬
256 1575 1048 1610 nem & mortem suam implerentur: idcirco adjecit, Annon bibam po¬
261 1601 1052 1643 culum quod dedit mihi Pater Johan. 18. ver. 11. ad patientiam se ani¬
253 1642 1050 1675 mans cogitatione voluntatis & providentiae paternae. Sic commen¬
261 1670 826 1706 davit Sacras Scripturas & finem earum indicavit
285 1708 1058 1743 Coram Concilio Sacerdotum parce causam suam defendit, non
262 1740 1055 1781 ut morti se subduceret, sed ut ipsum innocentem damnati constaret,
256 1776 1048 1813 exemplum praebens prudentiae singularis & fortitudinis invictissime
255 1805 1042 1850 quam coram hostibus Dei opus est. Coram Concilio Sacerdotum &
255 1841 1045 1881 coram Pilato asseveravit, se esse Christum illum ac Regem Patribus
262 1875 1052 1918 promissum, ne praetextu ignorationis culpam incredulitatis suae ex¬
258 1908 1049 1949 cusare in extremo die possent: & ut nos exemplo suo doceret, animo¬
256 1936 1049 1986 Se & constanter veritatem esse profitendam, si de ea interrogemur si¬
261 1978 794 2014 ve coram Concilio, sive coram judice politico.
298 1993 1037 2045 Coram Pilato regnum suum spirituale & non mundanum esse, se
273 2037 1042 2082 que Regem esse professus est, qui ad hoc genitus sit & ad hoc veneri
261 2072 1045 2114 in mundum ut daret testimonium veritati: & quisquis est ex veritater
268 2103 566 2147 eum audire vocem Christi
309 2137 1040 2183 Quum damnatus ad supplicium crucis duceretur & mulieres quae¬
274 2172 1040 2211 dam plangerent & lamentarentur eum, conversus ad eas dixit, ut le¬
271 2213 1049 2255 gitur Luc. 23. v. 20. & sequentibus: Filiae Hierusalem, ne flete de me,
270 2250 1052 2280 verum de vobisipsis flete, & de liberis vestris: Nam ecce venient dies.
289 2274 1045 2314 uibus dicent, Beatae steriles, & uteri qui non genuerunt, & ubera
271 2314 1045 2351 quae non lactaverunt. Tum incipient dicere montibus, Cadite in nos:
276 2345 1038 2381 & collibus, Operite nos. Nam si in virente ligno ista faciunt, in aridi
267 2376 1045 2413 quid fiet? Quibus verbis primo monuit, non esse miseros qui patiun¬
272 2404 1046 2440 tur injuriam, sed qui faciunt eam: & cum sint nocentes ipsi, injuria af¬
273 2439 1050 2484 ficiunt innocentes. Deinde praedixit horribilem interitum impiorum
277 2472 1034 2508 in devastatione urbis Jerosolymorum & in novissimo judicio futurum
271 2506 1043 2549 Allegoricum est quod Dominus ait: Si in viridi ligno ista faciunt,
277 2537 1040 2577 in arido quid fiet? q. d. Si lignum viride comburiutr, multo minus
276 2573 1046 2613 parcetur arido: & si virens lignum consumitur, multo facilius aridum;
267 2607 1033 2643 Si designant ista in me fructifero & perpetuo virente & cujus vita ae¬
273 2638 1048 2676 terna est propter divinam naturam; quid fiet in vobis infructuosis &
267 2675 1040 2707 omnis justitiae vivificae expertibus? Sic Ezech. 20. v. 47. vel cap. 21. v.
277 2710 1029 2751 . ut distinxit Fr Junius per viridem arborem justi, per siccam impro¬
265 2735 1026 2784 bi intelliguntur. Eundem fere sensum habet, quod legitur 1. Petr.
270 2774 1045 2815 v. 17. Tempus est ut incipiat judicium a domo Dei, quod si primum
264 2800 1036 2841 incipit a nobis, quis erit finis eorum qui non assentiuntur Evangelio
273 2834 1016 2879 Dei: Et si justus vix servatur, impius & peccator ubi comparebit
304 2868 1031 2909 In Cruce septem memorabilia apophthegmata pronunciavit. Pri¬
264 2898 1034 2940 mo enim cum affigeretur cruci crudelissime perforatis manibus &
274 2937 1035 2981 pedibus ipsius sanctissimis dicebat; Pater remitte hoc ipsis, nesciunt.
280 2971 1033 3013 nim quid faciant, Lucae 23. vers. 34. Non oravit pro reprobis, qui
264 2995 1036 3043 bus sciebat certum exitium paratum, quod & David denunciavera
261 3026 1040 3072 Psalm. 69. vers. 23. & pro quibus se non orare ante passionem testa¬
267 3067 1040 3114 tus erat, Johan. 17. vers. 9. Sed oravit communiter pro iis qui tuno
264 3094 1034 3148 hostes ejus erant sive ex Judaeis, sive ex militibus Gentilibus ex igno¬
262 3133 1038 3180 rantia peccantibus, qui postea conversi fuere, quia Christus non fru¬
264 3158 978 3213 stra pro illis oravit, ostendens se & victimam, & Pontificem esse.
1119 156 1879 196 Deinde latroni una crucifixo & converso & peccata sua agnoscer¬
1098 185 1894 227 iorantique Domine memento mei quum veneris in regnum tuum, atque
1092 216 1897 258 sic confessionem ore edenti, quod crederet corde, Jesum esse Regenm
1087 251 1901 292 illum Messiam cujus regnum coeleste est spirituale, & potestatem
1085 292 1900 328 habere intromittendi electos Dei resipiscentes in regnum coelorum,
1085 321 1904 363 etiamsi Pontifices summi & alii sacerdotes & primores Judaeorum
1089 352 1891 396 eum reiecissent & pro Rege Messia agnoscere noluissent; respondit
1098 383 1905 427 Amen, dico tibi, hodie mecum eris in Paradiso, Lucae 23. vers. 42. 43.
1096 426 1903 461 Ut hoc argumentum est Deitatis Christi, quod ipsum in summa¬
1095 454 1891 499 ignominia constitutum & in cruce pendentem latro conversus co¬
1096 490 1907 527 luit & invocavit, quem tum Summi Pontifices & clerici Jerosolymi¬
1098 524 1903 562 tani, qui titulum Ecclesiae Dei sibi arrogabat, blasphemabant, quem¬
1105 554 1894 598 que multi hodie sedentem in coelis ad dextram Patris vel blasphe
1099 596 1907 628 mant vel negligenter colunt: ita etiam responsum Domini Jesu do¬
1101 621 1633 659 cumentum fuit Deitatis & potestatis Christi.
1125 653 1897 699 Nam certo promittere & dare regnum coelorum, non est puri pu¬
1089 682 1900 721 ti hominis, sed Dei, sed Christi Mediatoris inter Deum & electos.
1104 717 1907 757 Quin etiam plus tribuit Christus latroni converso, quam petebat.
1107 754 1900 792 Petebat ut Dominus esset memor ejus in regno suo, Dominus au¬
1105 785 1904 826 tem promisit quod esset eo die futurus cum eo quod animam attinet
1098 818 1903 856 in Paradiso, id est, in regno coelesti, in coelo beatorum cujus typus a¬
1101 854 1892 893 liquis & symbolum fuit Paradisus, hortus ille amoenus, in quo Ada¬
1110 892 1903 929 mus in statu integritatis fuerat collocatus. Sicut Jesus oratione pro¬
1101 916 1900 956 hostibus & interfectoribus suis declaravit se esse Pontificem Sum
1105 950 1902 992 mum: ita oratione ad latronem conversum demonstravit se esse Re¬
1100 986 1346 1035 gem illum aeternum.
1137 1013 1900 1058 Deinde eadem oratione declaravit Christus se esse secundum A¬
1110 1051 1910 1091 damum cujus typus fuisset primus Adamus. Sicut enim cum primo¬
1105 1084 1898 1122 Adamo ejecti sunt e terrestri Paradiso omnes ejus posteri carnalite
1101 1119 1897 1155 ex ipso propagandi & in ipso a Deo aversi: ita cum secundo Adam
1111 1152 1903 1187 ingressi sunt & ingrediuntur in coelestem Paradisum omnes spiritua.
1104 1187 1906 1221 liter per Christi Spiritum regeniti & ad Deum conversi. Praeterea
1102 1223 1904 1263 refutavit Christus responso latroni dato errores eorum, qui anima
1111 1253 1913 1287 post mortem dormire aut etiam interire putant, qui animas in pur¬
1113 1289 1904 1328 gatorium ignem e corporibus migrare fingunt, qui Christi animam
1108 1320 1913 1365 a corpore separatam ad inferos descendisse statuunt, qui animas vere
1107 1354 1910 1392 fidelium ante Christi adscensionem in coelum fuisse in coelo negant
1110 1386 1903 1433 qui baptismum externum aquae ad salutem aeternam praecise necessa.
1101 1417 1354 1453 rium esse contendunt
1135 1450 1904 1491 Ad haec tam benignum Christi responsum latroni converso da¬
1113 1486 1913 1519 um ad conversionem seu resipiscentiam nos invitat. Quicunque ex¬
1113 1522 1907 1555 petit esse cum Christo post hanc vitam in Paradiso, convertatur ac
1113 1553 1913 1587 Christum eumque invocet ex vera fide, confessionemque peccato¬
1101 1585 1915 1620 rum suorum & fidei suae in Christum etiam inter corporis tormenta¬
1105 1621 1907 1674 edat, gloriam Christi asserat & blasphemantes Christum redarguat,
1108 1651 1499 1695 totum denique se Christo tradat.
1143 1677 1904 1719 Tertio stabant juxta crucem Jesu, mater ejus & soror matris ejus
1117 1719 1913 1764 Maria Cleopae uxor & Maria Magdalene: Quumque vidisset Jesus
1110 1752 1900 1784 matrem ac discipulum abstantem quem diligebat, dixit matri suae
1105 1784 1904 1828 Mulier, ecce Filius tuus. Deinde dixit discipulo, Ecce mater tua, Joh.
1108 1823 1913 1861 19. vers. 25, 26. Sic Christus tum in prioris, tum in posterioris tabulae
1111 1849 1912 1889 Decalogi observatione perfectum est omnis justitiae exemplar. Nam
1111 1884 1913 1922 φιλοσοργιαν erga matrem suam declaravit, etiam in cruce pendens &
1105 1920 1900 1952 morti vicinus, dum matrem supplicii ipsius spectatricem, cujus ani¬
1107 1953 1900 1989 mam tum vere trajecerat gladius, (juxta praedictionem Simeonis Lu¬
1101 1986 1907 2026 cae 2. vers. 35.) cujus pium pectus gladius acutissimorum dolorum tu¬
1113 2019 1910 2057 transverberabat, consolatus est, eam Johanne intimo suo discipulo
1101 2050 1912 2085 commendando, & Johanni mandando ut illius instar matris curam
1108 2084 1903 2126 gereret. Matrem suam Dominus appellans mulierem, declaravit si
1085 2107 1900 2152 S esse non tantum hominem, sed etiam verum Deum. Non enim pe¬
1095 2152 1900 2191 contemtum mulierem dixit & non matrem, sed ut innueret, se ali¬
1107 2183 1901 2224 quid aliud & majus etiam esse quam filium Mariae, qui esse credebat,
1116 2218 1910 2259 ur: sicut & aquam in vinum miraculo & divina virtute conversurus,
1101 2252 1901 2290 non matrem, sed mulierem nominarat, ut indicaret, matri infirmita;
1101 2284 1900 2322 tis minime licere Deo virtutum horum divina opera faciendi prae¬
1101 2315 1196 2355 scribere.
1134 2348 1904 2387 Debuit ergo agnosci a matre moriturus, de qua fuerat mortaliter
1109 2391 1910 2421 natus. Curam autem matris gerens, ex qua fuerat factus homo &
1105 2418 1898 2454 commendans eam discipulo affectu humano, ostendit se esse sum
1105 2449 1907 2486 mum Doctorem fidelibus datum a Patre. Docuit enim filios, quo-
1108 2489 1906 2530 modo honorare debeant matres: docuit discipulos, quomodo grati
1101 2523 1898 2555 esse debeant in praeceptores & doctores suos. Ut enim Christus mo¬
1098 2551 1900 2587 riturus, matri de altero pro se quodammodo filio providit, ad cuius
1099 2585 1898 2619 curam, quicquid matri esset necessarium, pertineret: ita exemplo o¬
1101 2620 1903 2653 mnes pios filios instruxit, ut ab illis cura parentibus impendatur. Et
1098 2655 1897 2697 ut discipulo suo Johanni matrem ita commendavit, ut illam pro ma¬
1102 2684 1898 2728 tre haberet: ita omnes gratos discipulos instruxit, ut non tantum pre¬
1105 2715 1892 2751 reptoribus suis, sed etiam illorum parentibus officia necessaria prae¬
1102 2751 1894 2793 starent. Ita lignum cui erant affixa membra Christi morientis, et¬
1105 2780 1538 2831 am Cathedra fuit Magistri docentis.
1146 2805 1894 2854 Quarto circiter hora nonam exclamavit Jesus voce magna, dices
1099 2851 1899 2889 Eli, Eli lamasabathani? Deus mi Deus mi, cur deseruisti me? Mat. 27.
1108 2885 1897 2926 16. fuit querela sentientis non tam summos corporis cruciatus, quos
1099 2916 1900 2948 & latrones sentiebant, quam internos animae horrores irae Dei ab¬
1090 2948 1906 2992 alienati a peccatoribus, ita tamen ut non succumberet, sed in illis ipsis
1097 2983 1675 3019 angoribus in Deo, tanquam Deo suo confideret.
1131 3016 1892 3058 Quinto quum sciret Jesus, omnia iam esse peracta, ut consumma
1095 3051 1892 3091 retur Scriptura, dixit, Sitio, Johan. 19. vers. 28. Multis & variis dolori¬
1098 3079 1892 3116 bus exsiccatum Christi corpus, siti torquebatur. Multum enim pos¬
1085 3115 1891 3150 sunt dolores ad commovendam sitim. Innatum enim calorem
1089 3150 1893 3190 exagitantes, vel quod in profunditate humidum est consumunt, &
1098 3177 1894 3227 igneis ardoribus dolentis viscera urunt. Sicut igitur caeteras passio¬
