2063 3501
156 181 989 242 quali modo Judaei nobiliores sepelire solebant ad testandam spem re¬
158 215 311 255 surrectionis:
198 244 968 293 Id factum est ideo. I. Ut innocentia Christi declararetur, ut qui
160 276 974 322 injuste, interfectus, non debuerit tanquam facinorosus negligi & in¬
166 324 968 364 ter foeda cadavera latronum relinqui. Hoc docuit Jesa. cap. 53. vers. 9.
172 348 974 409 dedit eum diviti in mortibus ejus, eo quod non fecit violentiam, neque
158 380 428 425 fuit dolus in ore ipsius.
195 399 974 462 II. Ut crucis Christi probrum honorifica sepultura abolere in¬
164 452 965 491 ciperet, sicut inique supplicio affecti, deinceps honeste sepeliri solent
201 485 961 523 III. Ut significaretur, vivificum odorem e sepultura Christi ma¬
159 518 973 562 nantem per universum orbem terrarum sparsum iri praeconio Evan¬
165 550 229 596 gelij.
184 573 977 627 IV. Ut inde discamus, illorum corpora in sepuleris honorifice
160 621 978 661 quiescere, quorum mentes purae virtutibus bene olentibus conditae
169 652 968 694 tuerunt, & qui honestissimam post mortem suam famam pietatis &
162 683 962 726 virtutum praeclararum reliquerunt exemplo Christi. Nullius aro¬
162 723 979 762 matis odor est gratior quam pietatis, justitiae, temperantiae & aliarum
163 752 281 794 virtutum.
192 795 965 829 V. Ut in hominibus non potentiam corporalem & mundanam
153 839 975 872 admirari, sed pietatem, justitiam; temperantiam & alias virtutes su¬
159 864 968 913 spicere, magnifacere & imitari discamus, exemplo Josephi Arimathae
172 896 964 936 ensis & Nicodemi, qui Christum etiam mortuum dilexerunt, non ol¬
171 930 967 965 potentiam humanam quam nunquam usurpaverat: sed ob innocen¬
159 965 967 1002 tiam & virtutes ejus. Miseri sunt, qui ob potentia corporalem formi¬
160 994 965 1034 dari potius volunt ab aliis, quam ob justitiam & alias virtutes ama¬
162 1035 978 1079 ri. Quin etiam illi peccant, qui Reges & Principes & alios magnates
159 1067 974 1114 ob potentiam hujus mundi magnifaciunt & venerantur potius, quam
172 1100 659 1134 Jobpietatem, justitiam & virtutes caeteras.
201 1125 971 1166 Etsi autem aromata attulerit Nicodemus, tamen corpus Christ¬
170 1170 974 1208 pollinctum non fuit, quia non licebat propter temporis brevitatem:
165 1201 977 1235 quum Sabbathum immineret, quo nihil operis facere licebat: unde
171 1236 964 1266 & mulieres postea Sabbatho demum finito venerunt ad monumen¬
168 1268 700 1304 tum, ut Jesum ungerent, sed jam resurrexerat
201 1292 985 1347 Quod corpus Christi pollinctum non fuit, singulari providentia
176 1332 314 1378 Dei factum,
201 1371 980 1419 I. Ut ostenderetur opus ei pollinctura non esse, qui corruptio¬
172 1412 893 1444 nem non esset visurus in sepulcro, juxta vaticinium Ps. 16. 10.
201 1434 969 1475 II. Ut non adscriberetur hominibus quod corpus Christi im¬
172 1471 995 1507 mune mansit a corruptione, sed soli virtuti divinae, quae & nobis olim
159 1510 983 1554 incorruptibilitatem restituet, quam in Adamo amisimus, facti ob¬
173 1544 611 1582 noxii corruptioni propter peccatum.
210 1572 875 1610 Fuit Christus sepultus propter has GAUSAS PINALES
209 1598 986 1644 I. Ut impleretur Scriptura, qua de Sepultura Christi praedictum.
172 1638 989 1677 Praedicta autem fuerat typo Jonae, & Jesa. 53. v. 9. Exposuit enim im¬
171 1678 770 1717 probis sepulcrum ipsius, & diviti in mortibus ejus.
219 1695 989 1750 II. IIt certo constaret, cum vere mortuum esse, quum sepultura
171 1738 785 1783 sit quaedam veluti mortis progressio & continuatio¬
213 1764 982 1818 III. Ut Christus mortem velut in imum suum antrum refugien¬
171 1809 543 1849 tem persequeretur & vinceret.
211 1840 983 1882 IV. Ut confirmaret expiationem peccati factam morte, & ra¬
175 1873 707 1913 tum faceret fedus gratiae & reconciliationem
219 1894 990 1947 V. Ut nostra peccata secum sepeliret, & in aeternum absconderet.
180 1938 371 1986 a conspectu Dei.
205 1973 980 2013 VI. Ut ipsius sepulturae consortes facti, cum ipso sepeliremur
180 2009 971 2058 peccato, Hujus sepulturae spiritualis cum Christo, symbolum est im¬
180 2038 986 2084 mersio in aquam in haptismo, sicut Paulus dicit Rom. 6. v. 4. Sepulti
180 2082 974 2122 sumus igitur cum eo per baptismum in mortem: ut sicut suscitatus
180 2117 974 2159 est Christus ex mortuis in gloriam Patris, ita & nos nova vita ince¬
172 2146 971 2186 damus. Et Coloss. 2. v. 12. Christo consepulti sumus per baptismum.
178 2173 981 2222 Cavendum igitur nobis ne peccatis ulterius indulgeamus: hoc enim
177 2211 982 2259 esset sepulturam Christi violare & dehonestare & irritam quantum
177 2249 337 2290 ad nos facere
224 2279 983 2334 VII. Ut sepulcra nostra sanctificaret, atque ita sepulcri horrorem
184 2317 743 2364 nobis excuteret & resurrectionis spem firmaret.
220 2349 976 2399 VIII. Ut constaret eum vere corpus humanum habere, quod
180 2389 823 2431 tum non ubique erat, sed in sepulcro jacebat exanime.
213 2413 985 2466 IX. Ut & nos curemus sepulturam defunctorum, quo ea honesta.
181 2447 734 2498 sit & respondens spei resurrectionis ex mortuis
218 2486 644 2530 EFPECTA sepulturae Christi sunt
210 2509 991 2562 I. Sedatio irae Dei, quae nostris peccatis concitata fuerat adversum.
189 2555 985 2596 nos. Quemadmodum enim cum Jonas Propheta e navi in qua cum
188 2581 985 2628 aliis vehebatur ejectus, & in mare projectus esset, sedata est tempestas
186 2616 989 2662 maris & reducta exoptata tranquillitas: ita Christo e numero viven¬
192 2648 986 2696 tium ejecto & in sepulcro condito, tempestates indignationis divinae
183 2684 998 2729 adversus nos conquieverunt, elucescente sereno illo vultu Servatoris
189 2730 318 2777 nostri Dei.
213 2750 982 2809 II. Sepelitio veteris hominis in nobis & mortificatio peccat
183 2787 992 2846 sensim in nobis intereuntis, Rom. 6. 4. Haec enim sit virtute & effica¬
189 2835 435 2883 cia sepulturae Christi
218 2837 981 2909 III. Requies Christiani, sive conscientiam spectes in anima, si¬
184 2889 986 2951 ve corpus exanime in sepulcro. Sepultura Christi est requies Chri¬
185 2936 445 2994 stiani, ait Ambrosius
225 2947 999 3014 SUBIECTA sepulturae Christi quod attinet, sepultus est Chri¬
194 3000 745 3054 stus loco celebri & vicino urbi Ierosolymorum.
227 3027 992 3079 I. Ut minus de morte ejus & sepultura & deinceps de resurre¬
194 3068 465 3115 ctione dubitari posset.
230 3092 1000 3151 II. Ut quiete Christi in sepulcro Jerosolymis vicino indicaretur.
197 3125 1000 3188 visionem quietis & pacis (id enim significat nomen Jerusalem) certo
201 3172 850 3226 nobis a Christo partam, sed pacis aeternae & spiritualis.
234 3197 859 3252 Sepultus est in HORTOplantis & arboribus consito;
231 3223 990 3290 I. Ut sicut inquietudo nostra in horto coeperat post lapsum pri¬
1022 180 1834 242 mi Adamitiia quies ius stra inignrinh lagudaanna,mili
1030 223 1118 268 Adami.
1058 244 1814 298 II. Ut sicut per lapsum um Aidum aarsus alii eus
1014 261 1030 331 a
1030 328 1819 366 mum in hortossepultum haber iuiiinaσοm adi Aeaimeiis
1063 354 1823 411 III. Ut indicaretur, copiosum seuciu, apuis auellis uiii
1029 393 1481 430 morte & sepultura ad omnes credentes.
1051 412 1825 466 IV. Ut quemadmodum ex cruce tranlatus fana ilius in hor¬
1020 462 1032 502 I
1030 490 1445 531 riarum transitum esse in Paradisum.
1065 524 1823 572 Sepultus est in sepulcro exciso in petra, ne cavillarentur hostes, a di¬
1030 555 1743 597 scipulis corpus Domini per subterraneos meatus extractum.
1063 589 1828 639 Sepultus est in sepulero NOV0. I. Ut mortis conditionem, me¬
1030 620 1704 670 rito Christi novam & prorsus aliam factam significaretur.
1065 654 1817 704 II. Ut indicaretur, Christum gaudere in novo pectore, per Spiri¬
1027 688 1454 726 tum Sanctum regenerato quiescere.
1065 718 1574 761 In illo sepulcro nullus antea sepultus fuerat
1069 755 1826 802 I. Ne calumniari possent adversarii, alium quempiam ex illo se¬
1032 794 1822 842 pulcro resurhmisse, quam Jesum crucisixum: ut Theophylactus no¬
1032 821 1089 859 tavit.
1054 837 1829 903 II. Ne quis dicere aut opinari posset, Jesum non sua propria vir¬
1032 892 1825 925 tute, sed contactu & virtute alicujus hominis sancti illic antea sepul¬
1039 922 1825 959 i resurrexisse. Nam 2. Reg. 13. v. 21. memoratur, virum quendam
1040 959 1813 995 mortuum in sepulcrum Elisaei Prophetae conjectum, metu Moabi
1027 994 1826 1035 tarum terram invadentium, quum ossa Elisaei attigisset; revixisse & in¬
1044 1019 1344 1056 pedes suos erectum stetisse.
1054 1046 1814 1104 Sepultus est Christus in sepulcro ALIENO, nempe Josephi Arima¬
1023 1092 1037 1132 t
1066 1115 1820 1170 I. Ut indicaretur, ipsum pro aliena salute mortuum & sepultum
1035 1149 1312 1198 esse, non pro sua propria
1069 1167 1823 1231 II. Ut sciremus, sepulcra proprie nostra causa fieri qui peccavi¬
1041 1220 1826 1259 mus, ut illorum conspectu & cogitatione mortis nostrae admonea¬
1031 1252 1825 1289 mur. Ideo Josephus curaverat sibi excidi sepulcrum in horto, ut in ipso¬
1034 1288 1824 1331 deliciarum loco, conspectu sepulcri, mortalitatis suae, imo mortis ad¬
1036 1322 1166 1354 moneretur.
1064 1340 1710 1394 ADIUNCTA sepulturae Christi sunt jam expendenda
1078 1382 1834 1434 Sepultus est Christus a Josepho Arimathaeensi & Nicodemo non
1035 1412 1219 1466 clam, sed palam,
1062 1445 1832 1488 I. Ut nihil fraudis in corpore Christi committi publice innote¬
1042 1476 1097 1523 scere¬
1069 1500 1822 1560 II. Ut tanto conspectior esset fides & fortitudo Josephi Arima¬
1038 1548 1829 1595 thaeensis & Nicodemi, quanto periculosius opus publice aggredi au¬
1040 1583 1249 1629 si sunt & perficere.
1072 1604 1836 1658 Ingens saxum ad ostium monumenti advolutum est, non tamex
1038 1650 1831 1688 more, quam I. Ut ne corpus Domini cuivis adversariorum ludi¬
1038 1684 1832 1720 brio pateret aut ab ullo ulterius injuriose tractaretur. II. Factum
1048 1718 1823 1759 id divina providentia ad majorem resurrectionis tertio die post se
1041 1753 1841 1794 quuturae certitudinem: & ad tollendam fraudis ac sublati ab aliquo
1041 1784 1304 1829 corporis suspicionem.
1083 1806 1580 1855 Mulieres adfuerunt spectatrices sepulturae:
1079 1837 1838 1884 I. Ut testes essent rerum quas viderant, quum illi testes omnes
1030 1891 1043 1931 s
1075 1907 1829 1962 II. Ut per mulierum virtutem & constantiam redargueretur vi¬
1037 1949 1301 1993 rorum timiditas nimia
1077 1965 1831 2022 III. Ut Christus a diabolo & cunctis ipsius organis oppugnatus,
1032 2022 1044 2062 S
1042 2047 1826 2088 nostium potentiam spectes, in aciei fronte collocando, ostenderet, se
1040 2081 1836 2123 de omnibus illis terribilibus hostibus mox sine ullo magno conatu
1037 2113 1236 2159 triumphaturum.
1062 2140 1835 2187 Denique etsi sepultura pars fuit miseriae Christi, dum corpus ejus
1042 2177 1835 2218 non minus quam aliud cadaver sepulcro fuit exanime illatum, tamen
1036 2220 1046 2261 si
1024 2247 1049 2290 v.
1146 2293 1705 2366 Tantum de Sepultura Christi: sequitur
1274 2386 1583 2436 CAPUT XX.
1092 2421 1784 2498 In quo de Christi detentione in sepulcro ad diem
1329 2489 1547 2543 usque tertium.
1115 2535 1838 2582 ETENTIO Christi in sepulcro, est postremus humiliationis:
1046 2555 1825 2642 TIgradus, dum Christus veluti in potestate & vinculis morti¬
1124 2608 1838 2654 versans, in sepulcro exanimis & quasi devictus jacuit usque ad
1044 2639 1834 2687 diem tertium, triumphantibus interea hostibus ejus de eo interfe¬
1056 2670 1839 2726 cto, & tanquam planum seu deceptorem, qui tertio die se resurrectu¬
1060 2705 1834 2754 lum promisisset, in sepulero detinere conantibus, munito sepulcro,
1041 2741 1470 2795 obsignato lapide, & apposita custodia
1102 2764 1835 2821 Sθetentio Christi in sepulcro praedicta fuit signo Jonae Prophe¬
1048 2804 1826 2860 tae, & a Christo explicata Matt. 12. 40. Sicut enim fuit Ionas in ven¬
1047 2840 1832 2893 tre ceti tres dies & tres noctes: Ita erit Filius hominis in corde terrae
1052 2883 1303 2930 tres dies & tres noctes.
1092 2897 1833 2958 Describitur autem Matth. 27. v. 62. & seqq. Postero autem die.
1061 2935 1831 3000 qui est post Parasceven, coacti sunt Primarij Sacerdotes & Pharisae¬
1060 2969 1839 3026 ad Pilatum, Dicentes, Domine, meminimus planum illum dixisse.
1061 3005 1834 3069 quum adhuc viveret, Tertio post die suscitabor. Iube ergo muniri se¬
1047 3036 1835 3103 pulcrum usque in diem tertium: nequando veniant discipuli ejus
1054 3070 1833 3123 nocte, & furentur eum, dicantque populo, Suscitatus est e mortuis: &
1049 3107 1835 3157 erit ultimus error pesor priore. Dixit eis Pilatus, Habetis custodia
1019 3148 1054 3195 X
1052 3170 1831 3229 Jobsignato lapide, cum custodia. Acto. 2. v. 24. Quem Deus suscitavit
1046 3202 1841 3267 solutis doloribus mortis, eo quod fieri non poterat ut ipse ab ea retine¬
