2063 3442
220 169 1052 218 vetur. Hinc sequitur, ipsum ab ea aliquandiu detentum fuisse, sed non A¬
215 219 491 264 in perpetuum retentum.
246 236 1010 285 Detentus vero fuit in sepulero usque ad tertium diem. Nam co
215 269 1002 328 ipso die quo mortuus est, qui nobis magnus dies Veneris dicitur Ger¬
218 308 1006 353 manice ner Rarfreptag? Bohemice Besitu Datet / una parte diei
219 340 1001 386 Veneris in sepulcrum positus est: unde Synecdochice totus ille die¬
211 377 994 418 cum nocte antecedente, sepulturae Christi deputatur. Est enim reco¬
206 412 1003 462 pta in omnibus linguis consuetudo, ut aliqua res eo die dicatur facta
208 442 1010 486 cujus diei parte est facta. Sequitur deinde dies Sabbathi incipiens
220 476 643 522 nocte & siniens sequetis diei vespera.
255 502 1007 548 Ita habemus duos dies & duas noctes. Tertius dies sequitur, qui
207 539 1013 587 incipit vespera diei Sabbathi, & finitur vespera diei Solis: Dominus
206 569 1003 613 aulem tota nocte & parte aliqua diei illucescentis in sepulero fuit.
215 604 1001 650 Quod autem una diei parte fit, illud toti illi diei complectenti nocti¬
208 636 994 682 & dici artificialis spacium, tribui recepta in omnibus Gentibus con
211 671 1007 713 suetudine solet: ut videre est in Pandectis libro secundo titulo duo¬
208 703 1010 746 decimo, de feriis & dilationibus & diversis temporibus, lege octava.
206 741 1001 789 Juxta hanc consuetudinem loquendi Synecdochicam omnibus po¬
222 774 1004 818 bulis receptam, recte dixit Christus, Filium hominis igSrde terra¬
213 806 656 850 esse oportuisse tres dies & tres noctes.
249 829 1011 881 Die Sabbathi tota complectente noctem & diem artificialem,
209 881 559 928 quievit Dominus in sepulcro.
252 894 1004 947 I. Quia sicut Deus absoluto creationis rerum omnium ac inpri¬
219 940 1007 984 mis hominis opere, quievit die septima, Gen. 2. v. 2, & 3. Exod. 20. v.
215 971 1002 1016 II. Ita Filius Dei peracto opere Redemtionis in cruce, quievit die se
219 1010 420 1059 ptima in sepulcro
238 1038 1009 1083 II. Ut haec quies Christi in sepulcro fidelibus esset documentum
219 1072 772 1126 quietis spiritualis ab operibus peccati in hac vita.
258 1102 1000 1147 III. Ut eadem quies esset symbolum quietis aeternae ab omnibu
210 1133 536 1187 laboribus post hanc vitam.
255 1165 1019 1213 Utque Jesus plane detineretur in sepulero, & resurrectio ejus ex¬
210 1203 1009 1244 mortuis impediretur, imo memoria mortui prorsus extingueretur?
216 1245 1015 1287 primarii Sacerdotes & Pharisaei non timuerunt, ut malitiae suae con¬
222 1271 1018 1311 tra Christum inservirent, sabbathum violare. Accesserunt enim ad
214 1310 1009 1349 Pilatum ipso die sabbathi & Christum ausi sunt impostorem appella¬
213 1339 1010 1378 re, cujus divina virtus & gloria tot miraculis refulserat. Inde intelli
219 1378 1013 1419 gitur obstinatus furor hostium Christum persequentium, qui ne san¬
228 1404 788 1454 guine quidem & morte infami satiari potuerunt
255 1429 1013 1477 Postularunt muniri sepulcrum usque in diem tertium, causa ist;
215 1472 1013 1510 adducta, ne forte venirent discipuli ejus nocte & furarentur eum, di¬
218 1508 1006 1549 cerentque populo, suscitatum esse ex mortuis, & sic fieret vltimus ex¬
221 1531 1008 1580 ror pejor priore. Divina providentia & divino instinctu ista illis sug
223 1578 1013 1614 gesta fuit cogitatio: tum ut justam peccati ultionem de ipsis sumere
232 1601 1025 1642 Dominus, tum ut suis propriis consiliis tanquam laqueis in opere
222 1644 1021 1682 manuum suarum caperentur, & constringerentur. Sic providentiae
225 1669 854 1707 Dei adversus seipsos servierunt: res meditanda summe
262 1697 1014 1746 Pilatus concessit eis uti custodia seu praesidiariis militibus, qui te¬
223 1740 1015 1783 pli custodiae designati fuerant, ut per illos munirent sepulcrum sicu¬
226 1771 1010 1812 scirent. Plus eis concessit quam petiverant: nam prorsus eorum per¬
223 1802 1012 1842 misit arbitrio, ut milites in excubiis statuerent. Factum ideo. I. U.
225 1831 1020 1873 hostes Christi magis constringerentur, ne vere possent resurrectio¬
224 1866 1013 1909 nem Christi tertio die ex mortuis factam negare: Quanquam enim
222 1899 1010 1939 sine pudore mendacium postea sparserunt & spargi curarunt, Jesum
228 1932 1007 1974 furtima discipulis suis sublatum; tamen propria conscientia & custo¬
225 1970 569 2014 dum notitia illos redarguebat,
260 1996 1011 2036 II. Ut Magistratus politici non gratificentur injustis & crudeli¬
220 2032 998 2074 libus postulatis hominum improborum adversus Christum & fide¬
234 2072 1007 2107 les ejus. Nam quum Magistratus politicus coepit in hominum im¬
228 2101 1012 2146 proborum gratiam a justitia semel deflectere, non desinunt improbis
226 2132 614 2178 opera ejus magis magisque abuti.
261 2163 1006 2211 Primarii Sacerdotes & Pharisaei, impetrata copia a Pilato, duplio
234 2201 997 2235 ratione muniverunt sepulcrum, apponendo videlicet sigillum ad o¬
225 2231 1006 2281 stium ejus, & collocando ad illud custodiam quantam volebant. I6.
222 2268 623 2302 factum singulari providentia Dei:
254 2296 1001 2335 I. Ut de resurrectione Christi minus dubitari possit: nam hoster
229 2332 1004 2366 Christi in sua astutia capti sunt & coacti postmodum inviti ab illis
225 2365 1007 2410 ipsis testibus audire, Jesum Nazarenum vere ex mortuis resurrexisse,
234 2398 631 2443 quos sepulcro apposuerant custodes
257 2422 1004 2468 II. Ut Deus illorum ipsorum opera uteretur ad illustranda glo¬
228 2455 1039 2507 riam Christi, quibus abusi sunt sacerdotes & Pharisaei ad illam obscu¬
226 2498 314 2535 randam
257 2531 1000 2576 Caeterum etsi in tertium usque diem corpus Christi in sepulcre
225 2557 1002 2610 detentum fuit: tamen corruptionem non est expertum. Causa effi¬
218 2599 563 2642 ciens incorruptionis hujus fuit
249 2622 998 2668 I. Unio personalis naturae humanae cum persona εολόγον. Pro¬
213 2661 995 2707 pterea namque caro Christi non vidit corruptionem, quia personali
213 2697 998 2730 ter τῶ λόγῳ est unita & perfectissimum in eo modum subsistendi ha¬
216 2732 1016 2772 bet. Quo autem perfectius aliquid subsistit, eo longius a corruptione.
214 2761 287 2808 abest.
249 2797 1039 2840 II. Immunitas a peccato, quod est causa corruptionis corporum
216 2829 998 2871 nostrorum. Atqui peccatum nullum proprium carni Christi inhaesit
216 2863 1012 2904 & quae antea ei ut sponsori nostro aliena peccata imputata fuerant,
217 2896 997 2939 expieta per antecedentem mortem & in profundum sepulta fuerum
255 2930 1003 2971 Causae finales sunt: I. Ut impleretur quod praedictum erat per
216 2964 1001 3003 Davidem Psal. 16. 10. Non es derelicturus animam meam sepulcro
220 2999 779 3041 neque sines ut sanctus tuus videat corruptionem.
242 3029 1013 3073 II. Ut per incorruptionem Christi nostra quoque corpora olim
213 3069 839 3114 ex mortuis resuscitata incorruptionem consequantur.
1176 165 1765 230 Sic est de detentione Christi in sepulcro:
1394 219 1529 290 sequitur
1294 310 1644 365 CAPUT XXI.
1239 365 1685 437 De descensu Christi ad inferos.
1095 444 1880 484 NSymbolo Apostolico quale jam habemus, post sepulturam
1101 477 1874 518 Christi adiicitur articulus de descensu Christi ad inferos. Eu enim
1086 505 1871 548 sic profitemur, quum dicimus de Christo; Descendit ad inferos
1068 542 1875 588 Quae verba quidem initio in Symbolis non exstiterunt: nam Gle¬
1055 578 1870 619 mens I. Episcopus Romanus in praedicationis Apostolicae expositio¬
1065 613 1870 649 ne, constitutionum Apostolicarum libro sexto cap. undecimo, ut ha¬
1059 645 1885 681 betur tomo primo Conciliorum Coloniae excusorum, procurante
1071 684 1877 716 Laurentio Surio Monacho pagina nonagesima, verba illa non ha¬
1065 713 1873 748 bet: ut nec pagina centesima trigesima nona in epistola ad Jacobum
1058 744 1876 785 fratrem Domini, in qua Symboli articulos refert: nec Ireneus libro
1068 779 1879 813 primo adversus haereses, capite secundo recitans summam fidei Apo¬
1069 812 1878 856 stolicae: nec Tertullianus ter Symbolum fidei Christianae repetens
1064 849 1885 881 nempe libro de velandis virginibus, cap. primo: item libro de Prae¬
1058 878 1873 915 scriptionibus adversus haereticos, cap. decimotertio: Item libro d
1073 913 1879 950 Trinitate adversus Praxean, cap. secundo: Nec illa habet Iustinus
1067 948 1882 986 Martyr fidei Christianae rationem reddens in Apologia pro Chri¬
1067 978 1876 1019 stianis: Nec Origenes, initio librorum ωοιαρχῳν, id est, de principiis
1065 1014 1885 1058 Nec Angustinus in libro de fide & Symbolo, item in quatuor libris
1071 1044 1884 1093 de Symbolo ad Catechumenos, cum totum Symbolum quitquies
1067 1083 1879 1122 exponat: Nec Cyrillus in epistola ad Nestorium. Ruffinus Aquile
1070 1113 1877 1150 jensis Presbyter in explicatione Symboli monet, non haberi in Sym¬
1071 1146 1886 1190 bolo Romanae Ecclesiae, nec apud Orientales, ut refert ipsemet Bel¬
1068 1180 1883 1222 larminus in Controversia de Christo, libro quarto qui est de Christi
1067 1218 1879 1254 anima, cap. sexto. Nec illa verba habet Leo I. Papa Romanus Sym¬
1079 1251 1877 1285 pbolum explicans in celeberrima illa ad Flavianum Episcopum Con¬
1077 1282 1882 1317 stantinopolitanum epistolam contra Eutychetis haeresim, quae epistola
1080 1317 1882 1351 exstat primo tomo Conciliorum pagina septingentes. triges. quinta
1077 1350 1885 1390 ut nec epistolam nonages. quinta quae est ad Leonem Augustum pagi¬
1077 1386 1883 1423 gina octingentes. decimatertia. Nec Gregorius Magnus Papa Ro¬
1074 1422 1874 1462 manus, cujus Symbolum subjectum est vitae & Epitaphio ejus tom¬
1089 1451 1874 1484 rimo operum ejus Basileae excusorum Anno quinquagesimo prime
1076 1483 1885 1521 seculi superioris, in secundo ternione, nempe B. facie secunda. Nec
1071 1518 1883 1555 Damasus Papa, cujus Symbolum recitatur tomo primo Concilio¬
1071 1551 1885 1586 rum pag. quadringentes. sexages. prima. Quin etiam verba illa non
1079 1581 1879 1617 habentur in laudatissimo illo Niceno Symbolo: nec in Symbolo Sar¬
1070 1620 1877 1651 dicensis Concilii, quod recitatur eodem tomo primo conciliorum
1074 1652 1874 1690 pag. quadringentes. viges. tertia: nec in Symbolo Concilii primi Con¬
1084 1679 1877 1719 stantinopolitani, eodem tomo pag. quadringentes. octoges. nona: nec
1077 1716 1883 1761 in Symbolo Concilii primi Toletani, eodem tomo pagina quingen¬
1073 1753 1874 1793 tes. viges. tertia: nec in Symbolo Concilii Ephesini, eodem tomo pag¬
1076 1779 1885 1819 sexcentes. quinta: Nec in Symbolo Concilii Toletani VI. tomo se¬
1071 1810 1886 1852 cundo Concil. pag. septingentes. quadrages. prima & secunda: nec in
1071 1848 1876 1883 Symbolo Concilii Toletani XI. eodem tomo pagina octingentes.
1064 1883 1884 1925 octoges. prima & secunda: nec in Symbolo Concilii Mediolanensis.
1071 1916 1886 1960 eodem tomo, pag. octingentes. nonages. nona: nec in Symbolo Aga¬
1077 1943 1875 1994 thonis Papae Romani & Romanae Synodi centum vigintiquinque
1071 1978 1882 2025 Episcoporum, eodem tomo secundo Concil. pag. nongentes. vigesa
1074 2019 1883 2059 tertia: nec in Symbolo Sophronij Episcopi Constantinopolitani, eo¬
1064 2045 1873 2087 dem tomo pag. nongentes. septuages. quinta: nec in Symbolo Con¬
1074 2079 1871 2117 cil. Francofordiae ad Moenum celebrati, tomo tertio Concil. pag. du¬
1068 2117 1877 2160 centes. quinquages. prima: nec in Symbolo Concilii VVormatiensis,
1073 2147 1877 2180 eodem tomo tertio Conciliorum, pag. quingentes. viges. prima
1065 2181 1876 2222 nec habetur in Symbolo quod refertur libro primo capitulorum
1065 2215 1868 2250 Caroli Magni & Ludovici Pij cap. octogesimo secundo: nec in Sym¬
1058 2243 1880 2290 bolo quod recitatur in Edictis Justiniani Imperatoris Codice de
1059 2283 1874 2322 Summa Trinitate I. 5. & 6. nec in Symbolo quod recitatur in Edicto
1074 2309 1875 2354 Constantini Imperatoris, tomo primo Conciliorum pag. trecentes.
1062 2345 1868 2393 decimanona & vigesima: nec in Symbolo Tharasui Episcopi Con¬
1065 2377 1868 2422 stantinopolitani, tomo tertio Concil. pagina octoges. prima: nec in
1059 2415 1877 2453 Symbolo Rabani Magnentij Mauri, quod proponit libro secundo
1068 2444 1868 2490 de institutione Clericorum, cap. quinquagesimo septimo. Sed non
1059 2478 1870 2521 addo plura Symbola in quibus particula haec de descensu Christi ad
1053 2511 1265 2555 inferos omittitur?
1095 2542 1864 2586 Nos vero libentissime eam amplectimur & secundum Scripturas
1062 2573 1878 2611 ita declaramus, quod descensus Christi ad inferos, sit voluntaria de¬
1053 2616 1880 2654 missio suiipsius ad sufferendum atque eluctandum dolores inferni,
1077 2649 1882 2686 uibus constrictos nos teneri in aeternum oportebat, nisi gratia &
1075 2686 1883 2726 potentia Christi subvenisset, Hic, inquam, descensus Christi est pro¬
1071 2722 1869 2758 ectio suiipsius in gravissimos dolores inferni qui nobis aeternum pa¬
1066 2749 1865 2788 tiendi fuissent, absque illo fuisset vindice & Servatore nostro: est de¬
1059 2781 1858 2818 mersiosui in profundissimam illam abyssum irae Dei adversus pec
1070 2820 1868 2858 cata nostra: ingressio in angustias inenarrabiles infernalesque terro¬
1060 2848 1871 2883 res & cruciatus animae, quales experiuntur damnati, & experientur
1069 2877 1289 2918 aeternum in infernoe.
1098 2908 1864 2951 Hic descensus ad inferos aequipollentibus locutionibus praedictus
1059 2942 1858 2981 fuit. Psalm. 69. 3. Demersus sum in lutum profundissimum, ubi no¬
1063 2979 1868 3019 est consistendi locus: ingressus sum in profunditates aquarum, & flu¬
1063 3018 1868 3050 ctus aquae inundavit me. Psalm. 116. vers. 3. Circumdederunt me
1067 3047 1877 3082 dolores mortis & angores inferni obvenerunt mihi; angustiam &
1063 3079 1874 3114 moerorem inveni. Psalm. 4c. 3. gratias agit David ut typus, Christus
1066 3113 1874 3153 vero ut veritas typi, quod Deus eduncrit eum e lacu tumultuoso, &
1059 3147 1877 3183 luto coenoso, & Psalm. 86. vers. 13. quod cripuerit eum ab inserno imo¬
1071 3179 1868 3218 Ergo Christus descensurus erat in insernum imum, hoc est, in vora¬
1062 3211 1705 3269 ginem profundissimai angorum animae insernalium
