2063 3432
228 189 1049 264 qua voce Actor. 2. vox Hebraea I redditur, significet semper
234 232 1018 285 infernum, nunquam sepulcrum, capite duodecimo, sectione octava.
236 268 1018 318 Inde colligit, Christi animam a corpore separatam vere & localiter
224 302 766 354 ad inferos, hoc est, locum gehennae descendisse
261 320 1022 386 RESP. Nomine animae hominis proprie intelligi partem alte¬
228 364 1022 416 tam hominis spiritualem, nemo dubitat, sed hoc in loco CFristum
227 400 1012 458 ipsum animam suam David vocat. Nam Petrus Apostolus Actor. 2
237 429 1016 484 allegans haec verba, ostendit Davidem non de se ea dicere, sed de
234 460 1025 518 Christo vers. 24 25. & apertius vers 31. Praescius loquutus est de re¬
228 498 1012 562 surrectione Christi, non derelictam esse apud inferos animam ejus
239 531 1026 581 neque carnem ejus sensisse corruptionem. Similiter Apostolus Paulus
228 562 1028 619 ait, Davidem non de se, sed de Christo loqui, ut videre est Actor. 13. v.
236 595 1025 653 35. & seqq. Ideo & alias dicit, Non sines Sanctum illum tuum sentira
239 630 1033 680 corruptionem. Nam David quidem postquam atate sua inservivit.
244 664 1025 715 Dei consilio, obdormivit, & appositus est patribus suis, sensitque corru¬
236 700 941 758 ptionem: At is quem Deus excitavit, non sensit corruptionem
266 709 1040 778 Quocirca David per animam suam hoc loco intelligit Christum
243 773 1025 814 Dominum, qui revera est anima & vita illa nostra, Coloss. 3. vers. 4.
240 805 1034 853 quia ipse vivit in nobis, sicut Paulus ait Galat. 2. vers. 20. Una cum
237 831 1034 881 Christo crucifixus sum. Vivo autem non amplius ego, sed vivit in me¬
245 875 1033 916 Christus: & vitam quam nunc vivo in carne, vivo per fidem illam
238 900 1031 948 Filij Dei, qui dilexit me, & tradidit semetipsum pro me. Ipse est
238 932 1042 995 Princeps vitae, quem Judaei interemerunt, ut legitur Acto. cap. tertio¬
236 976 323 1018 vers. 15.
265 988 1037 1040 Deinde infernum, hoc loco significare locum cruciandis reprobis
235 1038 1031 1079 destigatum, negatur. Probatio est falsa, nempe vocem ἀδης semper
231 1065 1034 1113 significare infernum, nunquam sapulcrum. Nam vox Graeca δuς
234 1102 1028 1156 respondet Hebraeae yJN& Scheoi, & a Graeco interprete sic verti
238 1143 1030 1188 tur pluribus locis, in quibus nequaquam locus tormentorum sempi¬
240 1180 1033 1223 ternorum intelligendus, sed sepulcrum: ut 1. Reg. 2. ver. 6. ait Davie¬
238 1215 1046 1255 Salomoni de Jacob. κια καταgεις τυν πολιαν ἀυτοεν ειεηνη εἰς αδς id est
250 1255 1034 1295 non deduces canitiem ejus pacifice ad inferos, ut Vulgata Latina ha¬
250 1287 1043 1317 bet, vers. 9. de Semejo, ιι μαlαgεις τοθ πολιαν ἀυτο εν αjματι εις αδς,
242 1314 1030 1356 hoc est, & deduces canos ejus cum sanguine ad inferos, juxta Vulga¬
240 1345 1045 1386 tam Latinam: Quis dixerit aut concesserit, Davidem hic locum,
238 1383 1037 1419 tormentorum aeternorum intellexisse? quae res nec Regem pium de¬
249 1420 1049 1453 cet, nec politicae & judiciariae Magistratuum cognitionis est. Item
249 1449 1036 1492 Job. 14. vers. 13. ait Jobus: cι γαρ ὄφιλον ἐν δδη με εφυλαςας, iκρθψας δ
252 1486 1050 1522 με εκσαν ωαυσηταί σκν οργη, hoc est, O utinam in inferno me custo¬
246 1512 1049 1553 dias: vel ut Vulgata habet: Quis mihi hoc tribuat, ut in inferno pro¬
259 1546 1042 1587 tegus me, & abscondas me donec pertranseat furor tuus? Quis dixerit:
262 1579 1043 1616 aut concesserit, hic per αδυν seu infernum intellexisseJobum locum damna.
255 1615 1039 1651 tis in aeternum cruciandis destinatum? hoc n furentis fuisset, ac non vit¬
255 1644 1051 1685 religiosi piique optatum. Et c. 17. 13. ait: ἑαν χαρ ὑομεινω, αδης μα ο σικος,
258 1677 1046 1717 ενδε γνοφῳ εστρωιαιμιη σρωμον, hoc est, Si sustinuero, infernus don mea
259 1713 1044 1754 est, & tenebris stratus est lectulus meus: Et vers. ult. ἡ μP ἐκ φ εἰς ἀδυι
271 1754 1040 1790 ατα ητοντο id est, an mecum in infernum descendent? Vulgata ha¬
264 1777 1037 1816 bet: In profundissimum infernum descendent omnia mea: Absit, ut hae¬
263 1812 1046 1850 duo loca aliter quam de sepulcro interpretemur. Similiter Psalm. 6.
257 1843 1046 1882 vers. 5. ὅτι σσκ εστιν ἐν τῶ θυνάτῳ ο μνημονουων σε, εν δε τῶ δοη τίς ἔζομο¬
255 1878 1045 1914 λογκ λπαισοι; Quoniam non est in morte qui memor sit tui: in inferno
263 1910 1043 1947 autem quis confitebitur tibi? Et Jesa. 38. vers. 18. 8 7α9 oί ἐν ἀι α ἀἰνὸ¬
251 1944 1033 1980 συσί σε, κδι oι λσκθαγοθες δυ λογήσυθί σε, hoc est, non enim qui in infer¬
258 1981 1040 2026 no sunt laudabunt te, neque mortui benedicent tibi. Eodem cap. 38.
258 2011 1024 2046 vers. 10. ait de se Ezechias rex pius: ἔιω ει πα εν τῶ υψει τῶν ημερῶν μ
262 2049 1043 2083 πορδισομαι ἐν ωυλαις ἀὼς. Psalm. 140. vers. 9. δεσκορσισθη τα ήσα
258 2073 1046 2115 ημῶν παργ τον ἀολν: Dissipata sunt ossa nostro secus infernum. Quid
258 2113 1040 2149 pluribus opus est? Haec loca sufficienter docent, quod vox Hebraea
258 2148 1034 2185 γολον, & Graeca &δns, & Latina infernus non semper in sacris lite
259 2172 1038 2216 tis significet locum damnatorum, sed saepe sepulcrum. Similiter
246 2205 1039 2243 accipitur Actor. 2. v. 27. & 31. pro sepulero. Non potest igitur ex hoc
260 2245 1039 2289 loco colligi, animam Christi a corpore per mortem separatam, in lo¬
256 2269 606 2312 cum damnatorum descendisse.
289 2303 1035 2356 Replicat Bellarminus eodem capite duodecimo citati libri sect?
252 2333 1031 2388 decimatertia: Animam opponi carni a Petro in hujus loci citatione
253 2371 1040 2425 Actor. 2. vers. 31. Proinde animam hic proprie accipi pro altera parte
252 2407 1045 2447 bumana naturae Christi. Ergo si caro fuit in sepulcro, tum animam
241 2446 1039 2490 necesse est fuisse in inferno, hoc est, in loco damnatis destinato &
244 2470 326 2512 limbo¬
281 2498 1085 2560 RESPOND. Nego antecedens: Nam anima hoc loco non oppo¬
258 2533 1040 2587 nitur carni. Quorum enim alterum est explicatio alterius, ea non
251 2570 1037 2618 sunt opposita: Atqui posteriore membro hujus versus explicat Da¬
253 2609 1047 2659 vid prius membrum, ut ostendat se per animam suam intelligere
249 2643 1035 2689 Sanctum illum qui dat mundo vitam: & non derelinquere inferno.
244 2671 1034 2728 idem esse quod non sinere carnem ejus videre corruptionem, ac pro¬
246 2705 1039 2758 inde ex mortuis excitare. Petrus autem, haec verba allegaus vers. 31.
253 2740 1045 2785 interpretem simul agit, & quum Synecdochice in Psalmo dicatur,
252 2776 1042 2819 non fines Sanctum illum tuum videre corruptionem, proprie id se¬
245 2810 705 2845 cundum carnem intelligendum docet.
286 2839 1037 2896 Quapropter interpretatione Bellarminiana rejecta, Petri & Pau¬
241 2863 626 2912 li interpretationem retineamus.
286 2907 1040 2961 Quintus locus est Roman. 10. 7. Ne dicas in corde tuo; Quis de¬
252 2929 1034 2994 scendet in abyssum, id est, Christum a mortuis revocare? Ergo Chri¬
247 2974 1041 3025 stus post mortem fuit in abysso. Non potest autem, ait Bellarminus
246 3015 1044 3060 nemine abyssi intelligi status damnatorum, nam in illo secundum
253 3036 1049 3091 alvinum fuit Christus adhuc vivens, hic autem agitur de loco ubi
249 3074 1045 3120 erat solum quumaesset mortuus. Neque potest intelligi sepulcrum:
248 3103 1040 3160 Nam abyssus profundissimam voraginem significat, qualis non est se¬
249 3139 1035 3190 pulcrum, P Praeterea facile erat in sepulcrum descendere, at hic poni¬
246 3178 1068 3226 tur tanquam res homini viventi impossibilis; descendere in abyssum.
242 3205 1042 3258 Denique eppenitur hosc loco abyssus coelo, tanquam terrae superficies
1075 165 1892 224 sit media inter abyssum & coelum: nam praecedit: Quis adscender in
1084 221 1886 254 coelum, id est, Christum deducere: Et continuo sequitur per antithe¬
1074 246 1882 295 sim: Quis descendet in abyssum, id est, Christum a mortuis revoca¬
1072 285 1894 325 re? Fuit igitur Christus post mortem & ante resurrectionem in
1072 324 1883 362 abysso, quae longissime abest a coelo, id est, in profundissimis terrae par¬
1078 350 1145 389 tibus.
1111 375 1898 423 RESPOND. Ex figurato antecedente & dicto secundum quid,
1084 420 1898 460 male infertur consequens proprium & dictum simpliciter. Abyssus
1081 456 1885 490 enim hic figurate appellatur mare, ut videre est Deuter. 30. vers. 13
1083 487 1901 523 Sententia autem Apostoli Pauli, a qua Bellarminus prorsus aberrat.
1090 513 1885 555 naec est. Ut nobis acquiescendum est in revelatione arcanorum salus
1087 547 1892 591 tis facta per Christum: Qui enim ulterius scrutari cupit, quae ad fi¬
1091 579 1896 626 dem, justitiam, salutemque electorum pertinent, is non secus facit?
1096 614 1896 665 quam si Christum juberet iterum de coelo descendere; aut a mortuit.
1091 647 1901 694 remeare: Ita nobis acquiescendum est in justitia a Christo praestitat.
1093 693 1904 724 qui enim adhuc perplexo est animo & quaerit quis in coelum adscen¬
1092 717 1907 762 dere poterit vel nos ex inferis eruere, is perinde facit ac si Christum
1089 748 1898 789 ex alto deducere, vel ex mortuis reducere vellet, id est, non credi¬
1096 787 1901 825 Christum jam descendisse de coelo & hominem factum propter nos
1090 813 1904 859 homines & propter nostram salutem; non credit, Christum jam
1087 849 1897 892 mortuum pro nobis esse & Legi satisfecisse pro nobis; & ex mortui.
1097 882 1910 926 resurrexisse. Atqui verbum fidei, id est, Evangelium docet, omnia
1095 917 1898 961 haec jam facta esse & per Christum impleta, ut de justitia nostra & sa¬
1095 956 1564 994 lute aeterna minime debeamus dubitare
1126 981 1910 1026 Replicat Bellarminus: nomine abyssi non intelligitur status da¬
1087 1021 1906 1066 mnatorum, nec sepulcrum: ergo infernus qui longissime abest a coelo.
1089 1056 1537 1096 id est, in profundissimis terrae partibus.
1122 1083 1901 1123 RESP. Neque nos nomine abyssi statum damnatorum vel se
1111 1118 1904 1156 ulcrum hoc loco intelligimus: Neque etiam infernus, ut Bellarmi¬
1093 1156 1910 1193 nus vult, intelligi potest, quia Apostoli ea mens non est, & Mosis au¬
1099 1184 1904 1224 toritas refragatur. Apostoli enim sententia est, post adventum Chri¬
1099 1221 1901 1261 sti in carne & peractum redemtionis nostrae opus, non licere dicere
1099 1251 1916 1291 & cogitate apud se, quis Legem sit impleturus, quum a Christo esse
1104 1284 1912 1326 impletam doceat Evangelium, idque eorum loco, qui vera fide Chri¬
1102 1324 1919 1361 stum amplectentur. Deinde non opponit Paulus coelum abysso, ut
1104 1350 1905 1397 summum insimo, sed forma loquendi a Mose sumta vult, non esse cu¬
1108 1383 1913 1429 altitudinem ipsam coeli, aut extimas terras longe lateque transuavi¬
1108 1417 1911 1470 gato Oceano petamus, haec nihil ad rem pertinere nec juvare posset
1102 1464 1919 1506 sed in Christo acquiescendum, in quo est justitia quam coram Deo con¬
1139 1518 1909 1565 Sextus locus est Ephes. 4. vers. 9. Qui adscendit ipse est & qui de¬
1116 1552 1921 1595 cendit in inferiores partes terrae. Ergo Christus substantia animae sus
1111 1588 1898 1627 descendit in verum infernum qui est in inferioribus partibus terrae;
1131 1618 1915 1658 RESP. Ex male intellecto loco vitiosum ducitur consequens.
1108 1652 1916 1690 Nam Christus descendit in inferiores partes terrae, non loci muta¬
1102 1686 1916 1729 tione, sed carnis assumtione & patefactione sui in ea; descendit, nimi¬
1114 1730 1919 1764 rum in sua incarnatione in insimas partes terrae, id est, in partes hu¬
1113 1751 1919 1794 us terrae, quae sunt inferipres respectu superiorum partium mundi,
1110 1786 1903 1826 id est, coelorum, ut satis ostendit Lyranus, alia expositione veluti reje¬
1102 1821 1907 1860 cta ob ejus infirmitatem. Non enim inferior pars terrae opponitus
1104 1853 1909 1890 superiori parti terrae; vel non opponuntur partes terrae inter se: sec
1104 1888 1917 1925 terra ὕψεs, sublimi, excelso, alto, id est, insima haec sedes nostra coelo¬
1104 1921 1922 1956 vel etiam partibus coeli superioribus. Non aliter quam nos, locum
1108 1959 1913 1994 munc Pauli interpretatur Leo I. Papa Romanus in celeberrima illa
1105 1989 1903 2026 ad Flavianum epistola his verbis: Ingreditur haec mundi insima Fi¬
1102 2021 1902 2059 lius Dei, de coelesti sede descendens & a paterna gloria non recedens.
1105 2054 1916 2090 novo ordine, nova nativitate generatus. Haec Leonis magni inter¬
1111 2087 1919 2123 pretatio catholica merito anteferenda corruptelae Jesuiticae. Replicat,
1095 2123 1914 2158 Bellarminus, inferiorem partem terrae non significare totam terram.
1092 2160 1580 2201 sed unam partem, eamque aliis inferiorem.
1128 2183 1912 2227 RESP. Paulus Apostol. comparat inter se non partes terrae, sed
1101 2219 1904 2258 mundi, quarum aliae sunt superiores, aliae inferiores: Superiores par¬
1096 2254 1910 2290 tes sunt coeli, inferiores partes sunt terrae: coeli igitur & terrae hic est
1105 2288 1913 2321 compatatio. Hoc perspicuum est ex contextu Pauli: Illud Ascen¬
1105 2319 1913 2354 dit, quid est nisi quod etiam descenderat prius (seu primum) in infe¬
1105 2355 1919 2386 riores seu insimas partes terrae? Nam quum dixisset, Christum descen¬
1096 2384 1907 2422 disse in sublime, captivam duxisse captivitatem & dedisse dona homi¬
1095 2425 1916 2460 nibus, hoc ipsum confirmat eo, quia idem etiam prius descenderat de
1097 2455 1914 2498 coelo in haec infima mundi. Nullus enim adscendit in coelum, nisi qui
1095 2490 1917 2522 descendit e coelo, nempe Filius hominis qui est in coelo, ut Dominus
1107 2524 1912 2566 ipse ait Johan. 3. vers. 13. Idem igitur adscendit, qui prius descenderat
1111 2563 1914 2593 non e corpore seu cruce in imum infernum, SEP E CAELO in ter¬
1102 2586 1916 2625 ram. Simililis oppositio est Jes. 44. 23. Cantate coeli, facere Iehovam
1102 2618 1912 2657 haec, clangite ima terrae. Vulgata Latina habet, extrema terrae, sed ex
1105 2654 1915 2698 Hebraeo sonat, ima seu, profundissima terrae, ut Vatablus red¬
1106 2687 1155 2730 didit
1135 2709 1922 2762 Instat, pro se facere quod sequitur, ut impleret omnia: voluisse
1100 2763 1917 2796 enimChristum descendere usque ad verum infernum, sicut descendes
1105 2790 1913 2821 rat in terras, ut praesens visitaret omnes partes regni sui, quod tripar¬
1105 2829 1916 2863 titum est, juxta illud Philipp. 2. 10. Ut in nomine Jesu omne genu¬
1105 2852 1919 2896 flectatur coelestium, terrestrium & infernorum. Ubi Graece est κατα¬
1094 2895 1906 2934 χδενιον id est, subterraneorum, qua voce non possunt intelligi cadave
1101 2925 1909 2960 ra, quae sunt in sepuleris: illa enim etsi subterranca sunt, tamen non
1095 2959 1915 2997 possunt in nomine Iesu genua flectere, hoc est, honorem illi praestare.
1096 2996 1919 3034 Sunt ergo in locis subterruneis aliqui spiritus, qui Christo reveren¬
1110 3020 1920 3057 tiam exhibere debent & ad eum locum Christus descendit, ut se to¬
1101 3052 1612 3091 tius mundi Regem ac Dominum declavet.
1126 3085 1907 3124 RESP. Primo nequaquam pro Papistis faciunt verba Pauli se
1104 3120 1916 3156 quentia: nam illud, ut impleret omnia, idem est, quod ut cumularet
1101 3153 1909 3196 donis suis universam Ecclesiam, e quibus donis sunt Apostolis
1105 3185 1919 3223 Prophetae, Evangelistae, Pastores & Doctores: qua de re supra se¬
1108 3217 1916 3258 undo libro capiduodecimo fol. 148. Quid hoc ad loca subterranca.
