2063 3437
215 178 1002 246 40, 41, 42. Nos sumus testes omnium quae & in regione Iudaeorum &
214 219 1011 274 Hierosolymis fecit, quem interemerunt suspensum in ligno. Hunc au¬
213 252 1008 309 tem Deus suscitavit tertio die, fecitque ut conspicuus fieret: Non toti
206 288 1014 350 populo, sed testibus quos ipse prius designaverat, nimirum nobis, qui¬
206 322 996 367 comedimus ac bibimus una cum eo, posteaquam resurrexit a mor
215 351 1001 407 tuis. Praecepit autem nobis ut praedicemus populo, & cum testificatio
216 386 1014 442 ne denunciemus eum esse qui definitus sit a Deo judex vivorum ac¬
207 432 538 475 mortuorum. Johan. 14. v. 14.
245 445 1013 507 Id factum ideo: I. Ut intelligeremus, regnum Christi non esse ex¬
214 497 542 539 hoc mundo, Johan. 18. v. 36.
239 519 997 573 II. Ut sciremus, regnum Christi non pendere ex humano patro.
212 565 269 611 cinio.
250 581 999 637 III. Ut declararetur, regnum gratiae Dei non venire cum pompa
214 617 1007 671 non cum observatione externa, non objici oculis corporis, sed men¬
205 649 1010 703 tis & fidei. Quo pertinent haec dicta, Luc. 17. v. 20, 21. Interrogatus
212 683 1001 739 a Pharisaeis quanao venturum esset regnum Dei, respondit eis, & di¬
210 720 1007 765 xit, Non veniet regnum Dei, ita ut observari possit: Neque dicent, Ecco¬
210 748 1009 803 hic, aut ecce illic, ecce enim, regnum Dei intus habetis, Johan. 20. vers.
207 788 738 847 29. Beati qui non viderunt, & crediderunt.
248 805 1008 872 IV. Ut summi Pontifices, Sacerdotes & primores populi aliique
216 851 1001 899 contemtores Christi & misericordiae Dei, inciperent in eo ipso judi
211 885 1014 934 cium Dei experiri. Non enim digni erant, quibus Christus post re¬
213 924 1019 969 surrectionem appareret, qui eum docentem antea audire noluerant
208 952 1016 995 & solenniter coram Pilato repudiaverant. Hoc ipsum praedixerat
210 992 1019 1036 ipsis Dominus Matth. 23. vers. 39. Dico enim vobis, nequaquam me¬
216 1017 1010 1067 videbitis ab hoc tempore, usquedum dicatis, Benedictus qui venit in
219 1053 1003 1099 nomine Domini. His enim verbis, comminatur irapiis Judaeis resu
222 1092 1019 1131 piscere nolentibus, perpetuam subtractionem gratiosae suae praesen¬
220 1122 1015 1170 tiae, ab hoc tempore, quo ipsius benignitatem aspernantes etiam in
222 1147 1043 1199 crucem eum egerunt. Negat igitur se deinceps amplius ab ipsis vi¬
214 1187 1011 1235 sum iri, donec eum viderint sedentem ad dextram potentiae Dei & ve¬
222 1218 1013 1266 nientem in nubibus coeli, ut praedixit Matth. 26. v. 64. ac ipsi serio, li¬
220 1250 1017 1298 cet sero tandem agnoscant, ipsum esse vere Filium illum Dei, ac imi¬
213 1291 1016 1331 tantes electos, ipsi in majestate sua adventanti gratulentur ac dicant
223 1319 1015 1368 Benedictus qui venit in nomine Domini: sed nullo suo cum conmodo¬
226 1351 1013 1406 quum ipsum agnoscere & suscipere nolucrint hoc tam gratioso tem¬
231 1395 422 1435 pore visitationis.
259 1421 996 1475 Haec de apparitionibus Christi post resurrectionem ipsius
477 1462 759 1518 ex mortuis: sequitur
456 1543 821 1598 CAPUT XXV.
350 1589 919 1655 In quo de Adscensione Christi in coelum.
316 1642 1031 1697 DSCENSIO Christi in coelum non intelligitur hic figurate,
319 1690 1025 1727 ut quum Deo tribuitur κατ ἀνθρωποπαθειαν, sicut Genes. 17.
316 1727 1018 1761 v. 22. ubi dicitur, Adscendit Deus a facie Abrahami; nec mu¬
232 1750 1022 1794 tationem duntaxat conditionis terrenae in coelestem, nec disparitio¬
235 1784 1020 1826 nem significat: sed proprie usurpatur pro mutatione loci, & vera pro¬
240 1819 1025 1858 priaque profectione e terra in coelum, tanquam e loco inferiore in
225 1849 587 1905 superiorem: & sic describitur:
289 1885 1028 1921 ADSCENSIO Christi in coelum, est tertius gradus exaltationis:
233 1918 1024 1955 Christi, dum corpore suo discedens a nobis visibiliter e terra elevatus
232 1951 1012 1990 & sursum receptus est in coelum, Marc. 16. v. 19. Dominus igitur post.
243 1990 1013 2027 quam loquutus fuisset eis, sursum receptus est in coelum, Actor. 1. v. 9.
238 2020 1018 2059 Et quum haec dixisset, adspicientibus ipsis elevatus est: & nubes sus¬
232 2057 1022 2090 ceptum eum abstulit ab oculis eorum. Joh. 14. v. 2. Nominatur etiam
237 2087 755 2126 abitus Christi ex hoc mundo. Johan. 16. v. 5, 7.
273 2114 1012 2154 Praedicta fuit Psal. 68. v. 19. Adscendens in sublime; captivam fe¬
237 2149 1009 2185 cisti captivorum multitudinem, accipiens dedisti dona hominibus; et¬
240 2184 1018 2221 iam rebelles habitando captivos facis, Iah Deus. Dan. 7. v. 13. Vide¬
231 2216 1015 2256 bam visionibus nocturnis, quod ecce cum nubibus coeli similis filio hoc
237 2249 1012 2283 minis veniebat: deinde usque ad Antiquum dierum pervenit, ut siste
233 2283 1012 2316 retur ante eum. Et per typum Summi Sacerdotis cum sanguine i1
228 2314 1013 2355 Sanctum sanctorum ingredientis quotannis semel, Hebr. 9. v. 7. &
234 2345 1025 2386 sequentibus. Ezech. 44. v. 2, 3. Et dixit mihi Iehova, porta haec clausa¬
228 2388 1028 2422 esto, non aperitor, & quisquam non ingreditor; quia Iehova Deus
235 2417 1025 2456 Israeli: ingressus est ea: erit igitur clausa. Pro Principe est. Ut enim
239 2455 1011 2491 in terreno tabernaculo seu templo Sanctum Sanctorum seu interius
231 2482 1024 2519 sanctuarium & tabernaculum, quod erat typus veri & coelestis taber¬
237 2516 1009 2555 naculi, omnibus erat clausum, nec cuiquam etiam Sacerdotum
240 2546 1021 2586 Levitarum licebat in illud ingredi, nisi Summo Sacerdoti, idque non
241 2576 1015 2617 sine sanguine: ita coelum, quod est sublimis & augustissima sedes ma¬
234 2609 1024 2650 jestatis Jehovae Dei Israelis, omnibus hominibus fuit clausum, nec
228 2650 1015 2684 potuit sua virtute & efficaciaquisquam ingredi, nisi Summus noste¬
226 2683 1019 2724 Sacerdos CHRISTUS JESUS, qui illud nobis quoque aperuit, ut dici¬
228 2711 1010 2760 tur Hebr. 6. v. 20. Quo praecursor pro nobis ingressus est Iesus. Ide
231 2744 1025 2793 dicitur porta illa esse pro Principe, hoc est, quam Princeps aperiat,
240 2775 553 2821 qua Princeps ingressurus est
257 2807 1042 2850 Causa efficiens princeps adscensionis Christi in coelum fuit omni¬
238 2843 1019 2887 potens virtus Dei Patris, Filij & Spiritus Sancti. De Patre dicitur
225 2887 1022 2928 Act. 2. v. 33. Dextera, id est, potentia & virtute Dei evectus. Et cap. 5.
228 2914 1021 2953 v. 30, 31. Deus Patrum nostrorum suscitavit Iesum, quem vos inter¬
235 2943 1019 2987 fecistis suspensum in ligno. Hunc, inquam, Deus dextera sua evectum
232 2983 1011 3024 constituit Principem ac Servatorem, ut det resipiscentiam Israeli &
225 3016 1017 3061 remissionem peccatorum. De Filio dicitur, Joh. 3. v. 13. Nemo adscen¬
226 3045 1016 3092 dit in coelum, nisi qui descendit e coelo, Filius hominis qui est in coelo.
219 3077 1009 3121 Joh. 16. v. 5. Nunc autem abeo adeum qui misit me. Et v. 7. Ego veri¬
229 3111 1016 3157 tatem dico vobis, confert vobis ut ego abeam; Nisi enim abiero; Ad¬
222 3150 1006 3190 vocatus ille non venietad vos: sin autem profectus fuero, mittam eum
219 3181 1013 3221 ad vos. Et cap. 20. v. 17. Adscendo ad Patrem meum, & Patrem ve¬
222 3211 1013 3258 strum, & Deum meum & Deum vestrum. Ephes. 4. v. 10. Qui de¬
1060 163 1874 220 scenderat, ipse est qui etiam adscendit. Ista enim de Christo sic enum
1063 208 1864 257 ciantur, ut significetur, ipsum propria sua virtute in coelum profe
1072 242 1883 286 ctum. Nam ipse profecto corpus suum levavit in coelum. Unde Au¬
1074 274 1879 323 gustinus tertio tomo, libro de Agone Christiano, capite vigesimo¬
1074 311 1873 357 quinto ait: Nec eos audiamus, qui negant ipsum corpus suum levasse
1063 343 1883 383 in coelum Dominum nostrum. Et mox: Corpus non adscendit in coe¬
1060 381 1873 419 lum (nimirum proprie loquendo, nec enim ipsum fuit causa efficien
1068 408 1881 449 princeps adscensionis) Dominus enim adscendit, corpus autem non
1060 446 1877 488 adscendit, sed levatum est in coelum illo levante qui adscendit. Quuo
1056 476 1883 517 vero Hilarius lib. decimo de Trinitate, pagina ducentesima decima¬
1071 519 1885 558 quarta ait; Corpus Christi adscendisse in coelum; figurate abstractum
1069 544 1874 589 pro concreto usurpatur. Spiritum Sanctum etiam esse causam effi,
1066 587 1886 618 cientem principem adscensionis Christi in coelum, minime dubitan¬
1060 608 1816 651 dum, quum externa opera Sacrosanctae Trinitatis sunt indivisa
1099 644 1889 682 Nec tamen opus istud essentiale, sed personale est: quia in persona.
1065 677 1322 718 Filij Dei terminatum
1116 709 1877 756 Causa efficiens propter quam est sufficientissima satisfactio, justi¬
1067 741 1874 784 tiae Dei nostro nomine a Christo praestita, sicut dicitur Hebr. 9. v. 12
1072 784 1883 817 Per proprium sanguinem ingressus est semel in sacrarium, aeternam.
1071 816 1883 858 redemtionem nactus. Nam sicut resurrexit, ita etiam adscendit: quia
1077 850 1886 883 ustitiae Dei plene & abunde pro nobis satisfecerat. Etenim si vel uni¬
1068 885 1892 920 cum peccatum electorum inexpiatum mansisset, Christus in morte
1065 917 1882 957 mansisset nec in coelum adscendere potuisset. Nunc autem quia ple¬
1075 948 1883 994 ne satisfecit, non tantum ex mortuis resurrexit, sed etiam e terra in
1069 981 1268 1024 coelum adscendit.
1099 1014 1876 1057 Causa administra fuit nubes, quae illum a discipulis abeuntem ex
1067 1047 1895 1085 cepit, & instar vehiculi subvexit, & subvectum ab oculis discipulorum
1074 1083 1885 1120 abstulit, ut legitur Actor. 1. v. 9. Et quum haec dixisset, adspicientibus
1074 1114 1886 1154 ipsis elevatus est: & nubes susceptum eum abstulit ab oculis eorum.
1077 1146 1880 1193 Factum ideo: I. Ut testaretur se illum esse de quo dicitur Psal. 104.
1074 1185 1692 1221 v. 3. Qui disponit densas nubes in vehiculum suum.
1130 1212 1885 1255 II. Ut in se ostenderet, quid de nobis futurum esset in extremo¬
1077 1246 1883 1291 die, 1. Thes. 4. v. 17. Rapiemur in nubes in occursum Domini in aera
1105 1284 1889 1323 Forma seu modus adscensionis Christi sic describitur Luc. 24. v. 51.
1074 1311 1888 1352 Factum est ut dum ipse benediceret discipulis suis, disiunctus ab eis
1087 1350 1889 1396 sursum ferretur & in coelum. Et Actor. 1. v. 9. Adspicientibus ipsit
1077 1389 1898 1428 elevatus est. Adscendit igitur Christus virtute quidem secundum
1084 1416 1895 1452 Deitatem coelum potenter aperiendo: at vera loci mutatione secun¬
1084 1448 1886 1486 dum humanam naturam, spectantibus discipulis quomodo visibili
1076 1482 1888 1521 ter e terra ubi secundum illam erat, sursum in coelum, ubi secundum.
1084 1519 1892 1552 illam nondum erat, proficisceretur: ita ut secundum eam non man¬
1087 1550 1883 1591 serit in terra, nec disparuerit & invisibilis in ipsa factus sit, sed visibi
1077 1583 1891 1619 liter adscenderit & localiter, visibilis etiam & localis homo manserit.
1089 1616 1885 1654 Hoc idem testantur sancti Angeli, qui quum discipuli essent inten¬
1089 1653 1886 1691 tis in coelum oculis, eo proficiscente, dixerunt: Viri Galilei, quid sta¬
1092 1685 1899 1721 tis intuentes in coelum? Hic Iesus qui sursum receptus est a vobis in
1096 1720 1883 1761 coelum, ita veniet quemadmodum spectastis eum proficiscentem in coe¬
1092 1750 1892 1783 lum, Actor. 1. vers. 10,11. Unde Fulgentius ad Trasimundum Re¬
1087 1781 1889 1824 gem: Quomodo adscendit in coelum? nisi quia verus & localis est
1114 1835 1897 1892 FINES adscensionis Christi sunt: I. Ut ostenderet, se revera esse
1081 1883 1894 1922 Filium illum Dei, qui e coelo prius descenderit propter nos & propter¬
1078 1917 1895 1952 nostram salutem, Eph. 4. v. 9, 10. Illud Adscendit, quid est nisi quod
1090 1950 1886 1994 tiam descenderat prius in infimas partes terrae? Qui descenderat, ipso
1078 1984 1895 2019 est qui etiam adscendit longe supra omnes coelos, Johan. 3. v. 13. Nemo
1074 2024 1887 2060 enim adscendit in coelum, nisi qui descendit e coelo, Filius hominis qui
1081 2049 1892 2088 est in coelo. Unde colligitur, ipsum esse verum natura Deum, qui cor¬
1087 2084 1889 2125 bus suum levavit in coelum: & verum natura hominem, quia locali¬
1071 2124 1889 2161 ter & visibiliter adscendit in coelum. Sic facit adscensio Christi ad co¬
1079 2148 1472 2196 gnitionem veram personae ipsius,
1131 2181 1886 2221 II. Ut ostenderet se esse verum & summum illum Pontificem
1080 2217 1883 2258 nostrum apud Deum, Heb. 6. v. 20. Quae praecursor pro nobis ingres
1081 2250 1892 2289 sus est Iesus, factus secundum ordinem Melchisedech? ontifex in aeter¬
1080 2285 1884 2320 num. Et cap. 7. v. 26. Talis nos decebat Pontifex, sanctus, ab omni ma¬
1070 2316 1892 2354 lo alienus, sine labe, separatus a peccatoribus, & sublimior coelis fa¬
1080 2350 1889 2387 ctus. Et cap. 6. v. 4. Nam si esset in terra, ne Sacerdos quidem esset. Sic¬
1074 2388 1667 2429 ad cognitionem officij Christi adscensio ejus facit:
1113 2418 1886 2453 III. Ut nobis coelum reseraret, & viam sanctorum, quam pecca¬
1073 2450 1886 2486 tum clauserat, patefaceret, Hebr. 10. vers. 19, 20. Quum igitur, fra¬
1074 2488 1886 2518 tres, habeamus libertatem ingrediendi Sacrarium per sanguinem
1071 2517 1883 2555 Iesu, Ea via quam dedicavit nobis recentem & vivam, per velum
1072 2549 1892 2586 hoc est, per carnem suam, Ephes. 2. v. 6. Unaque suscitavit, unaque collo¬
1081 2586 1889 2634 cavit in coelis in Christo Iesu. Sic impletum est vaticinium Ezech.
1076 2622 1212 2661 44. v. 1, 2, 3.
1104 2654 1880 2691 IV. Ut in coelo apud Patrem pro nobis intercederet, Hebr. 9. v.
1081 2683 1882 2724 24. Non in manu factum sacrarium ingressus est Christus, quod sit
1077 2720 1883 2755 exemplar vero sacrario respondens: sed in ipsum coelum, ut comparea¬
1075 2753 1890 2794 nunc faciei Dei pro nobis, Johan. 2. v. 1. Quod si quis peccarit, advoca¬
1077 2786 1891 2820 tum apud Patrem habemus, Iesum Christum justum, Rom. 8. v. 34.
1077 2816 1891 2856 Quis est qui condemnet? Christus is est qui mortuus est, imo vero qui¬
1077 2854 1883 2884 etiam suscitatus est: qui etiam est ad dexteram Dei: qui etiam inter¬
1080 2884 1888 2917 pellai pro nobis. Id significatum fuit typo Summi Sacerdotis Exod.
1081 2916 1874 2956 28. vers. 9, 12, 21. Hinc Irenaeus: Adscendit in coelum, ut offerret &
1077 2952 1889 2994 commendaret Deo Patri hominem, quem redemit & recapitulavit,
1087 2994 1889 3030 primitias resurrectionis nostrae in semetipso faciens, ut quemadmo¬
1074 3021 1879 3058 dum caput resurrexit a mortuis, sic reliquum corpus omnis homini¬
1072 3053 1883 3094 resurgat. Et Cyrillus lib. 10. cap. 38. in Johannem: Quum ipse sit pri¬
1065 3093 1883 3123 mitiae generis nostri, quado in coelum adscendit, coram Patre nos con¬
1080 3116 1882 3150 stituit. Quasi ergo deficere seu deesse adhuc Oeconomiae videbatur, ut
1064 3152 1871 3188 in ipsos etiam coelos adscenderemus in Christo. Quum enim omnia il
1078 3184 1883 3219 terris, ut ab homine facienda, perfecisset, restabat jam, ut ad Patre ad¬
1069 3216 1883 3266 scenderet. Ideo ait, Expedit vobis, ut ego vadam. Et Augu. contr, epist.
