2063 3469
202 165 1011 223 Parmen. libro secundo, cap. septimo: Is enim soli Christo eundem
204 213 1009 253 typum accommodans, Tunc Sacerdos, (inquit,) solus intrabat in san¬
196 244 1000 286 cta sanctorum, populus autem stabat foris: sicut nunc CHRISTV
202 277 1014 323 post resurrectionem suam intravit in secreta caelorum ut ad dexte¬
202 315 1008 360 ram Patris interpellet pro nobis, populus autem, cuius ille sacerdos est
208 346 1017 394 adhuc foris gemit. Ac diligenter notanda est citcumstantia temporis,
208 372 1009 420 dum Christus Johan. 16. v. 26. discipulos ad suam intercessionem ju¬
207 407 1003 453 bet confugere, postquam in caelum adscenderit, In illa hora, inquit
214 445 1000 490 petetis in nomine meo. Certum quidem est ab initio non fuisse ex
205 483 1013 523 auditos quicunque precati sunt, nisi Mediatoris gratia. Hac ratione
199 509 1010 562 instituerat in Lege Deus, ut solus sacerdos sanctuarium ingrediens
213 547 1019 596 gestaret in humeris nomina tribuum Israel, & totidem ante pectus
211 584 1007 621 sapides pretiosos: populus autem procul staret in atrio, atque ind
209 619 1007 654 vota sua conjungeret cum sacerdote. Quin etiam huc valebat sacri¬
204 644 1010 692 ficium, ut ratae essent ac firmae preces. Ergo illa umbratilis Legis ce¬
205 682 1007 720 remonia docuit arceri nos omnes a facie Dei, ideoque mediatora
204 715 1015 761 opus esse, qui nomine nostro appareat, nosque gestet in humeris, &
202 753 1005 794 pectori alligatos teneat, ut in ejus persona exaudiamur: deinde sam
210 784 1010 826 guinis aspersione preces mundari, quas alioqui, nunquam sordibus
211 812 485 851 vacuas esse dictum est.
236 837 1004 890 V. Ut carnem nostram in caelum subvehens, nos eo tanquam cer¬
209 885 1010 930 to pignore confirmaret, fore ut ipse qui Caput nostrum est, nos quo
208 922 1004 957 que sua membra ad se extollat; ac proinde ut nobis locum parare
212 953 1016 994 ut ubi ipse est, nos quoque simus Johan. 14. vers. 3. Proficiscor para¬
207 987 1004 1019 turus vobis locum: & quum profectus fuero, & paravero vobis locum,
210 1019 1015 1056 rursum veniam, & assumam vos ad meipsum: ut ubi ero ego, & vos si¬
203 1054 1013 1086 tis. Et cap 20. v. 17. Adscendo ad Patrem meum, & Patrem vestrum.
201 1085 1016 1122 & Deum meum, & Deum vestrum. Ephes. 2. 6. Unaque suscitavit, u¬
201 1119 650 1155 naque collocavit in caelis, in Christo Iesu.
249 1157 1010 1200 VI. Ut Ecclesiae sponsae suae proprio sanguine acquisitae Spiritum
210 1181 1042 1220 Sanctum tanquam pignus e caelo mitteret, eamque virtute ineffa¬
210 1220 1007 1254 bili impleret donisque variis exornaret, Johan. 14. vers. 16. Ego ro¬
204 1257 1015 1297 gabo Patrem, & alium advocatum dabit vobis ut maneat vobiscum in
211 1290 1015 1330 aeternum. Et cap. 16. 7. Expedit vobis ut ego abeam. Si enim ego non
204 1324 1013 1362 abeam, Paracletus non est venturus ad vos: si autem profectus fuero
207 1356 1013 1389 mittam eum ad vos. Ephes. 4. v. 10, 11. Qui descenderat, ipse est qui
204 1387 1011 1428 etiam adscendit longe supra omnes caelos, ut impleret omnia. Is igitur
201 1425 1020 1459 dedit alios quidem, Apostolos, alios vero, Prophetas, alios autem, Evan¬
207 1457 1013 1497 gelistas, alios autem, Pastores & Doctores. Psal. 68. v. 19. Adscendens
203 1495 1015 1526 in sublime; captivam fecisti captivorum multitudinem, accipiens de¬
207 1521 1019 1562 disti dona hominibus, etiam rebelles habitando captivos facis, Iah
208 1556 278 1594 Deus.
250 1587 1016 1632 VII. Ut fidem aedificaret & confutaret omnes carnales cogita.
207 1621 1013 1657 tiones & opiniones, quas de ipso & de regno ejus tunc quidam habe¬
205 1657 1022 1691 bant, aut postmodum habituri erant. Ideo Dominus noster absentavit.
218 1689 1027 1729 se corpore ab omni Ecclesia & adscendit in caelum, ut fides aedificetur, ait
207 1730 1011 1768 Augustinus decimo tomo, Sermone centesimo quadragesimo. Num
216 1758 1016 1802 quam in Christum spiritualiter crederemus, si ipsum semper corpo¬
213 1797 1016 1827 raliter videtemus. Nam quod a Christo e terra in caelum est subla¬
210 1822 1015 1860 tum; id in terra non mansit, id in vel sub terrenis elementis non later
205 1856 1014 1892 id ore corporis in terra non manducatur: At corpus Christi a Christo
214 1893 1019 1929 e terra in caelum est sublatum: Corpus ergo Christi in terra non
210 1929 1021 1967 mansit, in vel sub terrenis elementis non later, ore corporis in terra
198 1962 1016 1994 non manducatur. Ista est Christi argumentatio Johan. 6. vers. 62.
210 1997 1006 2032 nam cum de carnis suae manducatione loqueretur, & multi offende
207 2020 1011 2064 rentur & murmurarent, dixit eis, Hoccine vos offendit? Si igitur specta¬
216 2061 1018 2093 veritis Fiiium hominis adscendentem eo ubi erat prius? De his verbis
215 2087 1007 2131 Athanasius ait in illud Evangelii, Quicunque dixerit verbum: De est
219 2125 1003 2170 corporis disputans, ac propterea multos scandalizatos conspiciens, ita lo
210 2151 1016 2202 quutus est: Hoccine vos scandalizat? quid si igitur Filium hominis
216 2192 1021 2236 spectaveritis adscendentem, ubi prius erat? Spiritus est qui vivificat,
208 2220 1007 2263 caro non prodest quicquam. Verba quae ego loquutus sum vobis
219 2260 1015 2307 spiritus sunt & vita. Hic enim de utroque carne & spiritu suo loquutus
208 2285 1007 2333 est, & spiritum a carne discriminavit, ut non solum in eo quod oculis ap¬
213 2329 1010 2374 parebat, sed naturam quoque invisibilem credentes, disceremus ea quae lo¬
207 2354 1022 2410 queretur, non carnalia esse, sed spiritualia; quot enim hominibus cor¬
207 2387 1017 2440 pus eius suffecisset ad cibum, ut universi mundi alimonia fieret? sed pro¬
214 2426 1018 2472 pterea adscensionis suae in caelum mentionem fecit, ut eos a corporali in¬
207 2456 1016 2506 tellectu abstaheret. Sic Augustinus in enarratione Psalmi quinqua¬
215 2489 1017 2543 gesimi quarti, ut citatur in Jure Canonico, Distinctione secunda de¬
206 2510 1042 2574 Consecratione, capitulo Prim. 44. Quum videritis Filium hominis
216 2555 1015 2606 adscendentem ubi erut prius, cerre vel tunc videbitis, quia non eo modo
210 2587 1023 2643 quo putatis, erogat corpus suum: vel tunc intelligetis, quia gratia eius
220 2621 1013 2675 non consumitur morsibus. Idem Augustinus lib. de Unitate Ecclesiae
217 2658 1012 2705 ca decimo: His dictis, mox adscendit in caelum, praemunire voluit au¬
213 2688 1018 2739 res nostras adversus cos, quos procedentibus temporibus exsurrecturos
216 2730 1009 2781 esse praedixerat, & dicturos, Ecce, hic est Christus, Ecce illic, quibus no
217 2762 1007 2805 crederemus admonuit: nec ulla nobis excusatio est, si crediderimus ad
216 2787 1014 2835 versus vocem Pastoris nostri tam claram, tam apertam, tam manife¬
212 2828 997 2882 stam, ut nemo vel obtusus & tardus corde possit dicere, Non intellexi¬
254 2859 1025 2905 Eadem adicensione Christus refutare voluit opinionem Judaicam
219 2894 1015 2940 de regno Messiae, ut intelligamus, illud non terrenum, non corpo¬
209 2932 1018 2979 tale esse, non mundanum. Nam qui in terra corpore sue non man¬
219 2963 1024 3008 sit, sed in caelum adscendit; ejus regnum non est terrenum, corpora¬
216 2989 1016 3045 le & mundanum Christus: corpore suo in terra non mansit, sed i1
213 3023 1032 3076 caelum adscendit: Christi igitur regnum non est terrenum, corporale
220 3075 387 3115 & mundanum.
261 3082 1020 3146 VIII. Ut ex quo ipse idem, qui Caput est nostrum in caelum ad¬
219 3125 1027 3179 scendit, nos qui membra ejus sumus, deposito terrae affectu illuc toto¬
230 3174 457 3223 pectore adspiremus.
255 3190 855 3244 ETFECTA adscensionis Christi in caelum haec sunt:
249 3225 1032 3281 I. Pet adscensionem suam Christus aperuit nobis caelum & nos in
1069 180 1867 246 se in caelum introd Sit, a quo in primo A: amo exclusi fueramus, &
1072 222 1873 275 a quo per rompheem fiammantem: rae divinae arcebamur, sicut a
1069 255 1868 308 Paradiso terrestri im ratentes nostis arcebantur. Nunc vero non
1069 286 1871 346 solum caeli possessores fitmati sumus, sed superna caelorum in Christo¬
1071 321 1231 363 penetravinius.
1098 354 1864 409 II. Adscensione Christi in caelum comparata est nobis in caelum
1074 389 1871 433 adscensio, sicut dicitur Hebr. 10. 19, 20. Quum igitur, fratres, habea¬
1069 429 1867 468 mus libertatem ingrediendi Sacrarium per sanguinem Iesu, Ea via qua
1070 459 1856 509 dedicavit nobis recentem & vivam, per velum, hoc est, per carnem sua
1104 491 1861 541 Triplex autem adscensio nobis est comparata: Una est spiritualis
1074 525 1868 573 qua licet corpore & anima in terris sumus, tamen vera fide caelum
1080 563 1856 603 penetramus & Christo ubi unimur, quam SURSUM CORDA eleva¬
1069 596 1859 643 mus & illis cum Christo sumus, Coloss. 3. v. 1, 2. Itaque seresurrexistit
1068 627 1855 673 cum Christo, superna quaerite, ubt Christus est ad dexteram Dei sedens
1075 660 1422 705 Superna satagite, non terrestria
1101 685 1864 738 Altera, est animae a corpore sepatatae per mortem corporalem, &
1075 725 1867 771 per Angelos deportate in sinum Abrahae, in Paradisum ad Christum.
1104 758 1855 805 Tertia, est perfecta adscensio, quum corporibus e mortuis in ulti¬
1068 797 1868 838 mo die excitatis, & cum animabus rursus unitis in caelum a Christo
1069 828 1867 873 assumemur, ut gloriam ipsius videamus & ea potiamur, 1. Thess. 4.
1069 861 1856 905 14. Nam si credimus lesum mortuum esse, & resurrexisse, ita etia Deus
1071 893 1859 930 eos qui obdormierint in Iesu, adducet cum eo. Et v. 17. Deinde nos vivi¬
1068 926 1865 968 qui reliqui erimus, rapiemur simul cum eis in nubes, in occursum Domi¬
1068 965 1861 1002 ni in aera, & ita semper cum Domino erimus, Joh. 17. 24. Pater, quos
1070 990 1866 1037 dedisti mihi, velim ut ubi sum ego, & illi sint mecum: ut conspiciant glo¬
1068 1028 1863 1077 riam illam meam quam dedisti mehi: quia dilexisti me ante iactum
1069 1056 1312 1100 mundi fundamentum
1097 1082 1853 1134 III. Adscensionis Christi in caelum effectus est effusio donorum
1071 1125 1864 1168 Spiritus Sancti, sicut Dominus dicit Joh. 16. 7. Ego veriuatem dico vo¬
1074 1159 1858 1200 bis, confert vohis ut ego abeam. Nist enim abiero, Advocatus ille non
1072 1187 1742 1232 veniet ad vos: sin autem profectus fuero, mittam eum ad vos:
1098 1221 1868 1266 IV. Eadem fidem nostram aedificat & stabilit. Nam nisi corpo¬
1075 1259 1864 1298 raliter a nobis abiisset Christus, semper corpus ipsius carnaliter vide¬
1081 1289 1599 1331 remus, & nunquam spiritualiter crederemus.
1107 1323 1856 1366 V. Eadem operatur gaudium spirituale in vere credentibus, sicut
1077 1356 1853 1397 Dominus ait Joh. 14. 28. Audiv stis me dixisse vobis, Abeo & redeo
1069 1390 1861 1431 ad vos. Si diligeretis me, gauderetis utique quod dixerim, proficiscor ad
1077 1425 1448 1466 Patrem; nam Pater me maior est.
1120 1457 1856 1498 Quod ad subjecta attinet, adscendit Christus e terra in caelumsi
1087 1488 1862 1530 oci mutationem spectes non quoad Deitatem, sed quoad humanam
1074 1524 1862 1563 naturam: unde duarum in Christo naturarum differentia colligitur.
1080 1556 1865 1596 Praeclare hoc exposuerunt Patres, ut Origenes homilia triges. tertia in
1084 1591 1856 1627 Matthaeum: Qui dicit discipulis suis, Ecce ego vobiscum sum, unigeni.
1074 1621 1865 1662 tus Dei est, Deus Verbum, qui non est corporeo ambitu circumclusus:
1083 1657 1865 1694 Secundum hanc diuvinitatis suae naturam non peregrinatur a nobis, sed
1071 1688 1861 1732 peregrinatur secundum dispensationem corporis, quod suscepit. Haec au¬
1078 1723 1868 1764 tem dicentes non solvimus suscepti corporis hominem (quum scriptum sit
1071 1755 1867 1794 apud Iohannem: Omnis spiritus qui solvit Iesum, non est ex Deo) sed
1075 1790 1867 1833 unicuique substantiae suam proprietatem servamus. Quasi homo peregri¬
1074 1820 1864 1861 natur, qui est ubique secundum diuvinitatis naturam. Non enim est ho¬
1074 1860 1868 1897 mo, qui ubicunque duo vel tres in nomine eius congregati fuerint, sed vir¬
1069 1890 1875 1937 tus divina quae erat in Iesu: neque homo, (hoc est, secundum humanitate
1074 1923 1751 1966 nobiscum est omnibus diebus, usque ad consummationem seculo
1102 1948 1875 1994 Augustinus nono tomo, tractatu in Joannem septuagesoctavo: A¬
1071 1987 1864 2029 quibus homo abscedebat, Deus non recedebat, & idem ipse Christus ho¬
1069 2028 1862 2064 mo & Deus. Ergo & ibat per id quod homo erat, & manebat per id quod
1069 2050 1867 2090 Deus erat: Ibat per id quod uno loco erat, manebat per id quod ubiqueerat.
1098 2088 1865 2125 Idem tractatu quinquages. in Joannem: Secundum maiestate suam,
1069 2116 1862 2156 secundum providentiam, secundum ineffabilem & invisibilem gratiam
1072 2153 1862 2191 impletur quod ab eo dictum est. Ecce ego vobiscum sum omnibus diebus,
1069 2185 1864 2226 usque ad consummationem seculi. Secundum carnem vero quam Verbum
1073 2218 1858 2260 assumsit, secundum id quod de Virgine natus est, secundum id quod a
1068 2250 1853 2290 Iudaeis comprehensus est, quod ligno affixus, quod de cruce depositus
1069 2284 1861 2331 quod linteis involutus, quod in sepulcro conditus, quod in resurrectione.
1068 2323 1852 2355 manifestatus, non semper habebitis me vobiscum. Quare? Quoniam
1078 2351 1860 2386 conversatus est secundum corporis praesentiam quadraginta diebus cum
1074 2385 1861 2425 discipulis suis, & eis deducentibus videndo, non sequendo adscendit in
1071 2415 1284 2462 caelum & non est hi¬
1099 2444 1862 2491 Ideo corpus Christi non est jam in terra, nedum ubique. Etsi aute
1080 2482 1848 2524 Christus corpore suo non sit jem in terra; tamen est etiam conjunct
1075 2513 1863 2560 & praesens corpori nostro secundum carnem, sed non loco: sicut ca¬
1078 2549 1853 2586 but uniuscujusque hominis non est eo loco quo pedes, & tamen est il¬
1071 2587 1850 2624 lis suo modo unitum. Proinde adest Christus Ecclesiae suae non tan¬
1072 2614 1851 2657 tum secundum divinam, sed etiam secundum humanam natura, ve¬
1069 2653 1855 2694 rum spiritualiter, sicut Caput mebris quibus unitum est & quae vivificat.
1110 2687 1856 2721 Locus e quo adscendit, a Luca notatur, Luc. 24. 50. Act. 1. v. 12.
1082 2708 1850 2759 Adscendit e vertice aut parte aliqua montis Oliveti prope Betha¬
1072 2751 1307 2795 niam. Factum ideo
1104 2773 1854 2826 I. Ut quemadmodum humanae imbecillitatis maximique erga non
1074 2818 1858 2859 amoris argumentum praebens in olivarum monte cum ira Dei collu¬
1071 2842 1865 2893 ctans sanguineum sudorem sudavit, Luc. 22. v. 39. sic ex eodem in
1084 2875 1865 2926 caelum migrans, certum Deitatis suae exhibieret specimen: atque ita
1090 2910 1855 2971 ploriae Christi inserviret locus, qui ignominiae & passioni ipsius ini¬
1079 2958 1229 2995 tium dederat
1107 2973 1872 3025 II. Ut ostenderetur, ipsum vere humanum & locale corpus etiam
1085 3017 1430 3068 post resurrectionem retinuisset
1110 3036 1870 3090 III. Ut montana nos de adscensione Christi in caelum & de cura¬
1080 3092 1429 3130 rerum caelestium admonerent.
1110 3101 1864 3156 IV. Ut sciremus, nobis migrantibus ex Bethania, id est, domo af¬
1082 3144 1760 3194 flictionis, ad caelestia gaudia per Christum ingressum patere
1124 3173 1867 3223 Locus qu o adscendit, est caelum, Marc. 11. v 190. Sursum receptus est
1080 3210 1870 3260 in caelum, & sedit ad dexteram Dei. 1. Pet. 3. v. 22. Qui ad dexteram
