2063 3439
213 168 1041 234 ipsa in spectrum Marcioniticum convertitur. Non enim potest una &
219 224 1006 268 eadem esse substantia visibilis & invisibilis: transies de loco in locum
219 253 1018 299 & nullum mutans locum uno eodemque tempore. Expresse aute di¬
213 281 1022 330 cit Lucas Actor. 1. v. 9. Adspicientibus ipsis elevatus est: & nubes susce¬
230 311 1019 366 otum eum abstulit ab oculis eorum. Et Angeli idem testantur. v. 11. Hic¬
220 345 1035 397 Iesus qui sursum receptus est a vobis in caelum, ita veniet, quemadmodum
221 378 1025 440 spectastis eum proficiscentem in caelum. Itaque Christus non prius adscen¬
220 414 1019 467 dit in caelum, quam ex morte resurrexit: nec ante adscensionem caro i¬
218 448 1018 505 Pius erat in caelo, nec post adscensionem est in terra, donec redeat ad
223 480 1014 532 audicium vivorum & mortuorum: nec caro Christi disparuit & invisi¬
219 515 1049 566 bilis & insensilis facta est; neque in omnia loca discessit, sed revera sur¬
223 550 1024 599 sum elevata est supra caelos visibiles omnes in ipsum caelum beatorum,
219 595 446 642 in domicilium Dei,
254 604 1025 659 Quod attinet dicta quibus opinionem suam adversarii firmare co¬
222 653 1031 698 nantur, nihil pro ipsis faciunt: Nam illa sunt intelligenda per commu¬
229 686 1022 733 nicationem idiomatum secundum naturam divinam cuius solius est
232 728 1015 765 propriugmasse eodem tempore simul in caelo & in terra atque adeo u¬
227 751 1012 798 bique, esse ubique in medio suorum. Quapropter dicimus cum Fu¬
221 796 1016 843 gentio libro secundo ad Trasimundum regem, pa. trecentes. decima.
226 828 1028 864 nona editionis Henricpetrinae in octavo: Vnus idemque homo localis ex¬
231 852 1031 901 homine, qui est Deus immensus ex Patre, unus idemque secundum huma¬
222 891 1030 932 nam substantiam, absens caelo, quum esset in terra, & derelinques terram.
232 920 1032 971 quum adscendisset in caelum: secundum devinam vero immensamque sub¬
232 958 1034 1002 stantiam, nec caelum dimittens, quum de caelo descendit, nec terram dese¬
228 988 1035 1029 rens, quum ad caelum adscendit. Dicimus cum Augustino secundo, epi¬
225 1023 1021 1067 stolam quinquagesimaseptima quae est ad Dardanum: Secundum homi¬
232 1052 1029 1100 nem (id est, secundum humanam naturam) in terra erat, non in caelo ubi
220 1090 1025 1134 nunc est, quando dicebat, Nemo adscendit in caelum, nisi qui de caelo de¬
231 1125 1025 1168 scendit, Filius hominis qui est in caelo: quamvis secundum id quod Filius
231 1152 1032 1202 Dei erat, esset in caelo, secundum id vero quod Filius hominis erat, adhuc
229 1187 1029 1231 esset in terra, nondumque adscendisset in caelum. Dicimus cum Vigilio li¬
228 1231 1025 1267 bro quarto contra Eutychen: Si Verbi & carnis una natura est, quomo
232 1260 1030 1299 do cum Verbum ubique sit, non ubique inveniatur & caro?namque quan¬
224 1289 1025 1331 do in terra fuit, non erat utique in caelo. Et nunc quia in caelo est, non est utique
235 1332 1028 1366 in terra & in tantum non est, ut secundum ipsam Christum expectemus
234 1362 1040 1408 venturum de caelo, quem secundum Verbii nobiscam esse credimus in terra.
513 1412 767 1474 Haec de adiunctis:
267 1486 1034 1535 Comparata. Etsi Enochus & Elias etiam in caelum adscenderint ut
227 1531 1067 1574 de Enocho colligitur ex Gen. 5. v. 24. & de Elia dicitur 2. Reg. 211. E
241 1559 1034 1602 Adscendit E ias turbine in caelum: tamen illorum adscensio magnis dis¬
243 1591 728 1642 criminibus differt ab Adscensione Christi¬
273 1620 1033 1673 I. Enochus & Elias adscenderunt virtute meriti adscensionis Chri¬
241 1659 1034 1697 sti, quae virtus a jacto mundi fundamento se exserere coepit; nam vi sa¬
237 1700 1042 1739 tisfactionis Christi quam spoponderat se praestiturum, caelum ipsis pa¬
244 1732 899 1771 tuit: at Christus adscendit in caelum absque alieno merito
273 1764 1046 1805 II. Enochus & Elias translati sunt in caelum, quum mortem antea
241 1787 1031 1831 non vidissent: at Christus antequam adscenderet, passus, crucifixus
244 1832 1040 1873 mortuus & sepultus est, & ex mortuis resurrexit & postea demum ad¬
235 1862 332 1906 scendit.
279 1874 1040 1930 III. Enochus & Elias potentia aliena, nempe Dei, assumti sunt in¬
241 1928 1034 1971 caelum: At Christus potentia quidem etiam divina, sed propria, utpote
237 1959 924 2001 verus natura Deus exsistens, corpus suum levavit in caelum.
271 1983 1019 2038 IV. Enochus & Elias ministerio & adiutorio sanctorum Angelo¬
232 2028 1037 2068 rum translati sunt in caelum nam per se adscendere non poterant, quos
246 2067 1035 2101 carnis infirmitas gravabat; sicut de Elia dicitur 2. Reg. 2. v. 11. currus
238 2093 1031 2134 igneo ab equis igneis vecto transportatum: at Christus a sanctis An¬
243 2135 883 2177 gelis non est portatus in caelum, sed sua virtute adscendit.
286 2159 1022 2202 V. Enochus & Elias facti sunt tantum cives caelorum: Christo au¬
236 2202 1027 2238 tem data est potestas in caelo & in terra & datum, nomen quod est su¬
234 2234 1023 2268 pra omne nomen, factus etiam quoad humanitatem Dominus caelo.
241 2268 968 2300 rum, & Pontifex secundum ordinem Melchisedech in aeternum.
279 2295 1022 2333 VI. Enochus & Elias tantum pro se adscenderunt, aliis caelum non ape¬
237 2324 1022 2365 ruerunt: at Christus praecursor pro nobis ingressus est caelum, ut dici
234 2366 1031 2402 tur Hebr. 6. 20. id est, ut nobis caelum aperiret, quod nos non potera¬
231 2392 488 2438 mus nobis ipsi aperire
267 2421 1015 2467 VII. Enochus & Elias adscenderunt per donum & gratiam illis im
237 2463 1029 2502 partitam: Christus autem per gloriam naturalem, ut Athanasius an¬
230 2498 1021 2541 notat primo tomo. De Incarnatione Verbi, pag. quadringentes. sexa¬
230 2525 341 2579 ges. tertia
264 2557 1015 2600 IIX. Enochus & Elias post suam adscensionem non dederunt do
233 2589 1024 2635 na aliis hominibus; nam quum Elisaeus, duplam portionem de Spiriti
225 2626 1028 2665 Elia petiuisset, respondit Elias, rem difficilem petiisti, id est, quae non
225 2659 1027 2700 humanitus datur, sed divinitus & raro contingit, 2. Reg. 2. vers. 10. At
226 2695 1027 2736 Christus post adscensionem suam dedit dona hominibus, Ephes. 4 8.
231 2727 1034 2768 1o. 11. 12. in quibus & donum edendi miracula, Johan. 14. 12. Amen
225 2765 1026 2806 amen dico vobis, qui credit in me, opera quae ego facio, & ipse faciet, &
221 2798 1025 2843 miora istis faciet: cam ego ad Patrem meum proficiscor, Matora, nempe
223 2829 1031 2873 numero & effectu, ut qui convertere debuerint Gentes omnes ad
220 2864 1060 2906 Christum: sed maiora, non virtute discipulorum, sed Christi in ipsis
219 2896 722 2933 efficacis & per ipsos operantis, Marc. 16. 20.
259 2930 1012 2970 Concludat hoc caput sententia Athanasii, quae exstat secundo to¬
210 2966 1019 3001 mo, pagina senta: Oportebat resurrectioni Servatoris contiguum esse
224 3000 1008 3040 adscensum, & victorem inferni statim etium caelum occupare. Sed ne¬
216 3033 1016 3075 celeritas factocum fugeret sensum, tempori se accommodare vult, & A¬
217 3066 1010 3104 postolis per visum meracula, & par continentem oculorum intuitum ani¬
213 3104 1004 3144 mae fidem insinuare. Conversatur cum discipulis, cibum cepit, quum nu¬
211 3132 1014 3175 lius indigeret: prabet suum corpus polpandum: testes ne veruati non so¬
204 3165 1016 3212 lum oculos, sed etiam digitos adhibens. Sublata igitur suspicione de spe¬
200 3202 1015 3237 ctro, dicatione praesentia, cum quae ad perfectionem visa erant Apostolis.
200 3236 1001 3281 dixisst, spectatores reditus ad discipulos addacit. Oportebat enim mira¬
1064 157 1892 211 culorum praecones indubitatam eorum quae concionabatur habere note¬
1070 217 1892 248 tiam. Ac ita quum Servator assumtus est, discipuli autem haec videbant
1077 242 1899 288 a terra, & nubes pedibus succurrens usum vehiculi ad cursum praebuit.
1080 278 1696 322 Omiracula inaudita, aer penetratur, ather suscipit, &c.
1185 356 1762 428 Hactenus de adscensione Christi in cae¬
1376 409 1575 475 lum: sequitur
1310 517 1685 577 CAPUT XXVI.
1181 596 1808 665 De sessione Christi ad dextram Dei Patris.
1097 660 1903 706 TESSIOCHRISTI ad dextram Dei Patris, non est humanae Chri¬
1077 691 1901 760 Psti naturae exaequatio cum Patre in regnando, aequali potentia &
1131 743 1900 781 majestate ei realiter communicata, sed est summus gradus exalta¬
1077 777 1906 815 tionis Christi θεανθρωπς, dum peracta in terris peccatorum nostro¬
1076 817 1892 855 rum purgatione collocatus est in caelis supra omnes Angelos, atqui
1080 841 1904 884 adeo supra omnes creaturas, ut jam in gloria officium Propheticum,
1093 877 1893 913 Sacerdotale & Regium exsequatur mittens Spiritum Sanctum e cae¬
1083 910 1903 947 lo in corda electorum, & docens Ecclesiam per ministros novi foede¬
1087 944 1910 983 ris: intercedens pro nobis apud Patrem: regnans denique & judicium
1092 980 1903 1016 xercens nomine Patris in toto mundo, atque in-primis in universa¬
1080 1012 1910 1049 Ecclesia. Ephes. 1. v. 20. & sequentibus Pater ille gloriae suscitavit Chri¬
1085 1044 1897 1083 stum ex mortuis, & collocavit ad dextram suam in caelis, Longe supra
1087 1083 1904 1119 omne imperium, ac potestatem, & potentiam, & dominationem, & omne
1086 1118 1901 1152 nomen quod nominatur non solum in hoc seculo, verum etiam in futuros
1083 1148 1894 1182 Et omnia subjecit ejus pedibus, eumque constituit Caput super omnia Ec¬
1084 1180 1904 1220 clesiae, Quae est corpus ipsius, & complementum eius, qui omnia implet in
1092 1221 1905 1257 omnibus. Et cap. 4. v. 11. Is igitur dedit alios quidem, Apostolos, alios ve¬
1083 1252 1904 1287 ro, Prophetas, alios autem, Evangelistas, alios autem Pastores & Docto¬
1092 1286 1900 1321 res, &c. Roman 8 34. Quis est qui condemnet? Christus is est qui mortu¬
1095 1314 1904 1354 us est, imo vero qui etiam suscitatus est; qui etiam est ad dextram Dei:
1086 1357 1897 1391 qui etiam interpellat pro nobis. 1. Cor. 15. v. 25. 26. 27. Oportet eum rego
1083 1382 1907 1420 nare, usquequo omnes inimicos subiecerit pedibus ejus. Uitimus autem
1092 1415 1904 1452 hostis aboletur mors. Nam omnia subjecit sub pedes eius. Quum autem
1084 1450 1910 1487 dicit omnia esse ei subjecta, palam est hoc dici excepto eo, qui subjecit ei o¬
1089 1481 1903 1526 mnia. 1. Petr. 3. 22. Qui est ad dextram Dei profectus in caelum, subjectis
1095 1518 1897 1559 ipsi Angelis & potestatibus ac virtutibus. Matth. 28. 18. Data est mihi
1092 1554 1906 1596 omnis potestas in caelo & in terra. Apocal.3 v. 7. Sanctus & verax ille, qui
1099 1582 1903 1619 habet clavem Davidis, qui aperit, & nemo claudit: claudit, & nemo a¬
1101 1615 1901 1653 perit. Clavis Davidis est potestas omnis gubernationis, jubendo & ve¬
1089 1652 1900 1695 tando, expediendo & coercendo: est plena, absoluta atque potentissi¬
1096 1686 1904 1719 ma administratio totius Ecclesiae, cujus typus fuit regnum ac domus
1092 1718 1906 1750 Davidis. Rata sunt & fixa quae Filius Dei sedens ad dextram Patris
1098 1751 1901 1794 statuit, nec potest ei aliquis obsistere, claudere quod aperit, vel aperire
1096 1784 1370 1826 quod vult esse clausum.
1121 1806 1904 1851 Praedicta fuit Psal. 2. vers 6. Atqui ego inungens regem meum praefeci¬
1095 1852 1909 1885 Tzioni monti sanctitatis meae. Hoc enim de Davide ut typo, de Chri¬
1090 1885 1907 1922 sto autem ut de veritate typi dicitur Psal. 110. v. 1. Dixit Iehova Domi¬
1098 1917 1908 1951 to meo, Sede ad dextram meam, donec disposuero inimicos tuos in scabel¬
1090 1951 1904 1995 lum pedum tuorum: & v. 2. Dominare in medio inimicorum tuorum, & v.
1089 1988 1911 2026 5. Dominus, qui sedet ad dextram tuam, frangens die irae suae reges. Dan¬
1086 2027 1905 2061 2. 44. Temporibus autem Regum istorum suscitabit Deus caeli regnum,
1091 2052 1909 2094 quod in sacula non destruetur, & regnum ipsum populo alieno non relin¬
1087 2088 1908 2123 quetur, comminuturum & consumturum omnia illa regna, ipsum autem
1084 2123 1896 2162 staturum in sacula. Item cap. 7. v. 14. Huic datus est dominatus, gloriaque
1078 2159 1893 2196 ac regnum, ut omnes populi, nationes & linguae ei serviant: cujus domi¬
1092 2194 1902 2231 natus est perpetuus qui non praeterit, & regnum eius regnum quod
1078 2221 1894 2258 non corrumpitur. Et vers. 27. Regnum autem, dominatusque & am¬
1087 2253 1904 2288 plitudo regnorum sub toto caelo dabitur populo sanctorum excelsorum: cu¬
1083 2288 1900 2337 ius regnum erit perpetuum, & omnes dominatores ei servient, & ausculo
1076 2317 1184 2358 tabunt.
1123 2357 1907 2403 Causa efficiens sessionis Christi ad dextram Dei Patris est ipsemet
1081 2391 1907 2434 Deus Pater, ut testatur Petrus Actor. 2. v. 29. 30. Viri fratres, licet libere
1084 2435 1901 2473 dicere apud vos de Patriarcha Davide, eum & obiisse & sepultum est
1078 2466 1905 2503 & monimentum eius esse apud nos, ad hunc usque diem, Propheta igitur
1080 2499 1891 2537 cum esset, & sciret Deum jurejurando sibi iurasse, fore ut ex fructu lum,
1089 2534 1907 2566 bi ipsius, quod ad carnem attinet, Christum illum suscitaret, quem collo¬
1086 2565 1904 2607 caret super eius throno. Et. vers. 36. Certo sciat ergo tota domus Israelis,
1089 2601 1902 2647 quod Deus hunc fecerit Dominum & Christum, hunc ipsum, inquom,
1081 2637 1907 2668 Iesum, quem vos crucisixistis. Et cap. 5. vers. 30. 31. Deus ille Patrum no¬
1087 2666 1903 2706 strorum suscitavit Iesum, quem vos interfecistis suspensum in ligno. Hunc
1078 2702 1907 2736 Deus dexteram sua sursum sublatum constituit Principem ac Servato¬
1077 2740 1856 2785 rem. Idem Apostolus Paulus docet Ephes. 1. v. 20 & sequentibus.
1110 2768 1668 2806 Causa eius meritoria an ulla sit controvertitur.
1119 2796 1905 2843 Distinguendum censeo. Nam mereri & meritum ambiguae sunt
1080 2833 1901 2874 voces, & alias proprie, alias figurate accipiuntur. Mereri proprie est fa¬
1074 2876 1897 2909 cere & praestare aliquid operis & beneficii, quod non debetur, sic ut
1083 2903 1903 2939 propter id cum praestitum sit, aliquid cen merces debeatur, si non ex¬
1071 2941 1897 2971 singulari pacto vel publicis legibus, tamen ex lege humanitatis & gra¬
1071 2973 1888 3006 titudinis quae constituit unumquemque debitorem iis, a quibus be¬
1080 3008 1901 3040 neficium acceperit. Ita & meriti nomen, si usurpetur proprie, certum.
1080 3035 1907 3073 est significare aliquod officium, aut beneficium, cui merces debeatur
1080 3071 1342 3116 ab eo cui praestitum est,
1107 3095 1891 3146 Figurate vero catachresi quadam mereri idem est quod consequi¬
1074 3129 1890 3179 obtinere, impetrate, dignum haberi, posse, item dona & beneficia
1081 3172 1893 3218 Dei gratuito percipere. Similiter meritum καlαχζήσικώς dicitur o¬
1080 3205 1889 3247 bus, per quod pervenitur ad honorem quamuis gratuito destina¬
1064 3238 1382 3289 tum & gratuito donatum.
