2063 3424
224 156 1064 226 scensionem in coelum. Ergo aut sessio Christi ad dexteram Dei Pa¬
228 211 1015 257 tris non est causa Ubiquitatis corporis Christi: aut unio hypostatica:
237 242 1012 290 ita contrarias & sese evertentes causas ejusdem rei adversarii allegant:
233 268 1015 329 quod testimonium est erroris & ignoratae veritatis. Sic accidere solet,
231 302 1020 353 ut passim impingant, quorum mens contentioni indulgens, & non
231 342 1022 386 sanari, sed vincere cupiens, aversa ab iis, quae recte dicuntur, tantum
225 369 1018 421 intenta est in hoc, ut inveniat quod pro suis partibus eloquatur. Qua¬
237 399 1015 454 propter quum tot vitiis hic paralogismus scateat, ac propositio inpri¬
228 433 1014 485 mis falsa sit, assumtio etiam conclusionem evertat, & datis praemissia
231 473 1015 523 alia adversariorum fundamenta & argumenta, quibus Ubiquitatem
230 500 1009 557 corporis Christi adstruunt, evertantur; falsam conclusionem esse ne¬
227 550 326 594 cesse est.
255 565 1022 619 Alii ex sessione Christi ad dextram Dei Patris in hunc modum ar¬
250 620 386 656 umentantur.
260 630 994 691 Quicquid sedet ad dexteram Dei Patris, habet omnipotentiam:
264 670 887 716 Humana Christi natura sedet ad dexteram Dei Patris:
270 706 841 750 Ergo humana Christi natura habet omnipotentiam,
273 741 1024 785 RESP. Concedo recte intellectum. Humana Christi natura ha¬
235 767 1023 820 bet omnipotentiam, scilicet non transfusam in se realiter, non inhae¬
234 804 1023 856 rentem sibi subjective, sed personaliter unitam. Quemadmodum e¬
232 837 1017 885 nim divinam natura habet, ita & omnipotentiam Sed divinam natu¬
239 878 1031 924 tam habet personaliter sibi unitam: Ergo & omnipotentiam habet
248 904 1028 949 personaliter sibi unitam. At de hoc non est controversia: quia quae¬
235 939 1023 986 stio est; An humana Christi natura sit omnipotens? non autem, an
234 972 1019 1017 habeat omnipotentiam? Ideo argumentatione concludendum erat
234 1011 1022 1055 Humanam Christi naturam esse omnipotentem; de hoc enim est con¬
240 1037 1034 1089 troversia. Quod si corrigatur objectio, ut ad propositum faciat, talis
237 1084 278 1122 erit.
282 1094 886 1156 Quicquid sedet ad dextram Dei Patris, est omnipotens:
277 1149 889 1189 Humana Christi natura sedet ad dextram Dei Patris:
278 1177 769 1222 Ergo humana Christi natura est omnipotens
270 1199 898 1249 At hujus argumentationis Propositio major est falsa.
272 1231 1025 1290 INSTANT: Cui data est omnis potestas in coelo & in terra, ei da¬
242 1278 473 1324 ta est omnipotentia:
262 1300 1031 1354 Humanae Christi naturae data est omnis potestas in coelo & in ter¬
244 1349 269 1388 ra¬
264 1364 865 1418 Ergo humanae Christi naturae data est omnipotentia.
270 1400 1034 1452 RESP. Concedo recte intellectum: Humanae Christi naturae
244 1436 1038 1485 data est omnipotentia, non realiter in eam transfusa, non ut subjecti¬
253 1469 1031 1516 ve ei inhaerens, sed ut personaliter ei unita. Quemadmodum ipsa di¬
256 1504 1040 1547 vina natura ei data est, ita & omnipotentia: Divina autem natura ei¬
250 1539 1041 1586 data est, non ut in ipsam transfusa sit non ut in ipsam transfusa sit, non
243 1572 1024 1619 ut ipsi subjective inhaereat, sed ut ipsi personaliter unita sit. Ergo & c.
252 1611 1045 1650 mnipotentia eidem data est, non ut in ipsam realiter transfusa sit, non
263 1646 1043 1681 ut formaliter ei inhaereat; sed ut personaliter ei unita sit. Verum hoc
250 1669 1047 1716 est extra terminos controversiae nostrae. Ideo aliter concludendum
251 1715 403 1754 erat, nempe:
292 1738 1013 1779 Cui data est omnis potestas in coelo & in terra, id est, omnipotens.
279 1771 1036 1818 Humanae Christi natura data est omnis potestas in coelo & in ter¬
288 1829 779 1875 Ergo humana Christi natura est omnipotens
289 1861 1030 1914 At hujus argumentationis propositio major intellecta universa¬
250 1903 1024 1947 liter, est falsa: quia omnis potestas aut omnis autoritas non est omni
265 1934 1027 1975 potentia, (est enim in Graeco non πάσα δυναμις, non πογλοκργορίσ
249 1971 1030 2011 sed πάσα ἔξεσια) Omnipotentia enim est proprietas essentialis Dei.
255 2008 1028 2047 tatis, imo ipsa Deitas, illa autem πεσα ἔζεσια est licentia, potestas
262 2044 1040 2081 autoritas actu usurpandi jus tum superne regendi, subalterno in ipsos
252 2072 1034 2114 etiam Angelos imperio, tum Ecclesiam sibi in toto terrarum orbe
258 2100 1030 2145 colligendi & regnum gratiae in eo erigendi, tuendique, Satanam vero
259 2138 674 2179 & omnes illi adhaerentes debellandi.
283 2170 1040 2212 Sexto non pugnat cum sessione Christi ad dexteram Dei Patris,
256 2203 1025 2245 quod Actor. 7. vers. 55, 56. dicitur, quod Stephanus viderit Christum
253 2236 1040 2280 stantem ad dextram Dei. Nam quod Scriptura fere semper dicit,
252 2270 1029 2310 Christum sedere ad dexteram Dei Patris, id facit ideo, ut sciamus
248 2305 1033 2345 Christum commissae sibi administrationis possessionem solemniter
246 2345 1028 2385 adiisse, nec semel tantum adiisse, sed in ea perstare, & perstiturum et¬
247 2370 1028 2410 iam quum veniet judicatum vivos & mortuos; quemadmodum ipso
252 2405 1033 2442 Pontifici Maximo & Concilio ejus dixit Matth. 25. vers. 31. Quum
259 2438 1031 2479 autem venerit Filius hominis cum gloria sua, & omnes sancti Angel
255 2469 1027 2508 cum eo, tunc sedebit in throno gloriae suae. Et cap. 26. vers. 64. Ab ho¬
243 2507 1039 2544 tempore videbitis Filium hominis sedentem ad dexteram potentia Dei.
249 2538 1030 2577 & venientem in nubibus coeli. Sessio igitur in hac phrasi non tam si¬
244 2571 1041 2609 tum corporis significat quam imperii majestatem, Quod autem Ste¬
255 2604 1040 2644 phanus stantem vidit, eo indicatur promtitudo Christi ad tuendum,
247 2639 1041 2676 adjuvandumque suos, ad confirmandum eos in veritatis confessione,
246 2674 1033 2717 ad recipiendum eos ad sese. Unde Gregorius Magnus in homilia vi¬
245 2704 1027 2748 gesima-nona in festo Adscensionis Christi habita ait: Consideram
236 2742 1030 2778 dum nobis est, quid est quod Marcus ait: Sedet a dextris Dei: & Ste¬
259 2772 1035 2808 hanus dicit: Video coolos apertos, & Filium hominis stantem a dextris
243 2805 1042 2846 Dei? Quid est quod hunc Marcus sedentem: Stephanus vero stantem set
250 2835 1037 2876 videre testatur? Sed scitis fratres, quia sedere judicantis est: stare vero
249 2874 1040 2904 pugnantis vel adiuvantis. Quia ergo Redemtor noster assumtus in coe¬
237 2907 1042 2942 lum, & nunc omnia judicat, & ad extremum judex omnium veniet1
242 2938 1030 2974 hunc post assumtionem Marcus sedere describit: quia post adscensionis
246 2971 1031 3016 suae gloriam, judex in fine videbitur. Stephanus vero hunc in labore cer¬
273 3010 1002 3050 taminis positus, stantem vidit, quem adjutorem habuit: quia ut.
327 3038 952 3082 iste in terra persequutorum infidelitatem vinceret, pro ille¬
464 3071 817 3114 de coelo illius gratia pugnavit.
327 3137 923 3194 Hactenus fuit de persona Christi: sequitur de
543 3178 719 3235 ipsius officio.
1270 208 1689 275 CAPUT XXVII.
1155 291 1796 353 In quo de officio CHRISTIMediatorio.
1150 373 1885 418 FEICIUM CHRISTI, est quod ipse solus inde ab initio
1140 400 1874 458 Pmundi est Mediator inter Deum & electos ad vitam aeter¬
1161 445 1880 485 nam, a Deo impetrans & efficaciter conferens electis omnia
1079 480 1886 529 quae ad aeternam ipsorum salutem requiruntur, atque adeo ipsam vi¬
1082 516 1238 555 tam aeternam.
1105 542 1886 587 De Mediatore inter Deum & electos deinceps acturi, primo de
1075 577 1880 618 nomine Mediatoris agemus: deinde ad rei ipsius explicationem acce¬
1076 614 1163 652 demus.
1104 637 1879 684 MEDIATOR, Graece μεσιτης, generali significatione dicitur i:
1081 681 1892 726 qui medius intervenit inter duos vel plures, aut ut testis & cognitor
1084 718 1878 756 rerum quae dicuntur & fiunt, aut ut internuncius & interpres illorum
1078 752 1884 785 aut ut eos inter se uniat, sive dissidium aliquod hostile antea inter eos
1077 782 1889 822 fuerit, sive non. Nam etiam partes non dissidentes antea hostiliter,
1082 817 1879 859 posse mediante aliquo uniri & consociari, innumera conjugia & fe¬
1080 847 1895 892 dera inter homines, atque amicitiae exempla, aliquo mediante inita,
1080 882 1883 924 abunde evincunt. Itaque naturam mediationis & humanitatem igi¬
1081 914 1885 951 norat, quisquis mediatorem ullum inter duos hostiliter antea non
1083 948 1886 991 dissidentos, intervenire negat. Quanquam Synecdochice mediator
1079 988 1713 1026 frequentissime dicitur qui partes dissidentes conciliat.
1110 1016 1645 1057 In doctrina Ecclesiae, tribus modis usurpatur:
1122 1046 1883 1090 Primo dicitur de Deo tanquam certo praesente in medio paciscen¬
1083 1083 1899 1122 tium de re quapiam, ut cognoscat de pacto illorum & violatores ejus
1101 1120 1888 1156 uniat. Sic enim legitur in vulgata versione Latina, Judic. 11. vers. 9.
1084 1158 1895 1193 10. Jephthe dixit Galaaditis: Si vere venistis ad me, ut pugnem pro vo¬
1087 1185 1885 1223 bis contra filios Ammon, tradideritque eos Dominus in manus meas, egi
1086 1216 1886 1254 tero vester princeps? Qui responderunt ei: Dominus, qui haec audit, ipse
1083 1255 1897 1290 mediator ac testis est quod nostra promissa faciemus. Textus tamen
1100 1283 1891 1331 Hebraeus nomen mediatoris non habet, sed ad verbum redditur, Ie¬
1088 1319 1567 1355 hova erit audiens (seu cognitor] inter nos
1116 1346 1898 1391 Deinde dicitur de Mose quatenus is typus Christi & internuncius,
1092 1380 1895 1423 interpres ac, ut vulgo nominant, referendarius fuit Dei ad populum,
1092 1418 1890 1454 & hujus vicissim ad Deum. Sic enim legitur Gal. 3. v. 19. Lex ordinata
1101 1450 1898 1485 est per Angelos, per manum mediatoris, id est, opera Mosis, Joh. 1. 17.
1101 1487 1891 1519 Lex per Mosen data est. Act. 7. 38. Hic ille est qui conveniente populo in
1092 1520 1890 1561 deserto fuit cum Angelo ipsum alloquente in monte Sina, & cum patribus
1095 1554 1888 1589 nostris, quique excepit viva eloquia quae nobis traderet. Quomodo Mo¬
1089 1584 1888 1625 ses μεσιτης & internuncius fuerit, explicat Moses ipse Deut. 5. versic. 7
1101 1616 1896 1651 Facie ad faciem locutus est Iehova vobiscum in monte illo e medio ignis.
1103 1652 1901 1684 Me stante inter Iehovam & vos tempore illo, ad referendum vobis ser¬
1102 1686 1891 1728 monem Iehovae; timebatis enim propter ignem illum, neque adscendisti
1095 1717 1897 1751 montem illum. Alii in loco ad Gal. 3. 19. per mediatorem intelligunt
1107 1749 1895 1787 Christum: sed eur Moses rotius intelligendus sit, rationes affert vero
1098 1786 1888 1826 eximius Theologus Theodorus Beza in majoribus annotationibus
1101 1821 1400 1858 ad Novum Testamentum
1122 1852 1904 1899 Tertio dicitur de aeterno Dei Filio, CHRISTO DOMINO, qui
1089 1873 1891 1924 inde ab initio mundi fuit atque est inter DEUM & filios DEI set
1086 1919 1900 1953 creaturas rationales ad imaginem Dei conditas Mediator, per quem
1083 1953 1895 2002 solum illae statim initio habuerunt, & habent beatitudinem, hoc est;
1089 1987 1772 2025 communionem & fruitionem Dei tanquam summi boni.
1119 2014 1907 2058 Duplici autem significatione Christus mediator inter Deum &
1095 2049 1428 2091 electos dicitur, lata & stricta.
1119 2078 1894 2124 Lata significatione Mediator electorum dicitur respectu primae u¬
1089 2120 1892 2156 nionis creaturarum rationalium cum Deo, ut Caput ipsarum, in quo
1089 2153 1901 2192 illae sunt electae ad vitam aeternam & per quod ad imaginem Dei cre¬
1080 2190 1499 2226 atae & Deo primitus unitae fuerunt.
1122 2213 1897 2252 Respectu illius primae unionis fuit mediator tum Angelorum e¬
1083 2246 1897 2290 lectorum tum hominum integrorum: quia eligi non potuerunt ad
1099 2288 1892 2327 vitam aeternam, nisi in Filio Dei principe vitae, & uniri Deo & vita.
1089 2320 1892 2355 imaginisque Dei participes & in amicitia cum Deo esse non pote¬
1098 2357 1891 2390 rant Angeli & homines, nisi per aeternum Dei Filium, per quem cre¬
1089 2389 1904 2433 ati erant, cujus verbo omnipotente gubernabantur, & sustentaban¬
1093 2424 1460 2459 tur per quem Deo cohaerebant
1116 2453 1897 2492 Mansit vero Mediator Angelorum electorum, qui non per alium
1093 2489 1901 2524 uniti sunt Deo & in unione cum Deo conservati, quam per eundem
1091 2523 1895 2564 in quo electi ad vitam aeternam & per quem ad imaginem Dei creat
1088 2554 1375 2600 & filii Dei facti fuerunt,
1128 2589 1891 2633 Manetque Mediator ipsorum in aeternum: nam opus habent ca¬
1101 2622 1777 2661 pite per cujus nexum solide & indistracte Deo cohaereant.
1119 2646 1900 2695 Hominum vero integrorum mediator respectu primae illius uni¬
1085 2689 1898 2724 onis fuit ante lapsum: quia homines integri non per seipsos, sed per
1098 2722 1904 2761 Filium Dei erant Deo uniti & conjuncti, quam diu ipsi vilum fuit
1096 2757 1700 2796 largiti illis gratiam persistendi in amicitia cum Deo.
1129 2788 1901 2828 Stricta significatione Mediator dicitur respectu instauratae unionis
1099 2820 1901 2861 seu redemtionis & reconciliationis cum Deo illorum qui a DEO¬
1096 2858 1754 2894 abalienati erant & in unionem cum eo reducendi erant.
1131 2885 1901 2929 Hoc respectu est Christus Mediator tantum hominum lapsorum
1101 2918 1891 2962 & peccatorum, non autem Angelorum sanctorum. Nam sancti An¬
1093 2960 1892 3001 geli instauratione unionis, redemtione & reconciliatione cum DEG
1092 2995 1906 3034 non eguerunt, sed soli homines. Hominibus autem lapsis & per pec¬
1093 3026 1895 3058 catum separatis a Deo, inimicisque ejus factis, opus erat instauratio¬
1087 3056 1907 3092 ne unionis cum DEO, ad reconciliationem eorum cum ipso: ideo
1083 3091 1848 3130 discretionis causa Mediator reconciliationis & redemtionis dicitur:
1120 3123 1901 3162 Hoc significato deinceps de Mediatore plenius agendum: sic au¬
1086 3154 1270 3198 tem describitur?
1119 3190 1907 3226 MEDIATOR RECONCILIATIONIS INTER
1086 3217 1898 3261 DEUM ET HOMINES LAPSOS, est persona, quae media
