2063 3480
237 157 1022 222 Deinde dato, sed non concesso, animas Martyrum revera precatas
204 192 1016 255 ut litera sonat, tamen inde colligi non potest, illas precatas pro homi¬
216 235 1003 279 nibus viventibus in terra, sed pro se, sicut verba eorum habent, Vsque
214 274 1010 321 quo Domine, qui sanctus es & verax, non judicus ac sanguinem nostru n
207 310 1004 355 vindicas ab us qui habitant in terra? Desiderant judicium illud uni¬
221 344 856 379 versale, pro hominibus autem in terra viventibus nihil.
258 371 1010 424 QUA RTO proferunt locum ex Apocal. 8. v. 3. & 4. Alius Ange¬
213 396 1016 449 lus venit, & stetit ante aram habens thuribulum aureum: & dati sunt
207 445 1019 483 ei suffitus multi, ut offerret cum precibus sanctorum omnium super al¬
222 477 1022 522 care aureum, quod est ante thronum. Adscendit autem fumus suffituum
217 510 1058 562 cum precibus sanctorum e manu Angeli ad conspectum Dei. Ergo san¬
211 537 616 585 cti Angeli intercedunt pro nobis.
252 565 1007 617 RESP. Primo vitiosa est consequentia, quia ex particulari infer¬
214 609 1010 666 tur conclusio indefinita aequipollens universali contra recte argu¬
213 640 413 687 mentandi leges.
253 675 1019 719 Secundo, etiamsi forma bona esset, in materia tamen peccatur.
219 707 1022 763 Nam committitur petitio principii, quia ex loco allegorico seu visio¬
207 745 758 785 ne confirmatio petitur dogmatis Ecclesiastici:
256 777 1017 826 Tertio, Angelus his non est creatus spiritus, sed Filius Dei aeter¬
212 811 273 850 nus.
259 839 1059 893 Ex refutatione Papisticorum argumentorum liquet, Scripturam
217 882 1022 925 non testari quod sancti defuncti pro nobis orent. Caeterum hoc con¬
222 917 1011 951 cedi potest, sanctos defunctos in coelo jam cum Christo regnantes
213 949 1013 991 precari, ut adveniat regnum Dei, item precari pro Ecclesia commu¬
223 990 1007 1028 niter & in genere duntaxat, quum sint nobiscum membra ejusdem
220 1013 1019 1058 Ecclesiae Christi, quumque sancti charitatem erga ecclesiam militan¬
225 1052 1010 1089 tem non deposuerint, sed ejus conservationem & liberationem exo¬
231 1084 1015 1122 ptent: in particulari autem pro nemine orant, quia nec vident qua¬
225 1121 1004 1155 rum rerum inopia premamur in particulari, nec gemitus nostros au¬
217 1150 1016 1189 diunt. Ita generales sauctorum in coelo preces pro nobis concedim?
228 1185 1015 1222 particulares constanter negamus. Atque orant sancti in coelo pro no¬
217 1222 1024 1259 bis in terra viventibus, ex communi membrorum consensu in Chri¬
213 1253 815 1294 sto, non ex particulari aut singulari sensu in seipsis.
255 1286 594 1330 Sed praeterea objicitur istud
262 1318 1028 1355 Christus collegam habet Spiritum Sanctum in officio Mediatorio:
222 1354 859 1400 Ergo Christus solus non est Mediator Dei & hominum.
255 1389 1024 1431 Antecedens probatur: quia Spiritus Sanctus nominatur advoca¬
226 1422 1023 1463 tus noster a Christo ipso, Joh. 14. v. 16, 17. Ego autem rogabo Patrem,
219 1455 1015 1491 & alium Paracletum, id est, advocatum dabit vobis, ut mancat vobus
221 1487 1022 1522 cum in aeternum: Nempe Spiritum illum veritatis quem mundus non
219 1521 1022 1564 potest recipere, quia non videt eum, nec novit eum: vos autem cognosci¬
216 1562 1028 1594 tis eum, quia apud vos manet, & in vobis erit. Et vers 26. Paracletus
219 1595 1022 1631 ille, id est, Spiritus Sanctus quem mittet Pater in nomine meo, ille vos
219 1627 1029 1666 docebit omnia, & suggeret vobis omnia quae dixi vobis. Et capite 15. 26.
221 1656 1021 1699 Quum autem venerit paracletus ille, quem ego mittam vobis a Patre.
215 1693 1015 1735 (piritus, inquam, ille veritatis, qui a Patre emanat) ille testabitur de
222 1727 1019 1766 me. Et cap 16. 7. Expedit vobis ut ego abeam: nisi enim abiero, para¬
222 1755 1025 1792 cletus ille non veniet ad vos. Intercedit pro nobis gemitibus inenarta:
215 1787 1019 1827 bilibus, Rom. 8. v. 26, 27. Itidem autem & Spiritus una sublevat in¬
219 1821 1017 1863 firmitates nostras, quid enim precemur ut oportet, non novimus: sed ipse
213 1854 1008 1891 Spiritus interpellat pro nobis suspiriis inenarrabilibus. Qui vero scruta.
216 1893 1025 1931 tur corda, novit quis sit sensus Spiritus: quia secundum Deum inter¬
227 1918 1021 1962 pellat pro sanctis. De Christo vero dicitur I. Joh. 1. παρακληον, id est,
228 1961 931 2001 Advocatum apud Patrem habemus, Iesum Christum justum.
249 1995 1009 2035 RESP. Homonymia est in voce Graeca παργκλητος, quae & me¬
222 2022 1026 2068 diatorem patronumve, & consolatorem significat: sicut & verbum;
217 2057 1013 2100 Graecum ταργιλολεῖν, unde & nomen paracletus derivatum est, & pa¬
216 2094 1021 2137 trocinari & consolari si gnificat. Sic igitur alio modo Christus, alios
219 2126 1018 2170 modo Spiritus Sanctus est Paracletus. Christus est paracletus noster,
222 2159 1008 2205 quia est Mediator & patronus noster placans nobis & propitium red
223 2188 1049 2237 dens Deum: Spiritus Sanctus vero est paracletus noster, quia est
228 2223 1020 2269 consolator animarum nostrarum subvehiens infirmitati nostrae do¬
227 2258 1015 2303 cens nos, consulens nobis, & formans in nobis preces ad Deum;
234 2292 1018 2337 Nomen Latinum advocatus tanquam respondens Graeco παρακλη¬
219 2323 1016 2368 τος, a Patribus etiam Spiritui Sancto tribuitur, ut a Tertulliano ad¬
219 2361 1022 2405 versus Pi axean cap. 9. a Novatiano de Trinipate cap. 28. & 29. In
225 2396 1016 2442 vulgata versione Latina perperam Latine dicitur Paraclitus, quum
222 2427 1019 2476 dicendum sit Paracletus penultima producta; quanquam autoritate
233 2460 1022 2509 Patrum veterum illud defendi posse videatur: sed vetustas erroris non
237 2495 1014 2538 parit errori patrocinium, & turpe est retinere errorem veritate pate
225 2534 1027 2573 facta. Sed ex quo opere seu actu Spiritus Sanctus dicatur paracletus,
225 2560 1028 2606 exponit Origenes libro secundo ωρι δζχιν, de Principiis contra Cel¬
219 2594 1030 2642 sum, capite septimo: Oportet ergo nos scire quia Paracletus est Spiritus
234 2628 1026 2674 Sanctus docens majora quam voce fieri possunt, & ut ita dixerim, quae
219 2666 1027 2707 ineffabilia sunt, & quae non dicet hominibus loqui, id est, quae indicare
220 2695 1028 2742 humano sermone non pessunt. Et paulo post: Paracletus vero quod di¬
225 2729 1021 2782 citur Spiritus Sanctus, a consolatione dicitur: Paraclesis enim Latino
235 2761 1031 2811 consolatio appellatur. Si quis namque de Spiritu Sancto participare meru¬
234 2793 1025 2847 erit, cognitis in effabilibus sacramentis consolationem sine dubio & laeti¬
240 2829 1022 2881 tiam cordis assumit. Quum enim rationes omnium quae fiunt quare vo¬
243 2861 1034 2918 qualiter fiant Spiritu indicante cognoverit, in nullo utique conturbari e¬
234 2895 1029 2950 jus anima poterit, aut ullum sensum timoris accipere: nec in aliquo ter¬
232 2927 1034 2978 retur, cum verbo Dei & sapientiae ejus inhaerens, dominum Iesum dicit.
231 2961 1027 3014 in Spiritu. Verum quoniam Paracleti fecimus mentionem, & pro viribus
227 2995 1032 3050 nostris qualiter de eo sentiri debeat exposuimus, dicitur autem etiam
233 3031 1033 3083 Salvator noster Paracletus in epistola Iohannis cum dicit, Si quis nostrum
231 3070 1037 3123 peccaverit, patacletum habemus apud Patrem nostrum Iesum Christum,
234 3092 1035 3151 & ipse est propitiatio pro peccatis nostrisi consideremus ne forte aliud si¬
234 3131 1033 3188 gnificet haec appellatio paracleti de Salvatore, aliud de Spiritu Sanctos
231 3165 1019 3214 Videtur enim de Saivatere Paracletus dici deprecator. Virumque enim!
224 3206 1034 3260 gnificat in Graeco paracletus, & deprecatorem & consolatorem. Propter
225 3232 1039 3291 eum ergo qui subsequitur sermonem, quo ait, Et ipse est propitiatio pro¬
1060 181 1857 232 peccatis nostris, magis in Salvatore nomen paracleti pro deprecatere n¬
1060 220 1861 265 telligendum videtur. Deprecatur enim Patrem pro peccatis nostris. De.
1065 248 1855 297 Spiritu Sancto paracletus debet intelligi pro eo quod consolutionem prae¬
1066 284 1779 330 stat animabus, quibus aperit & revelat sensum scientiae spiritalis.
1269 364 1649 426 CAPUT XXIX.
1134 429 1787 499 In quo de officio Christi Prophetico, Sacerdota¬
1368 488 1553 554 li & Regio.
1139 554 1844 596 FPICIUM Mediatoris Christi est triplex: Propheticum, Sa¬
1083 564 1844 640 Dcerdotale & Regium. Deut. 18. 15. Prophetam e medio tuie fra¬
1155 629 1844 664 ribus tuis sicut ego sum, suscitabit tibi Ithova Deus tuus, ei au¬
1066 639 1836 704 scultate. Actor. 3 vers. 22. & 7. 37. Psalm. 110. toto. Zach. 6. v. 12, 1.
1065 695 1838 734 Ecce virum, cujus nomen est GERMEN, qui e loco suo germinabit, &
1069 727 1847 767 aedificabit templum Iehovae. Is enim aedificaturus est templum Iehovae.
1065 758 1855 794 idenque reportaturus decorem, & sessuras ac dominaturus in solio suo, e¬
1064 794 1850 828 risque Sacerdos in solio suo, & consilium pacis erit inter utrosque. Hebr. 7.
1064 827 1862 864 2, 3. Exponitur autem nomen ejus, Rex justitiae, deinde vero etiam Rex
1071 860 1861 891 Salem, quod est Rex pacis: Sine patre, sine matre, sine genere: nec initi¬
1068 892 1850 926 um dierum, nec vitae finem habens: sed assimilatus Filio Dei, manet.
1068 927 1852 971 Sacerdos in perpetuum. Et cap. 13. 20. Deus vero pacis, qui magnum il¬
1074 958 1854 1003 lum ovium, per sanguinem federis aeterni pastorem, Dominum nostrum:
1081 985 1391 1035 esum, a mortuis reduxit, &c.
1116 1012 1843 1069 propheticum efficium Christi, est totum Dei verbum nobis perfe¬
1065 1059 1857 1098 cte revelare, nos docendo tum nostrum malum, in quod culpa nostra
1065 1093 1840 1126 incidimus, tum bonum a Deo nobis ex gratia obveniens, Hebr. 1. v.
1077 1127 1851 1169 I. Ultimis diebus hisce liquutus est nobis (Deus] in Filio, &c. Joh. 1. v.
1080 1157 1853 1193 16, 17, 18. Ex plenitudine ipsius omnes accepimus, & gratiam pro gra¬
1083 1194 1860 1234 cia: Num Lex illa per Mosen data est: gratia & veritas per Iesum
1089 1225 1858 1257 Christum praestita est. Deum nemo vidit unquam: unigenitus ille Fi¬
1074 1258 1856 1298 lius, qui est in sinu Patris, ille nobis exposuit. Psal. 65. v. 6. Res reveren.
1077 1291 1850 1331 das in justitia proloqueris nobis, ô Deus salutis nostrae, Jesaiae cap. sexa¬
1077 1324 1856 1368 gesimo-primo, versiculo primo, Spiritus Domini Iehovi est super me:
1080 1359 1852 1393 eo quod unxit Iehova me ad evangelizandum mansuetis, misit me ad
1077 1390 1852 1429 obligandum fractigunimo, ad proclamandum captivis libertatem, &c.
1095 1418 1855 1461 ohan. capite quarto, versiculo vigesimo quinto, Scio Messiam ven¬
1085 1454 1862 1498 turum (qui dicitur Christus,) quum venerit ille, nobis annunciabit o¬
1078 1487 1859 1530 mnia, Johannis capite decimo-octavo, versiculo trigesimo-septimo?
1076 1527 1600 1565 Veni in mundum, ut dem testimonium veritati
1117 1556 1868 1598 Propterea dicitur Christus summus Propheta, Deuter. 18. 15. 18.
1090 1588 1863 1627 Cconsiliarius Jes. 9. ver. 6. Actor. 3. vers. 22. & cap. 7. 37. μάτηγηηῆς, hoc
1091 1619 1850 1661 st, Doctor, Matth. 23. 18, 10. & Apostolus nostrae confessionis Hebr. 3.
1083 1665 1852 1702 1. & fidus ille testis Apocal. I. vers 5item testis nationum, antecessor &
1080 1688 1858 1730 praeceptor nationum Jes. 55. 4. Lux occlesiae. Jes. 60. vers. 1. Luc. 2. v. 32.
1086 1725 1868 1762 Lux illa mundi, id est, qui patefecit & annunciavit mundo veram de¬
1086 1756 1866 1798 salute aeterna doctrinam, quae confestim erassas tenebras ignoratio¬
1086 1796 1855 1826 nis rerum divinarum ex mentibus hominum dispulit: discrimen ve¬
1079 1822 1866 1860 ri Dei & falsorum deorum, veri cultus Dei & idololatriae. verae eccle¬
1072 1860 1855 1898 siae & falsae, virtutis & vitiorum detexit: humanum genus a regno te¬
1074 1893 1856 1925 nebrarum liberavit: fideles de vero cultu Dei & salutis via tam cer¬
1074 1926 1870 1962 tos reddidit, ut vitam & pro eo sanguinem profundere non dubita¬
1070 1962 1862 1996 rint: alectos & efficaciter vocatos regeneravit, & corda hominum
1071 1989 1858 2027 ad amandum Deum & proximum infiammavit. Ob idem officium
1074 2021 1861 2060 vocatur Vrul, id est, lux & sapientia Dei, 4. Esdrae 41. Dactor seu Dux
1084 2056 1473 2094 consummator fidei, Hebr. 12. v. 2.
1101 2080 1867 2125 Ejus partes duae sunt: externa veritatis divinae promulgatio, & in¬
1098 2148 1870 2189 Externa veritatis divinae promulgatio, est prima pars Prophetici
1072 2185 1861 2226 officii Christi, dum praedicavit Euangelium de gratia Deie: redem.
1108 2250 1862 2292 Partes igitur illius sunt duae: doctrina & rerum futurorum praedi¬
1072 2280 1097 2323 cti
1108 2316 1859 2369 Doctrinae partes duae sunt: patefactio Evangelij, & vera Legis in¬
1071 2353 1182 2403 terpretatio
1116 2380 1862 2425 Patefactio Evangeli, est prima doctrinae Christi pars, dum praedi¬
1080 2414 1851 2456 cavit regnum gratiae & resipiscentiam: arcanumque consilium & o¬
1074 2447 1857 2494 mnem voluntatem Patris de reconciliatione nostri cum illo, patefe¬
1074 2481 1853 2526 cit, Gen. 3. v. 15. Semen mulieris conteret caput serpentis. Gen. 22. In se
1071 2514 1856 2562 mine tuo benedicintur omnes Gentes terrae. Matth. 4. v. 17. Ex co tem¬
1090 2555 1861 2589 pore coepit Iesus praedicare, & dicere, resipiscite: appropinquavit enim re¬
1079 2586 1858 2634 gnum coelorum. Joh 1. vers. 18. & cap. 15. v. 15. Vos autem dixi amitos.
1086 2614 1864 2664 quia omnia quae audivi a Patre meo, nota feci vobis. Matth. 11. v. 27.
1089 2658 1867 2696 Omnia mihi tradita sunt a Patre mio; & nemo novit Filium nisi Pa¬
1086 2683 1868 2727 ter, neque Patrem quisquam novit nisi Filius, & cuicunque voluerit Fili¬
1078 2725 1217 2768 us retegere.
1119 2741 1853 2795 Vera Legis interpretatio, est altera doctrinae Christi pars, dum ve¬
1091 2776 1859 2828 tam Legis divinae sententiam ex mente insius Legislatoris Dei ex¬
1102 2810 1872 2859 osuit, ut eam a corruptelis Phariseicis assereret, Jes. 1. v. 11, & sequen¬
1095 2849 1502 2899 ibus, Matth. 5. v 20. & sequentibus.
1122 2874 1873 2927 Rerum futurarum praedictio tribuenda est Christo tum in Veteri
1093 2915 1832 2963 Testamento tum in Novo, 1. Pet. 1 11. & c. 3. 19, 20. Apoc 22. 16.
1127 2940 1870 2995 Interna cordium per Epiritum Sanctum illuminatio, est altera &
1101 2976 1873 3027 praecipua pars Prophetici officii Christi, dum per Spiritum Sanctum
1092 3010 1865 3059 movet fideles, ut & mente capiant, & corde velint ea quae docentur &
1100 3052 1867 3094 niis acquiescant, Luc. 24 v. 32, 45. Tunc aperuit eorum mentem, ut
1088 3085 1871 3126 intelligerent Scripturas. Act. 16. v. 14. Lydiae, purpurariae cor Dominus.
1089 3116 1666 3170 adaperuit ut attenforet iis quae dicebantur a Paulo.
1122 3138 1867 3197 Officium Propheticum Christus tum ante incarnationem suam
1092 3176 1883 3227 & post eam in terris versans obiit: tum post adscensionem suam in
1094 3213 1796 3269 coelosi idemque adhuc obit in coelis sedens ad dexterani Dei.
