2063 3482
237 149 1045 218 Monarcha Ecclesiae est solus Iesus Christus: nequaquam vero Pe¬
220 199 740 237 ctus Apostolus, multo minus Papa Romanus
254 235 1004 276 Hdonarchia Ecclesiastica gravior est civili: Monarchia autem illa
244 261 400 301 solius Christi
242 301 997 346 porro regium officium exercet duobus modis: altero, si Ecclesiam
219 331 674 373 per se spectes: altero, si Ecclesiae hostes.
246 364 948 410 Si Ecclesiam per se spectes, dupliciter regium officium exercet:.
244 394 995 443 I. Quod per suum Sanctum Spiritum in nos sua membra coe¬
208 422 997 474 lestia dona effundit, Ephes. 4. vers. 10, 11, 12. Hebr. 12. vers. 25, 26. Vi¬
207 468 997 508 idete ne aspernemini eum qui loquitur: nam si illi non effugerunt quo
220 504 991 546 aversabantur eum qui loquebatur Dei nomine in terra, multo magis
207 536 989 579 nos, si eum, qui de coelis est, aversemur: Cujus vox tunc concussit ter
207 564 1003 605 ram: nunc autem denunciavit, dicens: Adhuc semel ego concutiam, non
210 601 1010 643 solum terram sed etiam coelum. Et juxta Prophetiam Psalm. 68. 19,
214 639 1004 671 20. Adscendens in sublime; captivam fecist: capt. vorum multitudi¬
207 668 1003 704 nem, accipiens dectisti dona hominibus, etiam rebelles habitando capt:
211 709 1005 745 vos facis, lah Deus. Benedictus Dominus, qui quotidie onerat nos donis:
207 735 1009 771 Agg. 2. 7. Et commoturus sum omnes gentes, ut veniant desiderati em¬
210 772 1001 816 nium gentium; & impleturus domum hanc gloria, ait Iehova exercit
218 799 392 841 tuui). Act. 2. 3.
246 818 1040 882 II. Quod nos suo verbo & Spiritu regit, Matth. 28. v. 20. Ego
220 862 937 906 vobiscum sum omnibus diebus usque ad consummat: onem seculi.
249 900 1020 947 Si Ecclesiae hostes spectes, etiam dupliciter regium officium Christus
220 935 317 971 exercet:
244 965 998 1009 I. Quod nos nobisque partam salutem sua potentia contra ho
207 995 1004 1044 stes nostros tuetur & conservat, & nos potenter liberat, Psal. 2. v. 9.
226 1036 1001 1081 Confringes eos virga ferrea; ut vas figlinum dissipabis eos. Et 110. 1
222 1069 1000 1103 Donec disposuero inimicos tuos, in scabellum pedum tuorum. Jes. 9. v. 2.
222 1102 1010 1140 Populus in tenebris vidit lucem magnam. Et cap. 32. vers. 2. Et erit vir
222 1137 1009 1173 tanquam absconsio a vento, & latibulum ab inundatione; ut rivi a¬
219 1166 1013 1212 quarum in arido loco, ut umbra pecrae ingentis in terra fessa ex siti. La¬
220 1203 860 1243 char. 3 v. 2. Joh. 10. v. 28, 29, 30. Eph. 4. v. 8 Ps. 68. v. 21.
256 1236 1010 1279 Liberatio Ecclesiae est triplex. Prima est quam Christus praestitia
213 1268 1016 1305 in statu humiliationis, factus pro nobis homo, factus legi subjectus
222 1300 1022 1354 loco Ecclesiae, factus sacrificium propitiatorium pro ea, eamque ipsi
219 1336 575 1378 manifestavit & communicavit.
252 1370 889 1410 Haec prima liberatio fons est liberationum reliquarum
258 1397 1012 1441 Partes ejus sunt duae: Prima est, quod homo factus, se Patri pro
223 1435 1007 1475 Ecclesia stitit & pro ea satisfecit & oravit. Secunda pars est, quod libe¬
222 1467 931 1515 rationem hanc Ecclesiae suae manifestavit & realiter applicavit
256 1489 1044 1545 Secunda liberatio, est qua Christus ad dextram Dei sedens quoti¬
222 1534 1009 1579 die magis ac magis a malis tam spiritualibus quam corporalibus, qui
216 1574 1024 1614 nos etiamnum in finem usque seculi circumstant, nos liberat, sic ut
214 1611 1021 1650 nobis praevalere nosque superate nequeant. Roman. 7. Roman. 8 2.
226 1640 362 1684 Corinth. 4.
249 1675 1007 1710 Tertia liberatio, est qua Christus in gloria veniens ad judicium u
222 1700 1022 1741 niversale vivorum & mortuorum nos tandem plenissime ab omnibus
219 1740 1015 1776 hostibus & malis liberabit, & lucem suam clarissime manifestabit u¬
220 1770 713 1817 ejus clara visione in aeternum beati simus.
258 1797 1010 1840 II. Quod hostes nostros debellat, partim per seipsum sua po¬
219 1831 1015 1873 tentia, Psal. 110. vers. 2. Dominare in medio? nimicorum tuorum, Joh.
222 1866 1025 1906 16. v. 33. partim nos ipsos instruendo armis spiritualibus, quib. dia¬
232 1907 1009 1946 polo & mundo resistimus & vincimus Rom. 16. 20. 1 Joh. 5. v. 4. 5.
222 1931 802 1980 donec tandem nos plene ac integre ab illis asserat.
259 1969 655 2013 Haec hostium debellatio duplex est
250 1989 1012 2042 I. Quod omni potestate privat quosdam hostes, quantumvis
225 2039 1016 2079 potentes & superbos: ut Satanam & impios omnes Psalm. 2. vers 9.
228 2065 1007 2102 Confringes istos virga ferrca, ut vas figlinum dissipabis eos. & Psal. 110.
235 2099 1012 2138 vers. 5, 6. Dominus qui sedet ad dexteram tuam sapostrophe ad Deum;
219 2134 1001 2172 Patrem, Jfragens die irae suae Reges. Iudicium exercebit in gentes, com¬
227 2158 1011 2203 plens corporibus, frangens caput in regionibus plurimis, hoc est, adver¬
228 2194 1006 2241 sarios omnes ad unum male perdens & Satanae administros, Saca¬
232 2228 1022 2277 hamque ipsum qui mortis imperium obtinet, conterens sub pedibus
222 2269 682 2314 nostris. Jes. 11. v. 14, 15. Ps. 68. v. 19, 22.
255 2293 1012 2346 2. Quod alios prorsus abolebit, ut mortem. 1. Corinth. 15. vers.
241 2348 1018 2387 26. Psalm. 110. vers. 7. De torrente in via bibet, idcirco attollet caput.
222 2369 1013 2419 hoc est, victoriam constantissime persequetur; quemadmodum stre¬
230 2401 1015 2454 nui duces ne cibo quidem aut potui indulgent, quum fusos hostes
225 2433 1022 2494 persequuntur: propterea victoriam plenam consecutus triumphabit.
234 2480 359 2525 cum gloria
260 2501 826 2554 Regnum Christi vel naturale est vel donativum.
267 2531 1015 2597 Regeum Christi naturale, est quod Christus a natura habet, estque
231 2574 1012 2630 commune totius Deitatis, Patris, Filii & Spiritus Sancti, quo regna
236 2618 1024 2662 tres illae personae Deitatis aequali potentia, majestate & gloria re¬
230 2641 1024 2701 gnant in unitate essentiae & operationum communium, in omnibus.
235 2677 1028 2726 & super omnia, infinite & immutabiliter, ab aeterno in aeternum.
241 2710 1016 2758 Hoc regnum etiam universale dicitur, quia est simpliciter in univer¬
272 2766 1027 2825 At Regnum Christi donativum, est quod Christus traditum a Pa¬
231 2810 1020 2859 tre θεαν θρωπος accepit: Quemadmodum testatur Deus Pater ipsi
237 2847 1019 2893 Psalm. 2. vers. 6. Ego inungens Regem meum, praefeci Tzioni monti san¬
230 2879 1016 2929 ctitatis mcae. Et vers. 8. Pete a me & donabo ontes in possessionem tuam
231 2911 1026 2962 & fines terrae jui possessionis tuae. Testatur Daniel Propheta cap. 7. v.
240 2941 1021 2996 13, 14. Idem asseverat Servator ipse Matth. 11. 27. Omnia mibi tradi¬
233 2977 1021 3027 ta sunt a Patre meo: & Matth. 28. 18. Data est mihi omnis potestas i1
237 3010 1021 3059 coelo & in terra. & Joh. 17. 2. Sicut dedisti ci autoritatem in omnem
237 3039 1021 3094 carnem, ut quotquot dedisti ei, det eis vitam aeternam. Hoc testatur
240 3076 1022 3124 Propheta Daniel cap. 2. vers. 44. quum ait, Suscitabit Deus coelere
241 3116 1021 3164 gnum. Hoc Angelus Gabriel, cum ait ad Mariam Luc. 1. versic. 31.
240 3141 1044 3192 Hic erit magnus & Filius Altissimi vocabitur, dabitque ei Dominus
237 3170 1032 3225 Deus sedem Devidis Patris ipsius. Unde promtum est colligere, regni
236 3211 1031 3266 istius causam efficientem principem & autorem esse Deum Patrem
1054 165 1842 222 Hoc regnum est proprium Christi, quod ut Rex Mediator obtinei in
1072 213 1828 251 persona sua: ac regnum etiam singulare dicitur, quia est peculiare i1
1060 240 1838 290 Ecclesia, quam & gubernat & adversus omnes hostes, spirituales &
1053 282 1064 322 &
1063 311 1834 355 re natuiae, quia est naturalis Filius Dei Patris: ita donativum regnum
1053 348 1065 389 .
1087 373 1837 429 Hoc donativum Christi regnum est duplex, regnum gratiae, & re¬
1065 405 1198 451 gnum gloriae,
1084 443 1835 492 Regnum gratiae, est gratiosa gubernatio Ecclesiae in hac vita, in qua
1064 477 1839 530 gratiam suam exhibet electis suis ad procurandam sempiternam eo¬
1053 515 1066 556 I
1081 541 1834 584 Idque suscepit in sese Christus secundum utramque naturam divi¬
1062 573 1262 617 nam & humanam
1081 605 1829 650 Secundum divinam naturam suscepit illud in se per admirandam
1059 632 1828 681 illam εἰκονομιαν & dispensationem gratiae. qua integro servato natur
1060 677 1841 717 rali jure & communi Deitatis regno, ultro sese propter nos homines
1059 708 1838 750 & salutem nostram ad abjectiorem regni modum demisit, verum, ut
1059 740 1828 787 dixi, salvo naturalis regni jure, quo se non abdicavit, & quod nequa
1061 773 1201 825 quam amisi¬
1093 806 1831 851 Secundum humanam vero naturam suscepit illud in se per gratio¬
1066 829 1837 882 sam illam unctionem, qua inaugurata est natura assunta ad hanc re¬
1065 872 1256 924 giam dignitatem
1102 908 1831 947 dem etiam regnum gubernat Christus secundum utramque na¬
1072 940 1833 988 turam, divinam & humanam in unitate personae & operationum per¬
1056 1011 1071 1037 c.
1069 1040 1697 1078 dem opere regio, Deitatis & humanitatis operationibus.
1098 1074 1844 1122 Praeest autem Christus huic regno ipsemet, & praesentissima Spi¬
1065 1102 1831 1147 ritus sui virtute regno suo adest, aderitque ad consummationem us
1074 1143 1834 1178 que seculi: testante Jesaia & dicente c. 9. 6. Puer natus est nobis, ficius
1066 1177 1842 1216 datus nobis, cuius humero adest principatus itse, id est, qui ipse hume¬
1069 1203 1833 1247 ris suis gerit & sustentat regnum suum, subditos suos, Ecclesiam sua
1072 1239 1831 1279 am: non autem subditi ipsum sustentant, velut mundanum regent
1066 1275 1840 1310 vel principem subditi sustentare coguntur. Et Domino ipso Matth.
1069 1308 1831 1341 18. v. 20. Ubi sunt duo vel tres congregati in nomine meo, illic sum i1
1069 1340 1843 1378 medio eorum. Et Matth. 28. 20. Ecce ego vobiscum sum omnibus diebus
1023 1253 1078 1412 t
1108 1389 1831 1442 Porro quamvis Christus in hoc regno sit Monarcha: Admini¬
1071 1429 1831 1474 stris tamen in ejus gubernatione uti dignatur tum Angelis, tum ho¬
1069 1473 1834 1507 minibus. Nam Angelorum opera hic Rex noster utitur, qui prim¬
1072 1503 1835 1540 Evangelium de Christo Domino nato annunciarunt: qui deinde
1065 1541 1075 1582 J
1065 1573 1076 1613 I
1065 1606 1076 1646 s
1065 1639 1076 1679 s
1083 1667 1857 1717 Dignatur etiam uti opera Pastorum & Doctorum, per quos verbo
1068 1698 1546 1739 & Sacramentis pascit animas electorum.
1108 1727 1847 1772 Pastorum autem & Doctorum plurium, quorum quilibet in suo
1080 1772 1846 1806 grege est vicarius Christi, dum suum munus exsequitur, quemadmo,
1078 1801 1835 1841 dum ait Paulus 2. Lor. 5. v. 20. Nomine Christi bgatione fungimur.
1102 1831 1840 1872 Non habet autem ullum generalem ex hominibus vicarium, qui
1062 1854 1078 1902 s
1077 1900 1856 1934 non agitur de regno ejusmodi, in quo vices Principis solus quispiam
1068 1936 1079 1976 t.
1066 1968 1079 2008 r.
1075 1996 1841 2036 verbo absolvam, de Evangelii ministerio, quod in Verbi & Sacra¬
1073 2028 1849 2069 mentorum quovis loco administratione situm est. Haec vero nemo¬
1059 2061 1080 2097 h
1065 2102 1080 2131 u¬
1065 2129 1081 2170 it
1093 2159 1841 2201 Hujus igitur Regis nostri Prorex seu vicarius generalis non est
1065 2189 1081 2233 P
1270 2223 1628 2279 Haec de regni administris.
1104 2268 1849 2310 Si materiam consideremus, regnum Christi vel figurate sumitur?
1059 2306 1084 2348 V
1074 2335 1849 2380 quod est instrumentum regni Christi: vel pro Ecclesia quae regnum
1083 2371 1835 2407 Christi est subjective; unde regnum Christi ii sunt qui in eum cre¬
1072 2410 1083 2450 6
1071 2444 1084 2485 n
1099 2470 1853 2512 Si formam spectemus, sita est illa in gubernatione spirituali, quam
1078 2501 1849 2539 Christus efficacitatem verbo & Sacramentis ex Spiritu suo tribuit;
1071 2543 1084 2584 a
1074 2577 1085 2617 t.
1087 2604 1841 2642 nana potentia & viribus carnalibus, non humanam arte aut autorita¬
1077 2639 1838 2674 te: unde a Daniele lapidi comparatur, qui non sit in manibus ullis.
1107 2667 1840 2707 Effecta hujus regni sunt duplicia: alia ad fideles subditos hujus re¬
1074 2715 1086 2756 s.
1107 2718 1849 2772 Effecta ad fideles subditos regni pertinentia sunt fructus quos ex¬
1081 2764 1850 2811 illo percipimus & commoda quae inde haurimus. Nam ad vitam ae¬
1080 2796 1853 2838 ternam nos attollit: bonis oninibus ad saluteni necessariis nos ditat:
1078 2834 1849 2874 invictos adversus spirituales hostes reddit: ad patientiam animat:
1090 2864 1856 2914 gloriandi materium & fiduciam nobis suggerit: fortitudine induit:
1083 2895 1333 2943 ad charitatem impelli,
1117 2930 1853 2970 Pax quoque hominum inter se, potentissimis, ferocissimis & dam¬
1086 2961 1861 3002 nosissimis quibusque potentia Christi domitis & ad Ecclesiam addu¬
1083 2996 1849 3039 ctis, sic ut ne trepidi quidem pueruli sibi ab illis amplius metuant
1090 3028 1856 3082 quemadmodum praedictum fuit allegoria quadam hyperbolica, Jeso
1090 3059 1858 3105 capite undecimo, versiculo sexto, septimo & c,ctavo. Quupropter com¬
1083 3092 1861 3136 morabitur lupus cum agno, & pardus cum haoedo ricubabit, ditulus quei
1086 3132 1861 3177 & juvenis leo, ac pecus pingue simul erunt, & guer parvulus dux inter
1093 3158 1852 3200 tos futurus est. Et vacca ursaque compascntibus, simul retubabunt catu
1082 3192 1859 3245 li carum, & leo sicut bos comedet stramen: Et oblcctabit se lactens sub
