2063 3472
231 164 1018 228 per foramen haemorrhoi, & super specum viperae depul sus a lacte ma¬
237 203 1025 254 num suam injiciet. Et capite sexagesimo-quinto, versiculo vigesimo,
232 253 323 298 quinto.
266 256 1015 323 Convocatio electorum ex omnibus populis & Gentibus & eo
234 301 1021 356 rum coadunatio, quae praedicta fuit Jes. 11. v. 10, 11, 12, 13. Erit autem
236 342 1030 386 tempore illo ut ad eum qui e radice Iischai stabit in signum populorum,
231 380 871 435 gentes consulturae veniant; & sit requies ejus gloriosa, &c.
272 397 1019 450 Effecta vero ejus adversus hostes sunt, quod eos comminuit & con
237 436 1027 486 terit. Ideo a Daniele comparatur lapidi de monte devoluto & omnia
232 469 1022 519 Jobjecta comminuenti: & a Zacharia lapidi onerosissimo, quem qui
236 508 1021 558 cunque e suo loco tollere conatur, nervos sibi rumpit ejus ve allisione
233 540 1024 588 conteritur. Necesse est evanescere & perire miserum modum, quic.
243 570 1024 625 quid unigenito Filio Dei est adversum. Necesse est everti & pessun¬
232 605 1028 650 dari omnia regna, quae contraria sunt regno Filii Dei: quemadmo¬
240 640 1021 684 dum praedicit Jesaias capite 60. versicul. 12 Gens ipsa & regnum quo
240 673 1028 717 non servient tibi (alloquitur Ecclesiam) peribunt, & haegentes penitus.
236 709 1027 751 desolabuntur. q. d. omnes Gentes, omnes populi aut servient tibi, au¬
235 746 458 795 divinitus peribunt.
507 774 783 838 Tantum de effectis.
272 837 1033 889 Subjectum is 8, id est, unde originem habet, est coelum. Non enim
238 878 1034 926 est ex hoc mundo, ut ipse Dominus testatur, Johan. 18. versic. 36. Dei
240 915 1033 959 coelo missus Angelus Domini annunciavit Pastoribus Evangelium
244 945 1027 994 de nato mundo Servatore, qui Christus est Dominus, Luc. 2. versic.
235 977 1028 1026 10, 11. Ita e coelo coepit erigi regnum Christi per Evangelii praedica¬
236 1010 592 1058 tionem per exercitus coelestes.
262 1044 1024 1090 Subjectum eνd, in quo regnum gratiae erigi debuit, est totus ter¬
237 1082 1027 1126 rarum orbis quemadmodum Daniel ait, lapidem qui contriverat i
242 1122 1033 1161 maginem effectum esse montem magnum & totam terram imple¬
240 1156 1030 1192 visse Hinc Christus praecepit Apostolis, ut irent in mundum univer
237 1172 1064 1229 sum, & praedicarent Evangelium omni creaturae, id est, omnibus ho¬
240 1220 1000 1262 minibus, non tantum Judaeis, nec tantum in Judaea, Marc. 16. v. 15.
267 1249 1036 1288 Subjectum circa quod regnum Christi versatur, sunt Angeli & ho¬
243 1289 662 1331 mines, atque adeo omnes creaturae:
273 1324 752 1365 Adiuncta regni Christi occurrunt plura:
280 1347 1046 1395 Primum, est tempus quo coepit erigi, nimirum post finem regni¬
235 1389 1031 1427 quarti a Daniele descripti, statim cum initio annunciationis Evange¬
241 1416 1040 1466 lii de nato & exhibito CHRIST0. Evangelii enim praedicatione
235 1448 1044 1497 regnum hoc erectum est in terra & constitutum inter homines, ut
234 1491 1043 1533 paulo aute dictum, unde Evangelium regni a Marco vocatur, cap. 1.
233 1523 323 1564 vers. 14.
267 1542 1039 1590 Secundum adjunctum regni Christi, est subitus ejus adventus. In¬
244 1588 1043 1628 opinata enim fuit ejus erectio, plerisque nihil de eo cogitantibus, qui¬
246 1621 1049 1663 busdam longa adhuc ejus exspectatione suspensis. Ideo comparatur
250 1654 862 1696 sapidi e monte exciso & subito devoluto, Dan. 2. v. 41.
291 1685 1046 1721 Tertium adjunctum est ejus tenuitas circa primordia: Fuit enim
249 1719 1045 1763 sub initium per quam tenue & exiguum. Hinc Matth. 13. versic. 31,
252 1758 1046 1799 32. a Christo comparatum fuit grano sinapis, quod minimum qui¬
247 1787 1049 1826 dem est omnium seminum: quum autem excreverit, maximum est,
243 1818 1049 1859 olerum & arborescit, adeo ut veniant volucres coeli & nidulentur in
255 1857 1031 1898 ramis ipsius. Item fermento, quod inditum in farinae modios aliquo
247 1883 1034 1926 totam massam fermentat, Matth. 13. vers. 33. Ita regnum Christi a te¬
244 1918 1037 1961 nuissimis principiis inchoatum, insperatos habuit progressus, & to¬
247 1959 1040 2002 tum orbem brevi fermentavit, ut tanto melius admirabilem poten¬
249 1987 871 2026 tiam Dei in regni Christi amplificatione illustrarent.
279 2013 1037 2062 Quartum, est conservatio ejus plane diversis mediis quam quibus
251 2053 1033 2099 regna terrena conservantur. Regnum enim Christi conservatur
259 2091 1034 2126 martyriis, continuatione ejusdem cultus Dei & praedicatione justitiae
255 2120 1033 2156 Christi: At regna tertena conservantur armis corporalibus & fede¬
259 2159 1037 2202 ribus humanis adversus hostes, & gravibus suppliciis adversus im¬
255 2186 499 2231 morigeros & rebelles
287 2213 1031 2262 Quintum adjunctum est immunitas ab interitu. Regnum enim
256 2246 1033 2289 Christi non potest everti unquam, nec in alium valentiorem trans¬
252 2287 1030 2326 ferri. Alia regna vel mole sua ruunt, intestinis dissidiis concussa: ve¬
244 2322 1027 2368 ab uno populo in alium transferuntur, quod plurimis exemplis de
250 2353 507 2397 clarare promtum esset.
285 2382 1027 2429 Sextum adjunctum est aeternitas. Regnum enim hoc est aeter¬
244 2422 1025 2456 num, quemadmodum ait Daniel, cap. 2. vers. 44. Ipsum stabit in secu¬
243 2456 1025 2497 la. Quemadmodum enim Rex est aeternus in se: ita communicat est
244 2490 1022 2530 iam cum regno suam aeternitatem. Ista aeternitas regni Christi duc
247 2512 1073 2563 bus modis est consideranda: Nam & ad totum Ecclesiae corpus per¬
252 2557 1037 2596 tinet & ad quodlibet ejus membrum. Si totum Ecclesiae corpus spe¬
254 2589 1039 2630 ctemus, manet illud in perpetuum & conservatur mirabiliter. Etiam¬
243 2621 1042 2663 si Ecclesia saepe dissipetur, ita ut nulla appareat sub oculis hominum:
249 2657 1045 2698 tamen non potest unquam deleri, sed Christus occulta sua virtute
243 2689 1027 2730 eam tuetur, ita ut ad finem mundi superstes sit futura. Quo referen¬
238 2725 1040 2756 dum est quod dicitur Psal. 89. versic. 36, 37, 38. Semel juravi per san¬
237 2755 1028 2799 ctitatem meam, Davidi, non mentiar: Semen ejus in saculum fore, &
242 2788 1031 2828 solium ejus ut selem coram me: Vt Luna stabile fore in saculum: & ut
237 2826 1028 2863 testes in superiore nube fideles summe. Sin etiam quodlibet Ecclesia
244 2861 1036 2897 membrum intueamur, est illud quoque aeternum, renatum ex incor¬
234 2897 1039 2935 ruptibili semine, & regenitum Dei Spiritu ad spem vitae melioris, sic
243 2927 1036 2964 ut homo sidelis non sit duntaxa: mortalis filius Adami, sed gestet vi¬
236 2961 1039 3004 tam coelestem & sempiternam in seipso, quia Spiritus qui in ipso est,
241 2997 611 3035 vita est, teste Paulo, Rom. 8. v. 10.
276 3019 1030 3072 Obijicitur locus, 1. Cor. 15. 24. Deinde erit finis, quum tradiderit
230 3059 482 3102 regnum Deo ac Patri.
273 3084 845 3132 Hinc infertur, regnum Christi non esse aeternum.
266 3123 1029 3180 RESP. Proceditur a dicto secundum quid ad dictum simpl ci¬
234 3161 718 3202 ter. Christus tradit regnum Deo ac Patri¬
282 3195 1025 3234 am dissentanea regni Chrii removenda. Rex Messias haber
237 3222 1039 3267 debet regnum non mundanum, terrenum & corporale, in quo Judaei¬
1066 156 1892 211 alias nationes dominio corporali premant: sed spirituale, ut haec ar¬
1087 194 1313 243 gumenta ostendunt.
1149 213 1895 274 Quia in Rege Messia benedicendae sunt omnes gentes terrae,
1090 262 1877 307 Gen. 12. & 22. Non ergo opprimendae servitute, non exstirpandae.
1109 300 1888 342 II. Quia Rex Messias praedicitur futurus pauper, Zach. 9. v. 9.
1113 331 1892 378 III. Quia Rex Messias negatur bellum corporale gesturus,
1077 356 1243 410 Zach. 9. v. 10.
1114 399 1889 442 IV. Quia contemtissimus futurus & plurima passurus erat, et¬
1089 432 1694 474 am mortem ipsam, sicut praedicitur, Jes. 53. Dan. 9.
1116 461 1883 506 V. Quia ejus regnum praedicitur fore aeternum: non igitur cor¬
1089 500 1439 547 porale esse potest, Ps. 89. v. 37.
1120 518 1896 573 VI. Quia ejus regnum debet extendi in omnes Gentes & na¬
1077 569 1903 610 tiones, earumque Reges & Principes quantumvis potentissimos, qui
1090 603 1705 641 Regi Christo subjectos se fatebuntur, eique servient
1108 629 1883 674 Regnum Christi non est cum externo quopiam majestatis splen
1091 670 1891 707 dore conjunctum, ex quo possit agnosci. Hoc Christus docet, cum
1081 708 1898 747 ait Luc. 17. vers 20. Non est venturum regnum Dei cum observatio¬
1083 740 1892 775 ne, id est, cum apparatu & pompa qualis conspicitur in iis qui regnum
1084 772 1901 809 terrenum capessunt. Hoc tenendum non tantum adversus Judaeos
1090 804 1896 844 terrenum Messiae regnum exspectantes: sed etiam adversus Pseudo¬
1083 842 1888 883 christianos qui Pharisaismo seu Judaismo fascinati, Ecclesiam Chri¬
1093 877 1817 915 sti ex splendore externo, opibus & potentia terrena aestimant.
1120 900 1900 947 His addemus quaedam ad generalem usum doctrinae de Christi¬
1086 942 1424 994 persona & officio pertinentia
1169 974 1904 1015 Qui nobis est omnia, in eo gloriari, in eo laetari, eo nos solari,
1085 1005 1895 1045 in eo acquiescere & firmam constantemque fiduciam collocare, ad
1089 1047 1559 1089 illum confugere in omnibus debemus:
1135 1070 1898 1114 esus Christus nobis est omnia. Est enim noster Deus, est Imma¬
1084 1115 1898 1149 nuel, Jesa. 7. vers. 14. id est, nobiscum Deus fortis: est Ithiel Proverb.
1101 1145 1889 1180 0. vers, 1. id est, mecum Deus fortis: est noster Vchal Proverb. 30. v.
1098 1181 1901 1217 1. id est, potens ille per quem omnia possumus: est puer ille natus no¬
1093 1211 1901 1247 bis & filius ille datus nobis, Jesa. 9. v. 6. est nobis admirabilis. Jesa. 9.
1098 1246 1893 1286 vers. 6. tum persona sua, quia verus Deus & verus homo in quo divi¬
1085 1282 1898 1322 na & humana natura personaliter coaluit; tum operibus universis
1098 1311 1901 1354 atque in-primis erga Ecclesiam & singulos fideles, quum sit DEUS
1095 1356 1697 1397 qui facit mitabilia solus, Ps. 72. v. 18. & 136. v. 4. &c.
1125 1379 1904 1419 Ergo in Iesu Christo gloriari, in eo laetari, eo nos solari, in eo ac¬
1104 1420 1908 1462 quiescere & firmam constantemque fiduciam collocare, ad illum con¬
1096 1449 1424 1498 fugere in omnibus debemus.
1126 1477 1910 1523 II. Qui noster Mediator est apud Patrem, is profecto non est
1083 1516 1446 1552 noster accusator apud Patrem:
1129 1551 1739 1598 At Iesus Christus est Mediator noster apud Patrem:
1129 1586 1817 1621 Ergo Iesus Christus non est accusator noster apud Patrem:
1131 1614 1904 1658 Haec consolatio est magni momenti adversus terrorem judicii di¬
1089 1653 1901 1693 vini, quod peccator non potest non reformidare, nisi fides in CHRI¬.
1104 1684 1910 1724 STUM & charitas erga Deum formidinem servilem & infidelem
1096 1725 1902 1761 excutiat. Illustratur autem haec consolatio eo quod dicitur. Rom. 8.
1092 1753 1901 1792 vers. 34. Quis est qui condemnet? Christus is est qui mortuus est, imo
1102 1790 1901 1836 vero qui etiam suscitatus est: qui etiam est ad dexteram Dei: qui ci¬
1089 1817 1364 1863 iam interpellat pro nobis
1124 1846 1902 1892 III. Solus Iesus Christus est in Novo Testamento simul Rex¬
1098 1885 1908 1929 & Sacerdos: 1. Quia ipse solus per Melchisedechum fuit figuratus,
1089 1918 1364 1963 Gen. 14. Ps. 110 Hebr.
1113 1959 1900 1995 2. Quia ipse solus fuit figuratus per primogenitos Patriarcha¬
1090 1987 1904 2025 rum, qui regni & sacerdotii quandam speciem inter suos gesserunt, ut
1098 2021 1665 2068 Abrahamus, Isaacus Jacobus, & alii primogenitia
1125 2048 1894 2091 SYNESIUS epistola LVII. Quoniam, inquit, res divina huma¬
1096 2092 1900 2123 no more curabatur: propterea conjunctus prius in eadem persona vitas
1098 2122 1892 2160 Sacram & principalem Deus separavit. Et ait venuste idem praestan¬
1095 2155 1907 2202 tissimus scriptor: δλι πολιτικήν αρετον, ἰερωσυθη συωπιειν, τα κλωδειν ἐσε
1090 2189 1894 2228 ζ ἀτογκλωςα: Politicam facultatem sacerdotio jungere, conglomeram
1092 2222 1894 2259 est in unum res, quae natura sua conjungi nullo modo queant. Sed rati¬
1089 2257 1888 2291 ones cur in Ecclesia sua Dominus eam distinctionem servari voluc
1098 2293 1900 2327 rit, explicat accurate Gelasius Papa, cujus verba hic adscribam: Fue¬
1091 2324 1904 2359 rint haec, inquit, ante adventum Christi, ut quidam figuraliter, adhuc
1100 2358 1898 2396 tamen in carnalibus actionibus constituti pariter Reges exsisterent &
1102 2389 1907 2426 pariter Sacerdotes: quod sanctum Melchisedech fuisse sacra prodit hi¬
1101 2424 1894 2459 toria. Mox: Sed quum ad verum ventum est, eundem Regem atque Pon¬
1089 2457 1905 2492 tificem, ultra sibi nec Imperator Pontificis nomen imposuit, nec Pontifex
1097 2491 1891 2528 regale fastigium vindicavit. Quamvis enim membra ipsius, id est, ver
1083 2525 1900 2561 Regis atque Pontificis, secundum participationem naturae magnifire u¬
1092 2561 1892 2597 trumque in sacra generatione sumsisse dicantur, ut simul regale genus &
1098 2596 1891 2629 facerdotale subsistant: attamen Christus memor fragilitatis humana
1092 2633 1901 2669 quo suorum saluti congrueret, dispensatione magnifica temperans, sic a¬
1099 2661 1898 2703 stionibus propriis dignitatibusque distinctis, officia potestatis utriusque dis¬
1096 2698 1897 2738 previt, suos volens medicinali humilitate salvari, non humana superbid.
1086 2725 1894 2769 rursus intercipi: ut & Christiani Imperatores pro aeterna vita Pontifi¬
1092 2762 1897 2794 cibus indigerent: & Pontifices pro temporalium cursu rerum Imperia
1089 2792 1898 2828 libus dispositionibus uterentur: quatenus spiritualis actio a carnalibus.
1095 2826 1897 2865 distaret incursibus: & ideo militans Deo minime se negotiis secularibus
1102 2863 1906 2899 mplicaret: ac vicissim non ille rebus diuvinis praesidere videretur, qui
1105 2894 1897 2940 sset negotiis secularibus implicatus: ut & modestia utriusque ordinis
1098 2927 1895 2974 curaretur: ne extolleretur utroque suffultus: & competens qualitatibus
1097 2960 1900 2999 actionum, specialiter professio aptaretur, haec Galenus in tomo de A¬
1086 2996 1909 3043 nathematis vinculo: unde accepit Nicolaus Papa, ex quo Gratianus
1099 3037 1904 3076 partim capitulo Quoniam, Distinctione decima, & capitulo Cum ad
1090 3062 1901 3111 verum, Distinctione nonagesima-sexta. Notabis duas causas gravis¬
1087 3097 1893 3134 simas, cur in Ecclesia Dei nemo homo possit esse Rex & Sacer¬
1095 3129 1901 3170 dos: Prior, modestia utriusque ordinis: appellat autor gravissimus
1095 3171 1892 3209 modestiam, quam Graeci Politici cum de natura Rerumpublicat
1093 3195 1901 3238 rum disputant, ἑσηρροπιαν & ζεγοσάτησιν: momentum aequale &
1084 3227 1895 3270 libramentum par: docent enim non posse firmam & stabilem
