2063 3426
251 165 1099 216 randum Christum aut beneficia ejus, ideo Christus vinum bibit, A
257 210 1039 246 mortuos tetigit, &c sed tantum ad domituram carnis & exercitatio¬
255 237 1038 280 nem piam qua se fideles exercebant. Quod si quis adferat exempl
252 269 1041 316 Nazireorum quos jussit Deus esse Nazireos; solutio facilis est, exem¬
260 307 1052 343 pla haec Nazireorum singularia esse & extraordinaria: quae autem
259 346 1055 387 singularia, personalia & extraordinatia sunt, ea trahi in exemplum
260 383 367 421 nequeunt
291 396 1046 450 Eventa rerum & personarum: ut Dormivit Adam innocens, ut fie¬
252 445 1047 485 ret Eva & ipsa innocens: mortuus est Christus justus & innocens.
256 472 1042 517 ut fieret Ecclesia per Christum justa & inculpata, mactatio & esus
251 508 1036 550 agni Paschalis, exaltatio serpentis in deserto, immolationes victima
256 536 1037 578 rum. Davidis ex silia, regnum, victoriae; Salomonis regnum & maje¬
254 574 1045 619 stas: Jonae ejectio in mare, ejusdem detentio in ventre ceti, liberatio
255 604 1051 643 ex eodem, fuerunt typi eorum quae Christo eventura erant. Populi,
258 641 1045 683 Israelitici liberatio corporalis ex AEgypto fuit typus spiritualis libe¬
255 672 1039 715 rationis Ecclesiae ex potestate Diaboli. Introductio populi Israeliti
252 700 1046 744 ci per Josuam in terram Canaan fuit typus introductionis vere fide¬
261 737 1041 780 lium per Jesum Christum in caelum, Hebr. 3 & 4. capitibus. Libes
259 768 1043 813 ratio civitatis Jerosolymae a Sennacheribo, fuit typus liberationia
258 802 1049 849 Ecclesiae Dei a diabolo, Jes 9. Ejusdem populi Israelitici reductio ex
252 836 1041 882 captivitate Babylonica in patriam, fuit typus reducendorum electos
255 876 1043 912 rum ex captivitate diabolica in regnum Christi. Adami dominium
263 903 1046 947 super omnia fuit typus dominii electorum veri & perfecti super o¬
258 938 1038 977 mnia in Christo, Ps. 8. Primorum parentum ejectio e Paradiso terres
261 975 1045 1013 stri fuit typus aeterni exsilii a caelesti Paradiso, nisi fieret reconciliatio¬
255 1007 1046 1054 Instauratio templi Jerosolymitani post reditum Judaeorum e capti¬
249 1048 981 1081 vitate Babylonica, fuit typus instaurationis Ecclesiae electorum
288 1071 1052 1113 Typi igitur non in se veri sunt, cum futurarum rerum umbra sint,
258 1104 1043 1145 Hebr. 10. sed in corpore suo & veritate quam figurant: Ut summus
264 1139 1079 1181 Pontifex Leviticus fuit typus Christi, & Christus veritas seu corpus I
264 1179 1049 1213 illius Coloss. 2. Ergo in Christo demum veritatem habet. Pontifex¬
255 1213 1058 1257 Leviticus caput fuit Ecclesiae Israeliticae: Christus est caput Ecclesiae
264 1241 389 1279 Catholicae,
288 1269 1061 1310 Ex typo proprio seau destinato optime concluditur id revera esse
250 1306 1049 1354 aut fore, quod figuratum est: ut Pontifex Leviticus sacrificavit: Ergo
260 1343 778 1385 etiam Christum sacrificium offerre oportuit.
298 1365 876 1411 Typus, veritate ejus adveniente & praestita, desinit.
290 1397 1063 1442 Incarnatio Christi praedicta & figurata fuit quum Aaron indutus
259 1439 1053 1482 veste Pontificali factus est Pontifex, Levit. 8. Athanas. Orat. tertia
256 1478 1057 1520 contra Arianos, pag centesima nonages. prima, tomo primo editio¬
258 1507 506 1554 nis Commelinianae.
327 1541 1004 1595 Ita per typos fuerunt praedictae res futurae: sequitur de
523 1586 806 1640 vaticiniis Propheticis.
310 1630 1061 1674 VATICINIA PROPHETICA, sunt praedictiones rerum.
269 1663 1049 1716 futurarum a Deo Ecclesiae suae, per sacros vates seu prophetas com¬
264 1703 385 1738 municatae
297 1726 663 1781 Suntque vel absoluta, vel typica.
303 1766 1046 1810 Veticinia absoluta, sunt quibus nulli typi sunt adjuncti, quae nulli
265 1805 1058 1843 typis sunt vestita & involuta: ut sunt omnes directae, apertae, expressae¬
274 1836 1052 1879 que praedictiones de Christo, de ejus nativitate, humilitate, passione,
254 1868 1042 1907 morte, resurrectione, adscensione in caelum, sessione ad dextiam Dei
266 1900 1041 1940 Patris, officio, beneficiis, regno aeterno. Jes. 7. 14. & 9. 6 & 11. 1. & 25.
269 1939 1051 1985 9. & 52. 13. & 53. 2. Jer. 23. 6. & 33.16. Mich. 4. 3. & 5. 4. Zachar. 2.
270 1964 569 2004 vers 8. & cap. 9. Psalm. 110.
307 2003 1046 2044 Vaticinia absoluta de eo solo immediate intelligi debent, in quo
273 2029 1041 2068 solo omnem impletionem sortiuntur. Ita vaticinia absoluta, de Chri¬
265 2064 1044 2100 sto edita, de Christo ipso solo, idque immediate accipi debent, cum
276 2099 1043 2137 in eo solo & in ejus spirituali regno sint complementum consecuta¬
277 2134 776 2168 & si quae adhuc implenda sunt, consequentur.
309 2158 1052 2203 Vaticinia typica, sunt quae typorum velaminibus tecta fuerunt:
262 2195 1053 2234 qualia sunt edita, vel de typis, ut Exod. 12. 4. 2. Sam. 7. v. 13. Psalm. 72.
268 2236 752 2271 vel a tyns, ut Psalm. 2. & 16. 22. & 40 & as¬
304 2267 833 2307 Vaticinia typica vel simplicia sunt, vel composita
292 2300 1049 2342 Simp icia, sunt quae soli substantiae, corpori seu veritati typorum.
258 2333 1037 2368 conveniunt, quoniam habent impletionem simplicem unam tan¬
265 2362 1037 2399 tum nempe in solo corpore. Quemadmodum Jesat. 61. vers. 1 a Jesais
255 2397 1041 2441 tanquam typo Christi dicuntur, quorum impletio in solo Christo.
260 2429 661 2466 facta est, Luc. 1. v. 16 & sequentibus
295 2459 1039 2501 Vaticinia typica composita, sunt quae typis & veritati typorum con¬
254 2500 1034 2532 veniunt, quoniam habent impletionem geminam, nempe typicam
261 2530 1033 2569 figuralem imperfectam in typis olim: & significatam seu praefigura¬
255 2566 1039 2602 tam, primariam, principalem, propriam, solidam, veram & perfectam
262 2597 1040 2637 in veritate seu substantia typorum. In iis typos considerati oportet, ut
267 2631 1037 2671 (udaeorum infirmitati succurratur: veritatem etiam typorum expen¬
252 2667 1042 2706 di necesse est, ut errori Judaeorum & calumniis iniquorum censorum
255 2696 388 2731 occurratur.
289 2731 1052 2775 Ea igitur prius in aliis ceu in Christi & regni ejus typis impleri
253 2765 1028 2806 coeperunt, quam in Christo & ejus spirituali regno perfectum com¬
249 2798 1033 2837 plementum habuerunt: quum ea ad Christum & ejus regnum, ceu a¬
255 2834 1043 2872 proprium scopum principaliter a Prophetis directa fuerint. Haec, in¬
243 2870 1034 2906 quam, sunt quae aliquam historiae, quae ante adventum Christi con¬
251 2902 1046 2943 tigit veritatem prius habuerunt, quam in Christi persona & spiritualis
243 2930 1033 2983 ejus regno complementum perfectum sortita sunt. Cujusmodi est
252 2959 512 3005 vaticinium Jesa. 9 v. 1,1
289 2995 1032 3039 Quapropter cum Evangelistae & Apostoli, ejusmodi vaticinia ci¬
246 3029 1041 3078 cant & in Christi persona, officio, factis & regno spirituali impleta esse
243 3061 1029 3106 dicunt: non citant extra propositum Prophetarum, nec illis abutum
245 3096 1028 3135 tur; neque per solam allusionem quandam & similitudinem ad Chri¬
238 3125 1076 3171 stum & regnum ejus applicant, sed proprie & juxta mentem Spiritus E
237 3163 1040 3202 Sancti in Prophetis ea ad Christum referunt, qui & Legis finis est &
237 3198 1036 3245 scopus vaticiniorum propheticorum, cum prophetae principaliter re¬
1087 164 1913 216 spexerint in Christum & spirituale ejus regnum. Proinde Matth. c. 4.
1112 205 1915 242 .13. 14, 15, 16. vaticinium Jes. 9. v. 1, 2. minime extra propositum Pro¬
1116 235 1915 280 hetae citavit, sed proprie & citra allusionem ad Christi beneficium
1099 273 1909 310 applicavit, ad quod principaliter pertinet. Vidit Naphthali & Zabu¬
1104 304 1919 345 lon lucem liberationis Jerosolymae obsessae a Sennacheribo, quae lux
1110 335 1919 379 liberationis corporalis, fuit typus lucis liberationis spiritualis Eccle¬
1096 368 1538 408 siae per Christum, ut Matthaeus docet
1141 409 1908 445 At in ejusmodi vaticiniis quaedam sunt comunia typo & substantia.
1100 442 1922 477 typi; quaedam propria vel soli typo, vel soli substantiae typi. Quae comunia¬
1104 473 1907 515 iunt typo & substatiae, intelliguntur de utroque vel eode modo vel diversis
1130 506 1915 539 Quae eodem modo intelliguntur, sunt duum generum. Prioris ge¬
1101 539 1907 573 neris, sunt quae de utroque, hoc est, typo & substantia simul proprie seu
1113 573 1916 616 ut loquuntur) literaliter accipiuntur, ut Exod. 12. 45. Os non frangetum
1110 608 1688 649 i, Joh. 19. v. 33. milites non confregerunt crura Iesu.
1144 632 1919 682 Posterioris generis, sunt quae & de typo & de substantia typi pariter
1101 674 1916 706 tropice aut (usurpato lata significatione vocabulo) figurate accipiun¬
1095 709 1906 749 tur, ut Num. 4. v. 17. Procedit stella ex lacobo: & Psalm. 118. 22. Lapis
1105 741 1736 782 quem aedificantes reprobaverunt, factus est caput anguli.
1141 773 1913 815 Quae diversis modis de typo & substantia typi intelliguntur, sunt
1097 805 1914 845 etiam duplicis generis: Untus generis, sunt quae literaliter de typo, figu¬
1101 847 1905 883 rate vero seu anagogice de substantia typi accipiuntur, ut 2. Sam. 7.
1111 882 1916 926 v. 13. AEEdificabit domum nomini meo. Matth 16. v. 18. Super hanc pe¬
1101 905 1469 950 tram aedificabo meam Ecclesiam.
1138 939 1910 978 Alterius generis, sunt quae figurate de typo, literaliter autem de
1107 974 1918 1011 substantia typi capiuntur, ut Ps. 22. 17. Foderunt manus meas & pedes
1104 1007 1915 1044 meos, Item vers. 19. diviserunt inter se vestimenta mea, Matth. 27. v. 35.
1114 1041 1913 1078 Postquam crucifixerunt eum, partiti sunt eius vestimenta, sortem iacien¬
1097 1075 1909 1113 tes, ut impleretur quod dictum est a Propheta, Partiti sunt sibi vesti.
1104 1106 1682 1146 menta mea, & super vestem meum iecerunt sortem.
1137 1136 1910 1177 Vaticinia vero reperiuntur, in quibus praeter communia, etiam
1104 1177 1911 1218 quaedam exstant proprie convenientia, vel soli typo, vel soli substantia
1106 1212 1910 1252 typi. Quale est 2. Sam. 7 14. Quum perverse egerit, corripiam eum vir¬
1111 1245 1918 1284 ga hominum & plagis humanis: Hoc de solo typo accipiendum: nam
1110 1275 1923 1307 substantiae typi, id est, Christo non convenit. Versu 13. dicitur, Stabi¬
1116 1309 1920 1354 liam solium regni eius usque in saeculum; Hoc de sola substantia typi
1114 1344 1579 1385 capiendum: nam in typum non competit
1134 1367 1918 1423 Implotionis praedictionum divinarum circumstantiae inprimis
1117 1410 1715 1451 expendendae sunt, Forma seu modus, locus, & tempus
1143 1430 1910 1479 FORMA seu MODUS impletionis pro diversitate praedictionis
1104 1468 1918 1517 diversus est, nempe vel corporalis vel spiritualis. Misera enim est servi¬
1110 1511 1906 1548 tus animae, si quis more Judaeorum carnalium requirat & exspectet cor¬
1114 1542 1922 1586 poralem impletionem praedictionum illarum quae spiritualiter impleri
1107 1576 1913 1612 debent secundum divinam dispositionem. Praedictio de eductione po¬
1113 1603 1910 1649 puli Israelitici ex AEgypto, item de reductione populi Judaici ex Baby¬
1116 1643 1915 1685 lonica captivitate fieri corporaliter debuit: praedictio aute de instau¬
1116 1677 1916 1717 ratione totius Israelis per Christum de regno Christi intoto mundo,
1111 1708 1920 1762 de regni illius majestate & potentia, nonnisi spirituale complemen¬
1107 1740 1277 1784 tum desiderat.
1131 1774 1903 1816 LOCUS impletionis itidem variat pro varietate praedictionum.
1112 1813 1904 1851 nam eorum quae praedicta sunt, quaedam Bethlehemae fieri debuerunt
1113 1842 1911 1882 quaedam Nazarethae, quaedam Jerosolymis, quaedam alibi, quaedam
1113 1874 1909 1914 denique in toto mundo, quaedam interra, quaedam in caelo. Messiaa.
1110 1906 1907 1952 debuit concipi Nazarethae, nasci Bethlehemae, educari Nazarethae;
1105 1940 1900 1984 docere in templo & pati morique Jerosolymis, regnum gratiae erige,
1110 1977 1910 2013 re in toto mundo, adscendere in caeleste sanctuarium, sedere ad dex¬
1098 2007 1910 2057 tram Dei Patris in caelo. Ecclesiam oportuit primo colligi in terra,
1109 2043 1645 2082 tandem in caelo universam constitui necesse est.
1136 2073 1908 2116 TEMPUS impletionis itidem variat: nam quaedam praedictiones
1098 2100 1912 2145 impletae sunt in veteri Testamento, ut praedictionis diluvii, quaedam
1113 2142 1911 2178 mpleri debuerunt demum tempore novi Testamenti, ut praedictio
1117 2181 1910 2218 es. 7. Ecce Virgo concipiet, & pariet Filium. Quaedam impletae sut
1101 2212 1913 2246 tum veteris Testamenti tempore in typis; tum Novi Testamenti te¬
1107 2245 1897 2288 pore in substantia typorum, ut praedictio filii Dei primogeniti ex AE¬
1101 2280 1897 2321 gypto. Pleraeque praedictiones de Rege Messia & regno ejus post Jo¬
1104 2314 1903 2346 hannis Baptistae cursum consummatum impletae sunt & adhuc im¬
1098 2347 1637 2385 plentur: quaedam in ultimo die complebuntur.
1289 2402 1705 2458 CAPUT XXXI.
1131 2453 1853 2523 In quo de Promissionibus & comminatio¬
1386 2508 1608 2563 nibus divinis.
1122 2565 1898 2617 PRAECEDENTE capite expositae sunt duae distributiones prae¬
1103 2599 1781 2650 dictionum divinarum: hoc capite tertiam expediemus.
1191 2621 1901 2683 TERTIO igitur praedictio rerum futurarum vel promissio
1102 2660 1319 2707 est, vel comminatio.
1127 2692 1907 2737 PROMISSIO DEI, est denunciatio futurorum bonorum.
1104 2732 1909 2771 nobis dandorum, ut ex ea consolationem habeamus, & fiducia nostra
1095 2768 1901 2807 in Deum confirmetur. Synecdochice appellatur verbum Ps. 56. 5, 11.
1136 2798 1908 2838 Finis ejus est consolatio nostra & confirmatio nostrae fiduciae in
1099 2831 1376 2878 Deo. Psalm. 56. v. 5, 11.
1136 2861 1638 2907 Estque duplex vel conditionalis, vel absoluta
1132 2901 1899 2938 Promissio Dei conditionalis, est quae habet annexam conditionem,
1099 2930 1898 2970 hoc est, qua Deus promittit se nobis daturum bonum aliquod, si nos
1102 2968 1895 3000 etiam praestiterimus, quae a nobis requirit, seu si satisfecerimus con¬
1096 2999 1900 3038 ditioni quam nobis proponit. Levit. 26. Ezech. 18. 9, 10. Si in statutis.
1105 3036 1897 3071 meis fideliter ambulaverit, iuraque mea observaverit colendo veritatem
1090 3062 1895 3105 iustus, hic omnino vivet, dictum Domini Iehovi. Quod si genuerit filium
1104 3104 1895 3146 ffractorem, effusorem sanguinis, qui faciat fratri praeter ullum istorum.
1125 3136 1513 3179 Estque vel legalis, vel Evangelica.
1121 3161 1913 3203 Promissio legalis, est promissio quam lex proponit habens annexam
1100 3204 1723 3247 conditionem perfectae obedientiae a nobis praestandae.
