2063 3437
333 182 953 233 Haec effecta sunt quae Spiritus Sanctus in mun¬
568 230 719 284 do operatur.
286 269 1015 330 Effecta quae idem operatus est atque etiamnum operatur in Eccle¬
247 312 398 355 sia haec sunt:
291 334 1025 386 Primum est, docere intus veritatem Evangelii, eamque electis Dei
265 377 1027 418 patefacere plene & sufficienter ad salutem aeternam. Hoc a Christo
261 412 1033 449 promissum fuit Joh. 16. 12, 13. his verbis: Adhuc multa habeo quae vo¬
257 437 1030 483 bis dicam, sed nunc non potestis portare. Quum autem venerit ille, id est;
265 472 1037 524 Spiritus ille veritatis, introducetvos in omnem veritatem: non enim lo¬
258 510 812 562 quetur a semetipso, sed quaecunque audierit, loquetur
300 533 1027 579 Promissa est introductio in omnem veritatem, hoc est, plenissimae
261 586 1040 624 perfectissima revelatio doctrinae Evangelii. Haec enim doctrina Ev¬
264 613 1030 651 angelii appellatur o λόγος τῆς ἀληθειας, sermo ille veritatis, Ephes. 1.
262 648 1024 682 vers. 13. Coloss. 1. v. 5. & veritas, 2. Thess 2. v. 12. 1. Tim. 2. v. 4. Tit. 1.
267 677 1039 715 v. 1. & passim. Ea plenissime revelata fuit Apostolis post missionem &
249 719 1033 755 effusionem Spiritus Sancti e caelis in eos. Cum hoc videtur pugnare
265 744 1043 789 quod Apostolus Paulus scribit I. Cor. 13. v. 8. & seq q. Charitas nun¬
270 785 1037 819 quam excidit: sed & Prophetiae evanescent, & linguae cessabunt, & co¬
274 812 1034 847 nitio abolebitur. Ex parte enim cognoscimus, & ex parte prophetamus
261 850 1031 886 Postquam autem advenerit quod perfectum est, tunc quod est aliqua
255 884 1043 915 tenus abolebitur. Quum essem infans, ut infans loquebar, ut infans sa¬
255 909 1030 955 piebam, ut infans ratiocinabar: postquam autem factus sum vir, ut eo
265 946 1031 986 vanida sustuli quae infantis erant. Videmus enim nunc per speculum &
262 980 1047 1014 aenigma, tum autem coram cernemus: nunc cognosco aliquatenus, tunc
255 1016 1037 1057 vero amplius cognoscam prout ampliore cognoscendi facultate donatu
258 1039 724 1089 fuero Nam hinc ita colligi posse videtur:
297 1071 1050 1114 Qui ex parte cognoverunt & ex parte prophetarunt, ii non sunt in¬
267 1113 1038 1155 troducti in omnem veritatem: Atqui Apostoli ex parte cognoverumt.
258 1141 1045 1177 & ex parte prophetarunt, sicut Paulus de se & aliis ait in prima per¬
267 1175 1048 1213 sona, ex parte cognoscimus, ex parte prophetamus: Et mox etiam singu¬
271 1209 1046 1244 lariter de se ait; nunc cognosco aliquatenus, tunc vero amplius cognorca¬
274 1239 1045 1277 prout ampliore cognoscendi facultate donatus fuero. Ergo Apostoli non
261 1279 1055 1322 sunt introducti in omnem veritatem: Ergo promissio Christi non est?
266 1304 409 1354 ipsis praestita.
291 1335 1051 1380 RESP. Primo, Major est inconsequens ab accidente ad substanti¬
264 1377 1046 1414 am. Non sequitur si accidens sit imperfectum, etiam substantiam est,
261 1409 1051 1442 imperfectam: ut imperfecta est Dei cognitio in nobis, sed num pro¬
261 1438 1055 1485 pterea imperfectus est Deus qui cognoscitur? sic si imperfecta est in
271 1476 1074 1522 nobis cognitio & prophetia seu explicatio Evangelii; num continuo
270 1505 769 1540 Evangelium imperfectum censendum erit?
297 1537 1040 1586 Deinde, Minor laborat fallacia a dicto secundum quid: Nam Apos¬
270 1566 1054 1620 Paulus loco citato non simpliciter agit de cognitione Evangelii, sed
276 1611 1058 1646 conparate, comparans nimirum cognitionem quae in hac vita est cum
277 1638 1049 1677 illa quae post hanc vitam erit Apostolorum cognitio, qua in hac vit:.
283 1669 1039 1708 donati fuerunt cum aliorum fidelium cognitione, quae in hanc iti
279 1706 1057 1742 dem vitam cadit comparata, fuit perfecta, absoluta, integra: Eadem
274 1740 1045 1773 tamen si cum cognitione illa, quam in caelis post hanc vitam itidem
273 1776 1045 1816 Apostoli adepturi sunt comparetur, si gradus & amplitudinem spe¬
283 1800 1057 1849 ctes, est illustrior, amplior, excelletior: Proinde recte Apostolus Pau¬
273 1833 1049 1877 lus, ut de aliis fidelibus, ita de se & aliis Apoitolis dixit; Ex parte cog.
281 1874 1049 1915 noscimus & ex parte prophetamus. Quapropter non continuo se
279 1907 905 1947 quitur, illos non esse introductos in omnem veritatem:
304 1933 1057 1973 Tertio, promissio etiam Joh. 16. facta intelligi debet secundum
285 1972 1043 2014 quid: Spiritus ille veritatis introducet in omnem veritatem: OMNER
268 2002 1048 2043 scilicet partibus, sic ut nihil sitis ignoraturi eorum multorum quae
279 2036 1046 2084 nunc non potestis portare: sed non gradibus, quae cognitio omnis per¬
276 2064 1041 2114 fecta suis gradibus, ipsis etiam Apostolis reservata fuit in caelum, id
279 2101 1036 2140 alteram ilsam vitam. Deinde introducet vos in OMNEM scil. in hac vi
282 2136 1052 2181 ta necessariam, quanta sufficit ad salutem, non in omnem simpliciter
286 2171 1045 2212 veritatem, scilicet, tam facti quam juris: Nam Spiritus Sanctus tam fa¬
270 2199 1052 2244 ctum, quam jus tenet, & ut neminem in errorem juris, ita etiam ne¬
282 2237 1060 2289 minem in errorem facti inducit Plena fuit revelatio Evangelii in hac
280 2265 905 2308 vita: sed plenior revelatio in futurum seculum dilata fuit.
306 2298 1057 2345 Unde consequitur, etiamsi Apostoli respectu futurae vitae ex parte
279 2324 1040 2371 cognoverint:tamen si doctrinam ipsam Evangelii in se & per se spe¬
279 2359 1050 2410 ctes, & cognitionem quam ante acceptum Spiritum Sanctum conse¬
281 2398 1049 2454 quuti sunt conferas. ipsos in omnem veritatem, quam antea portare
283 2431 641 2466 non poterant, introductos fuisse
324 2466 1019 2531 Hactenus primum Spiritus Sancti effectum, quod in
405 2509 921 2571 Ecclesia operatur explicatum est: sequitur
325 2541 1049 2608 Secundum, quod est, ea quae ventura sunt, renunciare, id est, futuri
285 2579 1047 2642 statum regni Christi atque adeo Ecclesiae in hac vita militantis & in al¬
285 2620 1055 2669 tera triumphaturae, declarare. Hoc Spiritum Sanctum fecisse, testatur
282 2653 1059 2715 abunde totum Vetus Testamentum, liber Actorum Apostolicorum,
291 2685 845 2734 testantur Epistolae Paulinae & liber Apocalypseωs
325 2717 1052 2772 Tertium effectum Spiritus zancti, quod in Ecclesia operatur, est
289 2741 1047 2808 glorificare Christum, quod facit, dum testatur, Jesum Nazarenum est.
282 2784 1061 2840 Christum illum & Filium illum Dei, Matth. 3. v. 16, 17. Joh. 1. v. 32,
288 2820 1062 2874 93. & quia nullam novam doctrinam adfert, sed a Christo traditam
285 2848 692 2895 docet, & animis hominum insculpit:
324 2880 1043 2937 Quartum effectum, est fidem selvificam in cordibus electorum crea¬
279 2910 1055 2971 re. Nec obstat quod per fidem recipere Spiritum Sanctum dicimur;
288 2951 1047 3004 quod sit duplici de causa. Primum, quia fides prius a nobis sentitur
272 2984 1057 3038 quam intelligamus Dei Spiritum in nobis inhabitare. Deinde, quia per¬
278 3009 1049 3071 fidem augentur in nobis dona reliqua Spiritus Sancti, aliaque indies
276 3050 1052 3110 adduntur ex demenso donationis Christi. Ideo Spiritum Sanctum e¬
285 3082 1033 3129 usque dona accip unt fideles in hac vita, sed ex parte, hic hoc, ille i
282 3115 1051 3169 ud donum, sed imperfecte singuli, in quibus lucta est novi hominis
273 3148 1055 3202 cum vetere spiritus cum carne. Iraque non mirum est. si non omnes.
270 3176 1051 3235 fideles in omnibus consentiunt, si duo aut plures inter se differunt sen¬
1078 180 1880 221 tentiis & voluntatibus, quum unus & idem homo a se sententia & vo¬
1084 217 1886 253 luntate discrepet, prout fidei & cognitionis aliorumque donorum Spi¬
1083 249 1885 286 ritus Sancti incrementa paulatim fiunt. Itaque ex dissensione duorum
1087 280 1880 326 piorum in interpretatione Scripturae aut sententiis quibusdam, non
1086 323 1874 354 est illico concludendum, alterum non habere Spiritum Sanctum
1083 348 1892 386 aut Spiritum Sanctum a seipso dissidere: sed hoc potius, Spiritum
1087 380 1883 418 Sanctum distribuere dona sua ut vult, alii haec, alii illa: alii majore, a¬
1083 414 1529 451 lii minore mensura: alii hodie, alii cras
1129 445 1874 490 Quintum effectum Spiritus Sancti, est regenerate nos, hoc faci¬
1090 483 1892 523 quum indit novas qualitates, novas inclinationes cordibus homi¬
1089 517 1883 555 num, hoc est, efficit in nobis resipiscentiam & conversionem ad Deum
1086 554 1882 588 & virtutes utraque tabulam a Deo praeceptas: ut haec testimonia osten¬
1093 583 1886 621 dunt, Jch. 3. v. 5. Nisi quis renatus fuerit ex aqua & spiritu, non potest.
1089 612 1883 650 ingredi in regnum Dei, Matth. 3. 11. Ego quidem baptixe vos aqua in
1099 652 1889 687 resipiscentiam, is vero qui post me venit baptizabit vos Spiritu San¬
1101 669 1882 716 sto & igni. Hic baptismus, qui sit a Christo per Spiritum San¬
1093 716 1882 756 ctum, est ipsa renovatio, eaque per externum baptismum Johannis &
1099 744 1892 783 aliorum ministrorum significata, Gal. 5. v. 22. Fructus Spiritus est
1089 776 1883 817 churitas, gaudium, pax, irae cohibitio, benignitas, bonitas, fides, lenitas
1089 808 1896 851 continentia. Eph. 5. 9. fructus Spiritus situs est in omni bonitate & iu¬
1095 846 1297 890 stitia & veritate
1120 870 1888 918 Sextum est, conjungere nos cum Christo, ut simus ejus membra, &
1094 911 1898 948 ab eo vivificemur, omniumque beneficiorum ejus sic fiamus partici¬
1109 945 1885 988 nes 1. Cor. 12. v. 13. Per unum Spiritum nos omnes in unum corpus ba¬
1095 980 1888 1024 ptizati sumus. 1. Joh. 3. 24. Per hoc novimus, eum habitare in nobis.
1101 1014 1486 1057 nempe ex Spiritu quem dedit nobis.
1137 1037 1889 1082 Septimum effectum, est regere nos. Est autem regi a Spiritus Sancto
1098 1078 1892 1119 institui consilio in actionibus vitae & vocationis, & flecti ad sequendum
1111 1116 1886 1157 jecta, & ad faciendum officia dilectionis erga Deum & proximum
1110 1145 1888 1184 Sub hoc continentur omnes virtutes Christianae, primae & secunda
1104 1188 1897 1218 tabulae, Rom. 8. 14. Qui Spiritu Dei ducuntur, hi sunt fitit Dei. Act. 2.
1110 1214 1898 1250 v. 4. Apostoli coeperunt loqui aliis linguis, prout Spiritus ille dabat eis e¬
1102 1242 1897 1283 loqui. Et c. 16. 6, 7. Phrygia peragrata& Galatica regione, prohibiti sunt
1111 1275 1895 1314 a Spiritu Sancto loqui sermonem Dei in Asia. Quum venissent in My¬
1113 1312 1861 1354 siam, tentabant versus Bithyniam, sed non sivit eos ire Spiritus Iesus
1135 1347 1904 1388 Octavum Spiritus Sancti effectum, est consolari nos in periculis &
1114 1378 1892 1419 fflictionibus Apostoli fugientes prius ac latitantes metu Judaeorum
1107 1416 1898 1454 accepto Spiritu Sancto prodierunt in publicum & laetati sunt quum
1116 1446 1897 1488 passi essent aliquid propter confessionem Evangelii, Actor. 5 41. Joh.
1101 1478 1891 1521 14. vers.16. Alium consolatorem dabit vobis, qui manebit vobiicum in
1108 1516 1208 1555 aeternum.
1126 1541 1901 1580 Nonum, est confirmare nos vacillantes in fide, & facere certos de sa¬
1107 1574 1904 1613 lute aeterna, hoc est, continuare & conservare beneficia Christi usque ad
1101 1611 1894 1651 finem Sic Apostolos reddidit animosos, qui prius fuerant infirmi, &
1101 1642 1897 1681 multis dubitationibus involuti: quod ostendit collatio concionis Petra
1108 1677 1895 1709 in Pentecoste & orationis euntium Emaunta, Luc. 24. 21. Nos aut
1107 1709 1897 1754 sperabamus illum esse, qui redemturus esset Israelem, &c. De hoc lo¬
1111 1742 1904 1786 quitur Christus Joh. 16. 22. Gaudebit cor vestrum, & gaudium vestrum
1113 1781 1826 1817 nemo tollet a vobis. Joh. 14. v.16. Manebit vobiscum in aeternum
1141 1806 1892 1851 Decimo, effecta Spiritus Sancti sunt varia dona spiritualia, ad aedi¬
1111 1837 1897 1882 ficationem Ecclesiae necessaria, qualia commemorantur 1. Cor. 12. v.
1114 1879 1900 1917 ῆ, 5, 6, 7. 8, 9, 10, 11. Dona Spiritus Sancti sunt duplicia: quaedam sunt
1102 1914 1898 1953 communia electis &reprobis: quaedam electorum propria. Quae commu¬
1101 1950 1891 1981 nia sunt electis & reprobis itidem sunt duplicia; Quaedam datur cer¬
1113 1974 1898 2012 is temporibus, ut facultas miraculosa linguarum, fides miraculorum,
1117 2006 1897 2047 &c. quae in jaciendis fundamentis regni Christi erant necessaria:
1126 2046 1904 2085 Quaedam omnibus temporibus Ecclesiae sunt necessaria, ut donum
1111 2075 1891 2114 linguarum absque miraculo datum, donum interpretationis, scientiae
1113 2105 1895 2146 artes, eloquentia & alia quae ad conservationem ministerii pertinent.
1102 2140 1907 2178 Dona electorum propria sunt quae nomine sanctificationis internae &
1104 2175 1895 2211 adoptionis comprehenduntur, ut fides salvifica, justificatio coram
1107 2210 1339 2253 Deo, regeneratio, &
1138 2237 1895 2277 Haec sunt Spiritus Sancti praecipua effecta ad communionen Chri¬
1111 2270 1892 2311 sti pertinentia, quorum respectu varia habet in Scripturis Sacris e¬
1105 2306 1904 2344 logia. Hinc enim vocatur1 Spiritus q. θε ias seu adoptionis, quia nos
1101 2342 1898 2379 certos facit de paterna Dei erga nos benevolentia, & nobis est testis
1110 2372 1904 2411 gratuitae bonitatis & misericordiae, quam nos Pater complectitur in
1113 2405 1898 2458 Filio unigenito. Ideo per hunc Spiritum clamamus Aboa Pater.
1101 2439 1293 2482 Rom. 8. v. 15, 16.
1132 2465 1907 2512 2. Arrhabo & sigillum haereditatis nostrae, quia nos certos reddit
1113 2502 1903 2541 de salute nostra, 2. Cor. 1 21, 22 Qui nos ofirmatvobiscum in Chrsiu,
1110 2537 1901 2577 &qui unxit nos, Deus est, qui etiam obsignavit nos, & dedit arrhabone
1111 2575 1904 2618 Spiritus in cordibs nostris. Eph. 1. 13. Postquam credidestis, obsignati estis
1107 2606 1822 2650 Spiritu illo promissionis sancto, qui est arrhabo haereditatis nostrae
1137 2627 1894 2678 3. Vita seu spiritus vitae, quia veterem nostrum hominem mortifi¬
1104 2671 1907 2716 cat, & novum vivificat, Rom. 8. 2. Lex Spiritus vitae, quae est in Christo.
1104 2706 1577 2752 Iosu, liberavit me a legepiccati & mortis.
1137 2738 1898 2778 4. Aqua, quia nos refrigerat pene mortuos in peccatis, expurgat
1110 2767 1892 2812 peccata & faecundat nos, ut fructum justitiae feramus Deo, Ezech. 36.
1110 2810 1904 2845 25 & c. 47. 1. Joel. 2 v. 28. Joh. 3. 8. & cap. 4. 14. & 17. cap. 37. v. 38, 39.
1134 2836 1903 2876 5. Ignis, quia assidue gliscentes in nobis concupiscentias & vitia
1107 2867 1894 2923 exurit & excoquit, & corda nostra amore Dei & proximi accendit.
1110 2902 1258 2942 Matth. 3. v. 1.
1132 2925 1895 2970 6. Fons aquae vivae, quia ex ipso & per ipsum omnes caelestes divi¬
1108 2963 1859 3004 tiae ad nos manant, Joh. 2. v. 14. Apoc. 7. 17. & 21. v. 4. Zach. 13. v 1,
1126 2997 1901 3040 7. Sporitus o ecum, quia ad precandum nos excitat & instruit:
1099 3029 1895 3071 Zach. 12. vi runc. O Effandum, uper domum Davd & super ha¬
1105 3060 1894 3101 bitators! rissatens S aritum gratiae & precum, & adspitrient ad me¬
1102 3098 1897 3134 Rom. 8 26. Spiritus sublevat infirmitates nostras: quid enim precemut.
1104 3132 1420 3171 ut oportet non novimus, &c.
1126 3160 1888 3202 8. Olei latitiae, quia letos, alacres & vegetos reddit: Propterra un
1104 3194 1898 3234 xit te Deus, Deus tuus, oleo laetitiae, prae cosortibstuis. Ps. 45. 8. Heb. 1. 9.
