2063 3527
429 189 774 243 CAPUT XXXVI
249 235 928 289 De Iustificatione Hominis Peccatoris gratuita.
520 282 700 342 ipud Deum.
225 329 1004 388 USTIPICATIO gratuita hominis peccatoris apud Deum, est bene¬
221 377 994 420 ficium Dei, quo hominem natura impium, sed gratia vere cre¬
221 420 1005 462 dentem, justum pronunciat & liberum a condemnatione aeterna.
210 445 994 498 participemque vitae aeternae, per obedientiam unius Jesu Christi Me¬
210 476 535 517 diatoris & Servatoris nostri
240 509 1007 562 Definitum ita determinatum est, ut ambiguitas exclusa sit: alioquin
219 545 901 586 ustificatio vel coram tribunali Dei est, vel coram hominibus.
238 580 1001 625 lustificatio coram tribunali Dei, est beneficium Dei, quum is de¬
210 611 992 653 clarat aliquem absolutum esse a morte aeterna, & jus habere vitae sem¬
207 652 996 695 piternae, propter justitiam omnibus partibus & gradibus perfectam
244 681 947 731 Nam justificatio non potest fieri, nisi per & propter justitiam
237 712 659 748 Eaque vel legalis est, vel Evangelica.
244 741 1001 794 tustificatio legalis, est quum Deus declarat absolutos esse a mortie
208 787 1013 826 aeterna & jus habere vitae aeternae justos & pios, propter perfectam
207 815 1007 858 Legis impletionem ab ipsis praestitam, seu quod idem est, propter ju¬
216 848 998 892 stitiam propriam ipsis inhaerentem, Rom. 2. v. 15. Qui Legem prae
205 885 1010 924 stant, justificabuntur. Et cap 10. v. 5. Moses enim describit justitiam
216 924 1015 960 quae est ex Lege, Quod qui praestiterit ea, vivet per illa Matth. 19. v. 7. Si
213 953 1010 993 vis ad vitam ingredi, serva mandata. Luc. 10. v. 28. Hoc fac & vives.
214 982 710 1025 Hac justificatione Angeli sancti fruuntur.
243 1015 1003 1059 Iustificatio Evangelici, quae justificatio vitae dicitur Rom. 5. 18.
208 1053 1009 1091 est adjudicatio vitae aeternae, contingens viva fide praeditis, propter
207 1092 1003 1126 unius Jesu Christi justitiam: est nostri in gratiam Dei receptio, qui
216 1122 1003 1158 Deus nobis propter Filium suum & peccata remittit & vitam aeter¬
211 1156 1007 1193 nam adjudicat: quum Deus homines natura peccatores & impios
211 1192 1009 1225 sed ex gratia vere credentes declarat absolutos esse a morte aeterna.
214 1224 1013 1259 & jus habere vitae aeternae, propter justitiam Christi pro ipsis imple¬
216 1259 1008 1302 tam a Christo. De hac in praesentia agimus. Genus ejus non est res
207 1289 1009 1328 missio peccatorum: nam Iustificare est absolvere a morte, non con¬
210 1323 1022 1364 demnate. Id autem non est idem proprie loquendo quod remit¬
207 1357 1016 1398 tere peccata: quia justificari possunt, quibus nulla opus est remissio¬
220 1399 1023 1434 ne peccatorum, ut qui nullum habent, nullumque commiserunt.
216 1425 1018 1467 peccatum, sed perfecte Legem Dei impleverunt. Sic justificatus fuis¬
211 1461 1022 1498 set homo absque remissione peccaterum, si non peccasset, sed
207 1494 1009 1529 in obsequio Legis perstitisset: ut dicta de justificatione legali pau
208 1529 1015 1571 lo ante citata ostendunt. Ita in judicio forensi judex absolvi
208 1560 1013 1601 accusatum, qui vere innocens est, sic ut peccatum ei non re¬
214 1598 293 1640 mittat:
252 1629 1019 1677 Justificatio peccatoris nihilominus est remissio peccatorum, figu¬
207 1665 1016 1705 rate nimirum metonymice loquendo, quia remissio peccatorum est
208 1700 1021 1742 causa formalis justificationis peccatoris: proprie autem loquendo ju¬
220 1727 1028 1771 stificatio peccatoris non est ipsa remissio peccatorum, sed absolutio a
214 1765 1013 1810 condemnatione: Sicut anima rationalis non est propie loquend.
211 1799 1016 1842 homo, sed causa formalis seu forma hominis. Neque simpliciter id
211 1834 1009 1876 sunt absolutio a condemnatione & remissio peccatorum, quia illa la
213 1866 1024 1906 tiuus paret. Potest enim absolvi a condemnatione qui est innocens &
213 1905 827 1943 non peccavit, quique remissione peccatorum non eget
252 1930 1022 1970 Declarati, quod quis absolutus sit a morte aeterna, & jus habeat
214 1962 1022 2000 vitae aeternae, commune est justificationi legali cum justificatione Ev¬
214 2004 1010 2038 angelica. Nam ut in judiciis humanis non tantum debitores inter¬
225 2035 1010 2073 veniente sponsore justificantur, id est, absolvuntur a Judice ne in car¬
218 2061 1017 2102 cerem conjiciantur, sed etiam insontes absolvuntur & vero absolvi¬
219 2094 1010 2139 debent: ita etiam coram Deo non tantum peccatores absolvuntur
222 2137 1003 2174 pnopter Christum, sed etiam insontes, ut Angeli sancti: item homo,
223 2170 1006 2204 Legem implevisset & non peccasset, fuisset justificatus, id est, absolus
220 2205 1009 2246 tus a condemnatione atque immunis a morte aeterna, Rom. 2. v. 13. qui
219 2233 579 2276 Legem praestant, justificabuntur
262 2255 1013 2315 Justificat autem nos ipse DEUS, Pater, Filius & Spiritus Sanctus
228 2296 1013 2341 Rom. 3. 30. Unus Deus est qui justificabit circumcisionem ex fide, &
221 2336 1019 2379 praeputium per fidem. Et c. 4. v. 5. Ei vero quicon operatur, sed credit in
228 2369 1012 2410 eum qui justificat impium, imputatur fides sua pro justitia. Et c. 8. v. 33:
220 2403 484 2453 Deus ost qui justificat
252 2436 1010 2488 Filius nos justificat Deitatis suae virtute & humanitatis meriteo
232 2474 1018 2522 Zach. 3. v4 Angelus Iehovae, id est, Christus, Sermo ille Patris aetern¬
231 2515 1028 2555 & Mediator inter Deum & electos, ait ad Jehoschuham Sacerdo¬
226 2552 1024 2586 tem summum, a quo jusserat amoveri vestes sordidas quae peccato¬
222 2579 1030 2624 rum erant symbola; Vide transtulate iniquitatem tuam, ut induam
222 2614 461 2665 te mutatis vest, bus¬
263 2655 1024 2700 Idque gratis, δαριαν, id est, dono gratuito, pro nullo nostro opero
238 2697 1021 2735 & merito, absque merito praecedentium operum, ut exponit Thoma
237 2722 1022 2768 Aquinas in explanatione tertii capitis ad Romanos, lectione tertia¬
225 2752 1027 2798 ex gratia, hoc est, paterna benevolentia erga nos, & misericordia,
226 2787 1035 2836 Rom. 3. 24 Iustificati gratis, ejus gratia, per redemtionem factam in
230 2821 1031 2867 Iesu Christo, Ephes. 2. v. 8. Gratia estis servati per fidem: idque non ex
228 2854 1031 2905 vobi: Dei donum est: Tit. 3. v. 5. 7. Non ex operibus iustis quae feceri¬
223 2893 1016 2937 mus nos, sed ex sua misericordia seruuit nos per lavacrum rigenera
232 2921 1013 2971 tionis, & renovationem Spiritus Sancti, &c. Ut iustificati ipsius grae¬
233 2958 1013 3002 tia, haeredis efficeremur secundum spem vitae aeternae. Proverb. 16. .
225 2990 1016 3035 Gratia qua justificamur non est qualitas nobis infusa: quia gra¬
234 3023 1025 3072 tia opponitur qualitatibus nobis infusis, Rom. 11. 6. Si per gratiam
234 3055 1025 3105 non ex operibus. Ita Paulus gratiam discernit ab operibus nostris bo¬
232 3088 1022 3139 nis, id est, qualitatibus nobis inhaerentibus. Eadem distinctio est E
232 3136 393 3185 phes. 2. v. 8, 9.
261 3157 1075 3215 Non justificamur apud Deum ex nostris bonis operibus quae fe¬
225 3202 1035 3247 cerimus nos: sive ceremonialibus sive moralibus, ac proinde non per
222 3241 1033 3297 justitiam nostram propriam, id est, nobis inhaerentem: quod consis¬
1045 189 1861 243 mant tum expressa Sacrae Scripturae testimonia, tum alii argumentae ex
1048 219 1274 268 Scriptura depromta.
1078 265 1839 318 Testimonia sunt Rom. 3. 20. Ex operibus Legis nulla caro iustificabi.
1057 300 1849 342 tur in conspectu eius. Et v. 28. Colligimus igitur, fide iustificari homi¬
1050 334 1849 380 nem absque operibus Legi. Gal. 2. 10. Scientes non iustificari hominem ex
1060 365 1838 411 operibus Legis, sed per fidem Iesu Christi: etiam nos in Christam Iesum
1057 404 1844 442 credidimus, ut iustificaremus ex fide Christi, & non ex operibus Legis.
1059 430 1853 492 propterea quod non iustificabitur ex operibus Legis ulla caro. Eph. 2. 8, 9.
1058 463 1169 507 Tit. 3. v. 7.
1090 510 1852 554 Argumenta autem alia, quibus confirmatur, nos non justificari a¬
1066 541 1748 588 pud Deum ex bonis operibus nostris, sunt haec inter multa:
1096 577 1852 627 I. Quia omnes peccavimus & destituimur gloria Dei. Hoc ar¬
1063 651 1843 688 asserens, & Gentiles & Judaeos peccasse: quod argumentum cap. 3. v
1056 686 1863 723 24. sic concludit: Propterea ex operibus Legis nulla caro iustificabitur in
1050 718 1867 754 conspectu eius: per Legem enim agnitio peccati. Omnes enim peccaverunt:
1044 742 1379 787 & destituuntur gloria Dei.
1090 782 1848 832 II. Quia ex fide vivimus. Sic argumentatur Paulus Gal. 3. vers.
1072 850 1289 892 justus ex side vivet
1099 883 1860 929 III. Quia nullus nostrum perfectam illam obedientiam quam
1072 917 1868 970 Lex postulat, praestare in hac vita potest. Sic Petrus Apostolus
1051 949 1244 992 dicit Actor. 15.
1104 984 1862 1034 v. 10. Nunc ergo quid tentatis Deum, ad imponendum iugum cervi¬
1061 1014 1824 1058 ci discipulorum, quod neque patres nostri, neque nos portare valuimus:
1108 1056 1862 1090 V. Quia gratia just. ficamur. Hoc argumento utitur Paulus A¬
1071 1089 1864 1127 postolus Rom. 11. v. 6 Quod si per gratiam, non iam ex operibus: alio¬
1076 1122 1406 1165 quin gratia iam non est gratia.
1099 1152 1856 1194 V. Quia beati sumus remissione peccatorum. Hoc argumentum
1068 1189 1852 1225 urget Paulus. Rom. 4. v. 6, 7. 8. Sicut etiam David declavat beatum¬
1078 1222 1850 1259 eum hominem cui Deus imputat iustitiam absque operibus; dicens, Bea¬
1068 1258 1850 1292 ti quorum remisse sunt iniquitater, & quorum obiccta sunt peccata.
1071 1283 1853 1326 Beatus vir cui non impittarit Dominus peccatum. Quicunque beat
1081 1319 1867 1370 sunt remissione peccatorum, ii profecto non justificantur apud Deum
1078 1354 1298 1396 bonis suis operibus
1107 1381 1852 1424 VI. Quia bona opera non praecedunt, sed sequuntur justificatio
1074 1422 1862 1464 nem coram Deo: sicut Augustinus ait, Bona opera non praecedunt.
1077 1456 1555 1498 justificandum, sed sequuntur justificatum.
1095 1484 1864 1531 VII. Quia Abrahamus non est justificatus bonis suis operibus
1080 1520 1861 1557 coram Deo. Hoc argumentum proponit Apostolus Paulus Rom.
1081 1559 1856 1591 4. v. 1, 2. Quid igitur dicemus Abrahamum patrem illum nostrum na¬
1074 1584 1861 1630 ctum esse secundum carnem? Nam si Abrahamus ex operibus iustificatus
1079 1621 1585 1662 fuit, habet quod glorietur, at non apud Deum.
1116 1653 1867 1693 VIII. Quia si ex operibus nostris justificaremur, multa inde se¬
1080 1687 1297 1739 querentur absurda,
1105 1716 1862 1768 1. Inanis esset fides, & vana promissio: quod absurdum colligit A
1081 1759 1874 1794 postolus Rom. 4. v. 14. St ii qui ex Lege sunt, haerodes sunt, inanis facta
1086 1788 1879 1833 est fides, & vana reddita est illa promissi. Gal. 3. v. 18. Si ex Lege est hae¬
1084 1819 1423 1861 reditas, non iam ex promissione
1092 1855 1865 1899 2. Christus frustra esset mortuus. Id absurdum colligit Paulus
1071 1889 1871 1929 Gal. 2. 21. Si per Legem est iustitia, igitur Christus frustra est mortuus.
1101 1922 1870 1964 3. Christus non esset perfectus Jesus, id est, Servator: quia extra
1071 1962 1787 1997 eum esset pars & causa aliqua justificationis & salutis nostrae.
1095 1993 1865 2033 . Gratia non justificaremur. Hoc absurdum infert Apostolus
1075 2019 1871 2072 Paulus Rom 116. Sin ex operibus. jam non est gratia, alioquin o¬
1065 2055 1261 2101 pus non est opus
1102 2083 1858 2129 5. Essemus sub exsecratione Legis. Sic enim colligit Paulus Ga¬
1071 2123 1874 2164 3. v. 10. Quotquot ex operibus Legis sunt, sub exsetratione sunt. Scripti
1075 2158 1865 2201 est enim, Exsecrabilis est quisquis non manserit in omnibus quaecunque
1067 2188 1417 2234 sunt in Libro Legis, ut faciat ea
1102 2214 1871 2262 6. Haberemus materiam gloriandi. Sed Paulus ad Eph. 2. v. 9.
1071 2254 1871 2291 expresse inquit: nos non servari ex operibus, ne quis glorietur. Plura ar¬
1065 2286 1318 2334 gumenta alibi tradita.
1105 2322 1877 2365 Non ergo justificamur nostris bonis operibus, aut propter merita
1077 2352 1724 2397 nostra, aut nostram propriam satisfactionem & justitiam
1108 2380 1855 2426 Nec sunt ulla hominis bona opera praepatatoria ad justificatione
1080 2424 1855 2461 nam Gentes quae non fectabantur iustitiam, apprehenderunt iustitiam
1080 2450 1871 2499 Rom 9. 30. Qui non sectabantur justitiam, ii certe ad eam conse¬
1077 2486 1508 2542 quendam se nequaquam praepatatum
1111 2510 1865 2563 Papani ut fundatissimam hanc Scripturae Sacrae doctrinam ever¬
1074 2550 1862 2597 tant, utuntur gemina distinctione sophisticajuna est iustificationis, al¬
1080 2583 1856 2630 tera operum. Justificationem coram Deo ajunt ess: duplicem, pri¬
1074 2616 1869 2666 mam & secundam. Primam appellant, qua homo ex impio sit pi¬
1090 2649 1855 2693 as, ex injusto justus. Secundam vero nominant, quam homo ju¬
1088 2683 1853 2729 stus sit justior, de qua dicitur Apocal. 22. vers. 11. qui iustus est, iustisi¬
1086 2727 1865 2759 cetur adhuc. Primam justificationem ajunt fieri absque meritis & ope¬
1079 2762 1861 2795 ribus nostris: secundam ex operibus nostris. Quod bona opera
1086 2789 1861 2827 attinet, dicunt illa tantum opera a Paulo excludi quae a nondum
1083 2818 1859 2862 regeneratis fiunt solis liberi arbitrii viribus, vel e sola Legis cogniti¬
1089 2888 1852 2930 cludi, non autem moralia Sed distinctiones istae falsae sunt, quia Scri
1085 2923 1861 2975 pturis divinis adversantur, ut vel oratio Dominica abunde ostendit.
1084 2959 1594 3002 ex qua talem argumentationem exstruimus:
1126 2982 1856 3034 Quicunque etiam in ultimo vitae suae articulo necessario precan¬
1086 3019 1868 3068 tur, Remitte nobis debita nostra, illi profecto nunquam in hac vi¬
1089 3197 1217 3244 justificatur.
1114 3213 1877 3282 Refellii distinctiones Papista: u Apostolus Johannes epistolam pri¬
