2063 3451
215 159 1010 208 imputatur: At justitia Christi, per quam coram Deo justi constitui¬
206 201 683 243 mur, est imputativa, seu nobis imputatur
255 223 1009 271 VI. Quia remissio peccatorum est condonatio culpae & poenae:
213 262 1002 308 At justitia Christi nobis imputata, non est ipsa condonatio culpae &
221 291 1017 338 poenae. Nam justitia illa est conforinitas Legis, in humana Christi¬
216 333 1009 377 natura inhaerens: condonatio autem culpae & poenae, est actio Patris,
217 365 487 409 Filii, & Spiritus Sancti.
249 387 1007 435 Ex his rationibus (pluribus enim adferendis supersedeo) manife¬
213 420 1013 468 ste liquet, justitiam Christi, quae nobis per sidem imputatur, non esse
215 460 1016 504 ipsam peccatorum remissionem, sed ab ea distinctam, ut causam ab¬
227 495 314 540 effectu,
258 529 977 585 Sic explicata est orthodoxa sententia de causa per &
369 573 864 636 propter quam coram Deo nos iustifi¬
580 621 660 664 cemur.
245 661 1010 703 Papistae e contrario contendunt, nos coram Deo bonis operibus
223 707 1012 748 nostris justificati & non sola fide. Argumenta illorum quanta fier¬
215 738 598 785 poterit perspicuitate refellemus.
253 759 1020 807 PRIMUM: Quibus Deus reddit & retribuit secundum iustitiam
222 805 1018 843 ipsorum & puritatem manuum ipsorum: ii coram Deo boxis operibus
224 831 1017 878 iustificantur: Piis Deus reddit & retribuit secundum iustitiam ipsorum
221 874 1010 914 & puritatem manuum ipsorum: Ergo pit coram Deo bonis operibus in¬
224 907 341 947 stificantur.
258 924 1023 979 Assumtionem probant ex Psalm. 18. v. 21. Retribuit mihi Iehova
215 972 1014 1012 secundum iustitiam meam, secundum puritatem manuum mearum re¬
219 1003 357 1048 stituit mihi.
249 1038 1012 1078 RESP. Falluntur & fallere conantur ex ambiguo dupliciter
217 1069 1020 1104 Primo enim reddere, retribuere, restituere, rependere & similia verba
217 1109 1010 1144 vel proprie sumuntur, vel improprie. Proprie Deus redderet & retribuo
215 1126 1064 1176 ret ei, qui nullum bonum a Deo accepit, sed qui prior dedit Deo. Im.
222 1169 1028 1215 proprie autem Deus dicitur retribuere seu reddere ei, qui Deo nihili
219 1213 1014 1248 prior dedit, sed qui omnia bona opera quae habet a Deo accepit. Qui
220 1238 1023 1278 bus igitur Deus reddit, retribuit & rependit, proprie loquendo, ille
220 1269 1021 1312 bonis operibus justificantur apud Deum. At Deum Davidi & alii
234 1309 1021 1344 iis reddere, retribuere & rependere, proprie loquendo, negatur
228 1337 1028 1374 Nam quis prior dedit Deo, ut retribuatur ei? Roman. 11. 35. Quid ha¬
219 1366 1030 1410 bet boni ullus hominum, quod non acceperit a Deo: sicut Paulus ait
223 1403 1029 1442 I. Corinth. 4. v. 7. Quid autem habes quod non acceperis? quod si etiam
219 1437 1032 1474 accepisti, quid gloriaris quasi non acceperis? Nullius ergo hominis bona
222 1475 1016 1507 opera sunt meritoria apud Deum, nullus meritis suis justificatur co¬
229 1507 1018 1553 tam Deo. Deinde Psal. 18. v. 21. tantum de justitia causae agitur, non
221 1541 1032 1585 de personae justitia, quam perfectam in Davide regenerato non fuis¬
222 1577 1033 1618 se, testantur tot ejus lapsus, & confessio peccatorum Psalm. 32.
225 1609 321 1651 38. & 5
252 1636 1022 1684 SECUNDUM sumunt ex cap. Jacob. 2. 24. in quo haec verba ex¬
229 1672 1024 1713 stant: Videtis quod ex operibus iustificetur homo & non ex fide tantum
231 1705 911 1750 Hinc colligunt: Pios coram Deo bonis suis operibus iustificari
268 1742 1038 1779 RESP. Fallere conantur Papistae duplici homonymia, quarum
238 1773 1026 1809 iltera est in verbo iustificari, altera in nomine fidei. Nam instificar
243 1812 1025 1848 acobo hic est justum ostendi & comprobari coram hominibus &
231 1842 1031 1885 justum agnosci ab hominibus: non autem justum constitui apud
222 1872 1026 1914 Deum: & fides hic intelligitur notitia, cujus externa professione mult
224 1908 1025 1949 sibi justitiam ac salutem falso promittebant, etiamsi bonis operibus
222 1941 1033 1980 fidem non testarentur, ac proinde fides mortua hic intelligitur, non
230 1974 1029 2014 autem fides viva per charitatem agens, seu fiducia recumbens in mi¬
237 2006 606 2049 sericordia Dei & merito Christi¬
257 2037 1025 2080 REPLICANT & negant esse homonymiam in his vocibus: &
230 2074 1023 2117 quod verbum iustificari atunet, negant id Jacobo significare justum
237 2110 1022 2146 opstendi & coprobari coram hominibus & justum agnosci ab homi¬
227 2141 1021 2182 nibus: idque sic stabilire conantur: Si iustificari hi significat iustum
226 2173 1018 2210 ostendi & comprobari coram hominibus, & iustum agnosci ab homini¬
223 2206 1013 2245 bus, sequitur Apostolo id tantum curae fuisse, qua demum ratione iusti¬
231 2243 1015 2276 tiae opinionem apud homines consequeremur, de vera autem iustificatio
225 2275 1026 2313 ne, qua coram Deo iusti efficimur, non fuisse solicitum: At abjurdum est,
226 2305 572 2345 consequens. Ergo & antecedens:
258 2333 1016 2379 RESP. In propositione committitur error falsi consequentis. De
231 2370 1025 2410 inde quis nostrum unquam dixit, Apostolum id tantum docere voluis¬
228 2407 1022 2443 se, quemadmodum quis possit justitiae quandam opinione apud ho¬
235 2440 1028 2478 mines sibi conciliare, de vera autem justitia nihil tradidisse? Quasi qui
228 2475 1031 2513 praescribit quibus indiciis atque argumentis te vera justitia praedi¬
235 2512 1034 2549 tum esse comprobes is minime sit de vera justificatione solicitus.
241 2540 1025 2583 Quum Jacobus justitiae fructus proponit, veramque justitiam ex per¬
231 2575 1018 2619 petuis & necessariis effectis demonstrat, nonne veram justitiam a fal
224 2611 1034 2652 sa justitiae opinione distinguit, & de vera justificatione, quam coram
229 2641 1034 2676 Deo justi sumus, se esse solicitum declarat? Sin id minime curandum
236 2674 1027 2707 videtur, possimus ne justitiam nostram hominibus testatam facere, ut
233 2708 1033 2743 nos esse justos omnes intelligant, quamobrem Apostolus ait, Ostende
240 2741 1034 2778 mihi fidem tuam ex operibus, & ego ostendam tibi ex operibus fidem
233 2772 1033 2806 meam? Nullam ergo sidem Jacob. putat esse veram, nisi quae possit fa¬
232 2804 1019 2851 ctis verae sidei propriis agnosci, nec ulli justificantur coram Deo
241 2836 1022 2883 (infantes semper excipio) nisi qui se justos esse veris operibus testatur
274 2869 1032 2914 REPLICANT: Inquinamentis, sordibus & mera iniquitate.
241 2896 557 2949 abjurdum est fidem declavari¬
272 2925 1032 2983 At qui bona opera Evangelicis nihil sunt aliud, quam inquinamen¬
272 2966 557 3013 sordes & mera iniquitas.
235 2961 269 3004 ta¬
270 3006 831 3046 Operibus igitur fides iustificans non demonstratur.
277 3031 1028 3084 RESP. Assumtio est mera calumnia. Nostrum hoc dogma non est?
237 3051 1034 3115 justificatorum & renatorum opera nihil aliud esse, qua inquinamenta, &
236 3101 1022 3146 sordes & mera iniquitate. Piorum opera dicimus esse Dei dona, Dei
250 3126 1037 3181 placere, iisque amplissimam & promitti & persolvi mercedem: tamen¬
244 3166 1026 3211 non esse perfecta, quemadmodum lex divina postulat, nec omni vicio
236 3195 1031 3250 carere, propter illam peccati contagione quae naturam nostram cor¬
1013 148 1877 202 Arupit, nec penitus in hac vita exstirpari potest. Opera vero piorum sic
1074 194 1880 234 Deus probat, quemadmodum pios ipsos suscipit. Etsi enim pii multia
1067 226 1880 266 viciis laborant, illos tamen Deus propter Christum amat: sic opera
1073 264 1876 299 nostra, quanquam non omnino perfecta, rocipit Deus ac remunera¬
1074 295 1880 338 tur, sibique grata esse testatur. Verum ut opera sanctorum nihil sint
1074 325 1877 376 aliud, quam sordes, quam inquinamenta, quam iniquitas, id a nostra
1078 361 1614 399 ententia longissime alienum esse profitemur.
1101 389 1885 439 INSTANT & negant, probari posse Iacobo idem esse iustificari, quod
1069 420 1532 462 iustum comprobari & agnosci hominibus.
1101 456 1883 499 RESP. Jacobo Apostolo instificari idem esse quod justum mani¬
1077 488 1883 531 festari & ostendi hominibus, talemque ab illis agnosci, constat primum
1071 529 1879 567 ex scopo Jacobi, cui propositum est eos refutare qui se fide justos ese
1073 564 1877 602 gloriabantur, id autem operibus non demonstrabant: Deinde ex duo
1075 600 1886 635 bus illis exemplis Abrahami & Rahabae, qui se justificatos fuisse vera
1071 629 1889 667 fide, operibus bonis demonstrarunt. Id enim ipsa Glossa ordinaria sic.
1080 662 1898 701 explicat. Quoniam, inquit, Abraham per fidem sine operibus iustificatus
1072 700 1886 733 dicitur, de operibus quae praecedebant intelligitur: quoniam per opera quae
1075 729 1896 770 fecit, iustus non fuit, sed SOLAHIDE: hic de operibus agitur, quae fidem se¬
1071 764 1898 806 quuntur, per quae amplius iustificatur, quum iam per fidem fuisset iustus:
1084 796 1898 837 inde Paulus, Fide Abraham obtulit Isaac, quim tentaretur. Haec oblatio
1081 832 1886 872 est opus & testimonium fidei & iustitiae. Hactenus Glossa ordinaria mat¬
1083 865 1886 915 ginalis. Glossa interlinearis sic habet: Per fidem ante erat iustus, & fidet
1068 899 1882 938 duxit opera, & per opera fides ipsa est augmentata & comprobata. Tertio
1078 933 1893 968 ex testimonio Thomae Aquinatis, qui hunc locum Jacobi ita exposuit:
1071 971 1892 1008 Hic loquitur de operibus sequentibus fidem, quae dicuntur iustificare, non se¬
1080 999 1895 1034 cundum quod iustificatio dicitur justitiae infusio, sed secundum quod di¬
1074 1032 1886 1070 citur iustitiae exercitatio, vel ostensio, vel consummatio. Haec Thoma:
1089 1069 1892 1102 Aquinas. Consummationis autem vocabulum, quam vim habeat; ex¬
1086 1102 1885 1137 aliis ejusdem verbis connosci potest: Consummata est, id est, augmen¬
1086 1136 1883 1177 tat & comprobata & osfensa. Ita Thomas Aquinas docet, opera ju¬
1083 1167 1887 1203 stificare ostensive, non causative: sunt enim effectus & signa, non cau¬
1089 1201 1887 1241 ae justificationis Lectione 4. super Gal. 3 ait: Opera non sunt causa
1090 1234 1895 1272 quod aliquis sit iustus apud Deum: sed potius exsequutiones & manife¬
1090 1268 1280 1312 stationes iustitiae.
1125 1299 1901 1343 REPLICANT etiam ad alteram distinctionem quae est nomi¬
1088 1334 1887 1375 nis fidei. Negant enim, Apostolum Jacobum per fidem intelligere fi¬
1091 1369 1892 1410 dem mortuam, quae in nuda rerum divinarum cognitione & externae
1085 1403 1585 1443 Christianae religionis professione consistit.
1104 1430 1900 1487 RESP. Jacobum de fide mortua loqui certissimis argumentis:
1088 1471 1544 1509 ex contextu ipso desumtis evinci potest.
1109 1508 1897 1548 II. Fides, quae tantum in verbis consistit, quae tantum in quadam
1089 1534 1902 1575 inani verborum jactatione posita est, ea mortua est: At Jacobus lo¬
1096 1570 1889 1619 quitur de tali fide, quae tantum in verbis consistit, ut patet ex versu 14.
1117 1602 1901 1638 II. Fides quae est vacua operibus, quae nullis operibus comproha¬
1080 1639 1898 1683 ta est, ea est mortua: At Jacobus loquitur de tali fide, quae est vacua o¬
1097 1672 1238 1718 peribus, v. 18.
1110 1694 1901 1741 III. Fides quae nudis & egentibus, nonnisi verbis succurrit, nihile
1089 1737 1891 1784 vero opis reipsa praestat, ea est mortua: At Jacobus loquitur de tali fi¬
1086 1772 1445 1818 de, ut videre est versu. 15, 16, 17.
1124 1807 1898 1850 IV. Fides, quae etiam in diabolos eadit, est mortua: At Jacobus
1086 1838 1752 1884 de tali fide loquitur quae etiam in diabolos cadit, versu. 19.
1166 1869 1891 1913 Fides, quae est dissimilis fidei Abrahami, ea est mortua; At Ja¬
1085 1904 1896 1941 cobus loquitur de fide, quae est dissimilis fidei Abrahami & Rahabae.
1086 1940 1892 1981 Nam Abrahami & Rahabae fides fuit actuosa & demonstrata operi¬
1089 1975 1889 2013 bus: At fides quam Jacobus negat justificare, est operibus vacua, ver
1093 2011 1319 2051 20, 21, 22. 23, 24, 25.
1129 2038 1891 2082 VI. Fides, quae est instar corporis sine spiritu, est mortua: At Ja¬
1089 2071 1893 2111 cobus loquitur de side, quae est instar corporis sine spiritu, v. 26. Ham
1101 2109 1894 2149 gitur fide, quam verius cadaver fidei licet appellare, Jacobus negat ad
1083 2140 1891 2183 justificatione esse sufficientem: sed qui justificatur, eum ex operibus justi¬
1086 2172 1892 2212 ficari oportere docet, id est, justum coprobari, declarari, demonstraris
1118 2205 1891 2244 TRIPLICANT Papistae & Jacobum non loqui de fide mortur
1084 2237 1901 2278 sic ostendere nituntur: De ea fide quae nihil efficacitatis habet, imo etiam
1079 2272 1905 2316 noxia valde est, de ea, inquiunt, fide non loquitur lacobus. Esset enim hoc
1080 2314 1904 2354 alienum ab ipsius scopo: At mortua fides nihil efficacitatis habet, &c. Er¬
1083 2345 1520 2387 go de mortua fide non loquitur lacobus.
1120 2365 1903 2411 RESP. Propositio & ejus probatio est falsa. Nam Jacobus falsam
1095 2410 1894 2449 quorundam persuasionem diluit, qui putabant sufficere homini fide
1083 2440 1901 2477 id est, rerum divinarum cognitionem, etiamsi male viverent & bona.
1092 2476 1897 2514 opera non haberent: & convincit ea fide quae tantum in ista divina¬
1088 2506 1902 2546 rum rerum cognitione consistit, neminem justificari posse. Hanc
1092 2540 1898 2578 esse Apostoli mentem Augustinus testatur de fide & operibus cap. de¬
1095 2574 1898 2611 cimoquarto; lacobus vehementer infestus est eis, qui sapiunt fidem sine
1083 2607 1901 2650 operibus valere ad salutem, ut illos etiam demonibus comparet. Vides
1087 2643 1888 2685 ergo Jacobum ex Augustini sententia, de fide mortua operumqui
1095 2673 1888 2710 vacua loqui: nam daemoniacam esse mortuam nemo dubnat. At
1103 2710 1904 2751 ue ex hac Jacobi disputatione ad extremum colligit Augustinus:
1100 2743 1888 2782 Quousque igitur falluntur, qui fide mortua sibi vitam perpetuam pol¬
1092 2780 1177 2818 licentur:
1107 2805 1890 2844 INSTANT: Fides Abrahami & Rahab non fuit mortua: Et ta¬
1092 2838 1904 2882 men sola, quam habuerunt fide, licet viva, iustificatos non esse lacobus
1082 2875 1807 2915 diserte pronunciat: Ergo non de mortua fide loquitur, sed de viva
1122 2901 1888 2950 RESP. Abrahami & Rahabae veram vivamque fidem fuisse Scri¬
1095 2941 1895 2979 ptura praedicat, quod fuit ex illorum operibus manifestum. Hanc ve¬
1094 2971 1895 3015 tam Abrahami & Rahabae fidem, quam suis factis declararunt, ho¬c
1099 3011 1902 3050 um inani opinioni dissimilimam fuisse Apostolus contendit. Nam
1097 3045 1907 3081 quod exemplum Abrahami & Rahabae producit, id facit eo fine, ut
1090 3074 1904 3106 demonstret, eam fidem, quae dissimilis esset fidei Abrahami & Ra¬
1099 3108 1907 3148 habae, esse mortuam. Quod autem Papistae ajunt, Jacobum diserte
1093 3149 1895 3182 pronunciare, Abrahamum non fuisse solam fide justificatum, quam
1097 3174 1892 3210 umvis verissima, id apud Jacobum nusquam invenitur. Ait quidem
1094 3204 1898 3245 Jacobus, illum operibus justificatum esse, hoc est, justum declaratum:
