2063 3502
184 157 1019 234 giia verae fidei qua justificamur fructus veros protulit, quando Isaa¬
186 220 995 266 cum obtulit. Itaque hunc non mortua, sed vera fide praeditum
183 242 992 301 fuisse res ipsa comprobavit, qualem isti homines jactitabant, non
183 284 979 331 ostendebant. Atque hoc est, quod Abrahamo Angelus dixit Ger
192 322 989 369 22. v. 12. Nunc expertus sum te timere Deum, quum non subtraxeris
185 345 991 406 filium tuum unicum a me. Hoc facto justificatus, id est, justus cogni¬
183 390 998 428 tus fuit Abrahamus, quia se in Deum vere credere testatus est, atque
186 421 1001 466 eo modo, ut Apostolus ait, impleta Scriptura fuit, & omnes verum.
182 454 986 502 esse perspexerunt, illum Deo credidisse, atque hoc ei ad justitiam im¬
201 483 1037 539 butatum esse, in quo fidei solius justitiam Jacobus nullo verbo Bt
190 514 297 555 violavit.
222 550 995 597 INSTANTamplius: Qui fide mortua credit, non bene credit: At Iaco¬
190 573 996 637 bus loquitur de fide qua bene creditur: No igitur lequit de fide mortua.
238 616 992 668 Assumtionem probare conantur ex eo quod Jacobus dicit: Ti.
189 652 998 698 credis, inquit quod unus est Deus, bene facis. Num vero eum bene fa¬
196 692 983 737 cere quis existimet, qui fide ficta Deum esse credit? Ergo Iacobus (ajunt.
196 716 506 762 non loquitur de fide mortus.
233 749 987 809 RESP. Homonymia est in adverbio bene. Nam quum ait Jaco¬
195 787 992 836 bus, qui credunt unum Deum esse, eos bene facere, non innuit eo
207 822 993 874 viva fide credere, sed tantum concedit eos in hoc non errare, quod ut
195 861 1000 900 num Deum credant, hoc est, non falli multorum deorum falsa opi¬
193 889 1005 939 nione, sed credere, quod est verissimum, quodque omnes crederet
199 929 999 971 necessario debent. Interim refellit eorum opinionem, qui existima¬
202 956 989 1003 bant sufficere ad salutem, credere unum esse Deum: & refutationis ai
210 995 1004 1038 gumentum ducit a pari: quia idipsum etiam credant daemones, nec
196 1030 998 1066 tamen propterea salutem consequantur, sed potius contremiscant
201 1063 989 1106 Quod ergo istos homines bene credere affirmat, idipsum etiam cre¬
205 1092 990 1139 dere daemones docet: ex quo hac fidem, quam bene credunt unum est
208 1128 995 1178 Deum, mortuam esse intelligimus, quum eam Jacobus daemonibus
202 1159 374 1203 etiam tribuat.
240 1194 998 1245 TERTIUM argumentum sumunt Papistae ex eodem cap. 2. Ja¬
203 1232 1010 1266 cobi, v. 21. Abrahamus pater ille noster nonne ex oporibus justificatus
198 1263 818 1298 est, quum obtulisset Isaacum filium suum super altare
237 1301 1011 1344 RESP. Hoc de justificatione coram Deo, intelligi non potest tri¬
200 1324 1004 1372 bus de causis. Prima est, quia historia sacra testatur, Abrahamum
202 1367 1016 1407 multo aute, videlicet triginta prope annis ante oblationem filii ju¬
214 1400 1009 1442 stum a Deo pronunciatum fuisse, ut videre est Genes. 15. v. 6. Secun¬
210 1434 1009 1471 da est, quia Paulus docet ex Scriptura Rom. 4. Abrahamum non o¬
203 1468 1013 1508 peribus, sed fide coram Deo justificatum esse. Tertia, oblatio filii non
210 1499 1013 1541 fuit integra Legis impletio, sed unicum opus: non ergo potuit inte¬
204 1533 845 1584 gra justitia esse & Abrahamum justificare coram Deo
249 1566 1018 1607 QUA RTUM sumunt ex parabola Matth. 20. de operatiis in vi¬
213 1602 1022 1641 neam conductis, quibus paterfamilias jussit mercedem reddere; inde
212 1637 1018 1673 colligunt, meritis nostris vitam aternam nos consequi ac proinde & ju¬
204 1673 431 1715 stificari coram Deo.
246 1693 1025 1738 RESP. Christus per mercedem seu denarium non intelligit vitam
210 1741 1010 1774 aeternam, quia istum denarium accipiunt etiam illi, qui oculum ma¬
210 1770 1024 1806 lum habent, qui denarium invident aliis, qui murmurant adversus
208 1806 1013 1850 patremfamilias, qui moleste ferunt sibi in mereede alios aequari¬
207 1839 1016 1878 qui non contenti sunt denatio suo, qui ablato suo denatio abeunt a pa¬
217 1872 1013 1906 trefamilias: at qui vitam aeternam accipient illi nec invidebunt eam
204 1905 1004 1940 aliis, nec murmurabunt adversus Deum, nec moleste ferent alios si
205 1938 1000 1974 bi aequari in communione vitae aeternae, & omnibus modis conter¬
219 1972 1016 2011 i erunt beatitudine vitae aeternae, & nequaquam a Deo abibunt, sed
208 2007 1019 2048 cum eo manebunt. Sed confirmat Christus hac parabola, multos
216 2037 1010 2076 primos fore ultimos, & ultimos primos, hoc est, eos qui sibi videntur
213 2078 1011 2114 primi, qui suis bonis operibus volunt vitam aeternam consequi, qui
216 2105 1009 2154 gloriantur se omnia mandata Dei servasse, fore ultimos, hoc est, non
219 2141 1016 2178 ingressuros in regnum Dei: eos autem qui sunt in hac vita ultimi, hoc
210 2162 1043 2211 est, qui contemti sunt in hoc mundo, qui Christi causa omnia relin¬
212 2204 1015 2248 quunt, fore primos, hoc est, vitam aeterna haereditatis jure possessuros.
223 2237 1017 2279 Summa igitur parabolae Christi haec est: Qualis est ratio operatio¬
214 2270 1013 2316 rum diviti alicui patrifamilias in vinea ipsius laborantium: talis est
224 2307 1012 2351 etiam ratio vocatorum a Deo in Ecclesiam. Jam multi operatioru
217 2337 1016 2385 in vinea videntur sibi strenui esse & aliis praeferendi, quum tamen sint
215 2382 1016 2418 mali, invidi, non contenti mercede pacta, queruntur de patrefamilias
222 2413 1010 2454 ac si injurius in illos esset; alii vero modesti sunt, acquiescunt in eo
226 2442 1025 2493 quod ipsis dat paterfamilias, & de eo sibi gnatulantur: Ita etiam multi
220 2478 1016 2519 in Ecclesia Dei sunt qui sibi videntur aliis praeferendi sanctitate, pie¬
222 2500 1049 2555 tate, meritis, qui tandem manifestabuntur quod sint ultimi, hoc est,
224 2545 511 2591 mali & reprobati a Deo.
264 2565 1015 2618 QUINTUM capiunt ex Matth. 25. v. 34. & sequentibus, unde sic ar
232 2609 1014 2665 gumentantur: Si regnum Dei possidetur propter bona opera, tum etiam
228 2646 1019 2685 bonis operibus coram Deo justificamur. Antecedens verum est: Ergo &
223 2683 1016 2724 censequens. Assumtionem ajunt a Christo confirmati his verbis: Ve¬
220 2709 1025 2757 nite benedicti Patris mei, possidete regnum paratum vobis a jacto mun¬
219 2742 1013 2795 di fundamento. Esurivi enim, & dedistis mihi quo vescerer: sitivi, & de
220 2774 1026 2820 distis mihi potum: hospes eram, & collegistis me: Nudus, & amicivistis.
225 2820 941 2862 me: aegrotavi, & invisistis me: in carcere eram & venistis ad me¬
261 2853 1019 2893 RESP. Primo; assumtio est falsa. Deinde, in ejus probatione pec-
226 2876 1032 2923 eatur allegatione testimonii alieni. Non enim dicit Christus: Possi¬
223 2915 1025 2959 dete regnum propter vestra merita: nec ex verbis Christi hic sensus
227 2946 1031 2991 elici potest; Esset enim ἀουςατος Christi oratio. Quia si regnum
231 2979 1028 3026 Dei datur propter merita: non igitur datur benedictis Patris. At
228 3014 1015 3059 Christus benedictos Patris vocando, admonet ex gratuito Dei fa¬
225 3051 1031 3092 vore salutem eorum profectam Servantur ergo fideles, quia Deus
225 3080 1015 3128 Pater illis benedixit, hoc est, gratuito suo favore & amore comple¬
228 3116 1027 3160 xus est. Deinde si regnum Dei datur propter merita, non est igitur
223 3149 1025 3196 haereditas. At regnum Dei est haereditas, quia diserte ait Dominus
226 3179 1033 3225 κληρονομησατ, hoc est, haereditatis jure adite & possidete. Quod si est
228 3216 1022 3262 haereditas, obvenit quia filii Dei sumus, non natura quidem, non me¬
225 3257 552 3306 ritis, sed adoptione gratuita.
1074 190 1841 258 Instantia I. Atqui Christus opera recenset, quae caeli remuneratione
1043 235 1610 281 compensat: Ergo opera sunt merita seu causae salutu.
1075 266 1848 324 RESP. Fallacia est secundum non causam ut causam Opera re¬
1042 300 1840 347 censet non ut causam salutis, sed ut testimonia & signa certissima ve¬
1051 335 1841 390 torum caeli haeredum. Hortatur enim Christus ad bene recteque age¬
1048 365 1827 418 di studium, & promittit vitam aeternam bene operantibus quidem
1042 402 1053 442 l
1078 431 1835 484 Instantia. II. Christus opera commemorans utitur particula cau¬
1050 462 1845 529 sali γο, hoc est, enim: Ergo possessionis regni caelorum docet causam esse
1046 498 1107 543 opera¬
1087 531 1844 584 RESP. Particula γο, hoc est, enim, non semper causam declarat, sed
1052 567 1844 621 generatim consequentiam notat seu argumentum, quod non sem¬
1061 609 1843 649 per ducitur e causa, sed saepissime ex aliis locis, ut Rom. 3. v. 22. Iusti¬
1041 609 1056 669 l
1053 673 1837 714 mnes qui credunt: non enim est distinctio: Omnes enim peccaverunt ad
1053 698 1850 747 deficiuntur gloria Dei. Certe peccatum non est causa justitiae fidei, sed
1059 734 1838 781 duntaxat antecedens adjunctum omnibus hominibus inhiaerens. Sic¬
1062 766 1837 809 Haec est vera mater infantis; quia non vult infantem in duas parte
1054 802 1847 849 dividi. Recusatio divisionis infantis in duas partes, non est causa effi¬
1056 835 1847 892 ciens matris, sed duntaxat τεκμηριον & certum signum ostendens.
1057 865 1271 914 quod sit vera mater
1089 901 1844 959 Instantia. III. In die judicii non ex Christi obedientia, vel fide, sed
1054 938 1493 978 ex propria obedientia quisque judicabitur.
1089 967 1192 1011 Ergo, &c.
1083 991 1851 1046 RESP. Impios opera palam damnabunt: pios fides liberabit.
1050 1039 1061 1079 s
1063 1063 1844 1113 condemnatur. Et Johan. 5. versic. 24. Qui sermonem meum audit &
1063 1103 1844 1147 credit ei, qui misit me, habet vitam aternam & in condemnationem
1051 1137 1062 1177 1
1063 1171 1841 1206 que Deo cognita, factis declaratur, quae omnib. nota sunt & manife¬
1059 1205 1853 1244 sta, consentaneum est ex factis potius, quam fide, sententiam a Judi¬
1056 1240 1854 1282 ce pronunciari, ut toti mundo manifesta sit justitia sententiae a Judice
1054 1269 1148 1322 prolatae
1092 1302 1852 1354 Instantia IV. Christus in die judicii justos pronunciabit, qui legi
1062 1326 1254 1378 obtemperarunt.
1096 1364 1861 1410 RESP. Qua de causa Christus operum sit facturus in die judicii
1066 1401 1861 1442 mentionem, exposuimus. Fidem enim, ut Jacobus ait cap. 2. 18. o¬
1077 1440 1852 1473 pera ostendunt, atque comprobant. Antequam autem Christus
1078 1473 1852 1508 haec sanctorum opera commemorat, veras & proprias salutis causat
1069 1507 1855 1541 attingit, ne quis cum nostris Sophistis illos operum suorum digni¬
1071 1537 1853 1577 tate meritos existimet aeternam felicitatem. Quando enim haere¬
1078 1570 1849 1609 ditatem eos adire jubet, Dei in Christo adoptioni omnem justit: a
1064 1606 1865 1642 ac salutis causam tribuit. Quod enim aliquis jure haereditatio
1087 1633 1868 1678 possidet, id suis operibus minime meretur. Tum quod subjungit,
1077 1673 1864 1706 paratum hoc illis fuisse regnum a jactis fundamentis mundi, aeternam.
1071 1707 1861 1743 Dei electionem omnibs operum meritis opponit. Num enim Deus
1077 1738 1868 1772 hoc illis regnum praeparavit, quia egregia illorum opera praevidit?
1084 1774 1871 1805 Thomas Aquinas de verit. quaest. 6. art. 2. multis & firmissimis ar¬
1077 1804 1874 1849 gumentis operum praescientiam docet non esse praedestinationis
1074 1841 1858 1876 atque electionis causam. Nam praedestinatio est prior meritis. E
1074 1870 1859 1909 Apostolus Tit. 1. ait: Non ex operibus justitiae, quae fecimus nos: Et tum
1074 1905 1872 1938 nullus esset praedestinatus, nisi merita habiturus, quod patet in parvu¬
1065 1938 1858 1975 lis esse falsum. Quum ergo praedestinatio gratuita omnino sit, sanctores
1063 1973 1862 2017 salute esse prorsus gratuita manifestum est: quum praedestinatio nihil ali¬
1096 2028 1871 2073 SEXTUM: Zacharias & Elizabeth bonis operibus coram Deo justi¬
1065 2060 1868 2108 ficati sunt: Ergo & nos bonis operibus coram Deo iustificari necesse est.
1077 2104 1862 2146 Antecedens probare conantur testimonio Lucae c. 1. v. 6. Erant iusti
1071 2135 1852 2177 ambo in conspectu Dei, incedentes in omnibus mandatis & constitutio¬
1065 2168 1343 2211 nibus Domini inculpate.
1099 2204 1856 2240 RESP. Primo negatur antecedens, neque illud probatur testimo¬
1074 2237 1852 2271 nio Lucae; quia aliud est iustificari coram Deo, aliud justum esse coram
1075 2274 1866 2317 Deo. Nam iustificari peccatorem coram Deo, est a Deo recipi in
1077 2306 1868 2349 gratiam & accipere remissionem peccatorum propter solius Christi¬
1066 2344 1077 2384 i
1069 2377 1855 2410 tus est per Christum Homo natura impius justificatur coram Deo.
1080 2403 1862 2442 ex gratia: justificatus ex gratia, est demum justus coram Deo. De¬
1069 2435 1862 2474 inde justum esse coram Deo seu in conspectu Dei est hoc in loco Lu¬
1080 2468 1852 2509 cae idem quod sincere & serio, sine hypocrysi & simulatione, sic ut
1074 2509 1853 2545 justitiae studium non coram hominibus prae se ferrent, sed ut ei de¬
1075 2540 1856 2579 diti essent toto corde coram Deo cordium scrutatore. Sic etiam
1072 2567 1851 2610 usurpatur haec phrasis Genes. 17. vers. 1. Ephes. 1. ver. 4. 2. Corinth.
1079 2611 1855 2642 7. v. 12. Deinde Zacharias & Elizabeth incesserunt in omnibus
1081 2636 1863 2674 mandatis & constitutionibus Domini inculpate, non quod nihil in¬
1085 2674 1862 2714 llis reprehendere Deus potuerit, sed propter conversationem inter¬
1072 2714 1082 2755 I
1085 2741 1859 2779 vocari, & quam propterea in Dei conspectu habuisse feruntur, quia
1081 2774 1861 2816 in ea homines nulla simulatione fallebant, sed ut apparebant, ita
1086 2802 1859 2844 noti erant oculis Dei, non autem secundum illam perfectionem.
1092 2843 1865 2880 ustitiae, ut verissime hunc locum interpretatur Augustinus contra
1078 2870 1862 2915 Pelagianos & Caelestium, libro primo, capite quadragesimo¬
1084 2902 1865 2949 octavo. Si enim ita purus fuisset Zacharias, ut nihil peccarit, cur illi
1087 2941 1872 2986 mox poenam peccati Deus imposuit? Mutus enim exstitit, quia non
1086 2974 1298 3018 credidit Dei verbis
1110 2997 1868 3049 SEPTIMUM ex Luc. 7. v. 47. Quaecunque est causa remissionis pecca¬
1080 3035 1871 3083 torum, eadem est causa iustificationis coram Deo: Sed charitas est causa.
1074 3082 1086 3122 I
1114 3094 1871 3147 Assumtionem conantur probare ex loco allegato, in quo Christus
1078 3140 1765 3181 ait: Remittuntur ei peccata multa, quoniam dilexit multum.
1113 3172 1872 3215 RESP. Assumtio negatur: Deinde ea probari nequit dicto allega¬
1101 3212 1883 3250 0, in quo dictio οn, quoniam, non est αἰπολογικi, sed onucionus. Chari¬
1086 3239 1880 3291 tas enim non est causa remissionis peccatorii, sed remissionis certo
