2063 3473
281 164 817 214 Et ipsa ex virtute sepulturae Christi promanat.
289 204 1040 246 Vi vificatio novi hominis, est secunda regenerationis nostrae pars,
244 239 1037 280 cum in novam spiritualem vitam resuscitamur, ut justitiae vivamus.
255 269 1035 321 Eph. 2 v. 4, 5. Deus quum dives sit misericordia propter multam chari¬
247 302 1031 345 tatem suem qua dilexit nos, Ettam nos, quum per lapsus mortui esse¬
250 341 1034 380 mus, una vivificavit cum Christo, cuius gratia estis servati. Joh. 5. 11
252 379 1027 411 Sicut enim Pater juscitat mortuos & vivificat: ita & Filius quos vus
253 411 1022 451 vivificat. Loquitur in his verbis Christus de spirituali vivificatione
265 439 1040 486 quae fit in regeneratione: quia haec vivificatio non est omnium, sed
256 476 1012 520 eorum duntaxat quos vult Christus vivificare, hoc est, electorum.
283 509 1036 551 Novus homo, est natura hominis, quae ad imaginem DEI instaus
258 541 1033 582 tatur. Dicitur etiam interior homo, Rom. 7. 22. & occu tus cordis ho¬
247 577 1036 617 mo, 1. Pet. 3. v. 4 Ite Christianus, id est, Christo per fide addictus eique
258 603 1034 645 anitus & particeps ejus, regenitus ex Deo Patre, & matre Ecclesia sam
247 642 1027 685 cta orthodoxa, per verbum Dei incorruptibile, ad promovedam glo¬
254 672 1033 716 riam Dei & purioris doctrinae incrementum operatione Spiritus Sam
260 709 1036 751 cti. Item Spiritus, Joh. 3. v. 4. Nam hoc loco non intelligitur spiritus
252 740 1037 784 nomine, anima & mens hominis: sed totus homo spiritualis, id est
270 781 1013 820 piritus Sancti gratia Christo insitus, ac proinde in eo renovatus.
286 805 1049 850 Ideo autem homo renovatus appellatur spiritus, ut natura ipsius
271 839 1047 880 erennis, pura ac immortalis significetur, quamvis adhuc supersit lu¬
261 877 1048 921 cta carnis; adeo ut unus & idem homo fidelis, quam diu hic versatur,
256 916 989 952 & caro & spiritus diversis respectibus dici possit. Sic Matt 26. 41.
291 941 800 981 Spiritus quidem est promtus, sed caro infirma.
288 973 1043 1015 Vivificationis duae sunt partes: Laetificatio conscientiae, & guberna.
292 1011 404 1051 spiritualis.
249 1005 278 1051 tio
285 1028 1051 1088 Laetificatio conscientiae, est prima vivificationis pars, dum Spiritus
255 1080 1048 1121 Sanctus conscientiam vero spirituali gaudio replet. Psal. 51. 10, 14.
258 1114 818 1154 Rom. 5. 1. Esa. 57, 16, 17, 18. & 61. 1. Ela. 49. v. 13:
1068 1142 1094 1174 D
252 1180 1057 1222 generatos Spiritu suo ducit in recta via suorum mandatorum, ita ut
252 1221 1049 1253 non amplius peccato, sed DEOvivant, & novam vita ambulent. Rom.
252 1248 1040 1284 6. cap. toto, item 7. & 8. ubi prolixe de sanctificatione seu regenera
261 1282 1042 1322 tione agitur. Sic Psal. 37. v. 23. Hanc gubernationem spiritualem sae¬
252 1316 1058 1356 pissime orat David a Deo, praecipue Psol. 119. 33. 34, 35. & passim per¬
261 1349 1052 1384 totum Psalmum Sic Psal 2., 8. 9, 10. Bonus & rectus Iehova est, id¬
257 1381 1049 1419 circo docet peccatores viam: Facit ut incedant mansueti ex iure, & doces
250 1421 1051 1464 mansuetos viam suam. Omnes semitae Iehovae benignitas & fides sunt,
262 1448 746 1486 justodientibus fedus etus & testimonia eius.
259 1476 1048 1522 Regeneratio tum animae est, tum corporis. 1. Thess. 5. 23. 1. Cor. 6. 20.
291 1516 1049 1562 Hier, Zanch. de Redemt. parte prima in loco de peccato originali c. 5
286 1551 788 1591 g. 60. tertia. Edit. Neustadianae anni 1597.
245 1549 285 1597 p¬
294 1574 1057 1627 Regeneratio animae est, qua animae facultates renovantur. Tit. 3. 5.
263 1610 364 1656 Gal 4. 6.
303 1637 1061 1698 Regenerationis animae duae sunt partes: illuminatio, & donum resi¬
254 1677 363 1730 piscentiae.
301 1708 1060 1754 Ut animae duae sunt partes, intellectus & voluntas: ita etiam in iis¬
267 1743 1055 1785 dem duabus partibus sit regeneratio. Illuminatio intellectus est, re¬
262 1785 1064 1820 sipiscentia intellectus & voluntatis. Sic Paulus ait, in regeneratione
265 1806 1089 1858 renovari imaginem DEIad agnitionem conditoris, Col. 3. 10. & ad
273 1851 731 1891 justitiam & sanctitatem veram, Eph. 4. 5.
301 1883 1055 1917 Illuminatio, est prima regenerationis animae pars, quam mens no¬
273 1907 1051 1957 stra dispulsis naturalibus tenebris, illustratur vera cognitione adipi¬
268 1948 1067 1992 scendi vitam aeternam. Psal. 16. 11. Coloss. 3. 10. Rom. 12. 2. Rom. 7.
262 1981 481 2026 23. 2. Cor. 1. 21.
306 2011 1054 2058 Eadem etiam unctio Spiritus Sancti dicitur. Et collyrium spiritua
288 2051 794 2102 quo oculi mentis inunguntur, Apoc. 3. v. 18.
301 2091 1030 2137 Tantum de illuminatione: sequitur de dono resipiscentiae.
265 2181 1058 2221 mens & voluntas nostra renovatur, quo non amplius cogitet & velis
265 2213 1058 2249 malum, sed tantum bonum, ita ut toto homine in melius mutato;
262 2247 1050 2285 abstergatur a mente omnis immundicies, & pravae affectiones ex
262 2281 1058 2315 cutiantur & opera edantur consentanea resipiscentiae, Jesa. 55. 7. De¬
273 2313 1057 2348 relinquat improbus viam suam, & vir iniquus cogitationes suas: revero
262 2347 1062 2388 taturque ad Iehovam, ut miscreatur ipsius; & ad Deum nostrum, quia
271 2378 1055 2419 plurimum condonat. Actor. 11. v. 18. 2. Tim. 2. 25. Rom. 6. 4, 5, 6. Ephi
277 2414 1052 2451 1. v. 22, 23, 24. Deponere, quod ad pristinam conversationem attinet
277 2451 1065 2491 veterem illum hominem, qui deceptricibus cupiditatibus corrumpitur:
279 2477 1043 2523 Et renovari sporitu mentis vestrae; Et induere novum illum hominem
267 2545 1059 2591 Philip. 2. v. 13 Deus enim is est qui efficit in vobis, & ut velitis, & ut ef¬
271 2575 1055 2616 ficiatis, pro gratuita sua benevolentia. Dicitur etiam poenitentia & con¬
276 2610 1066 2651 versio seu reversio a peccatis ad Deum, per Synecdoche partis: illo qui¬
268 2643 1060 2688 dem nomine a prima parte, hoc vero a posteriore parte. Vocatur et
273 2672 648 2720 iam circumcisio cordis, Jer. 4. v. 4.
300 2709 1060 2749 Resipiscentia non proficiscitur a nostro libero arbitrio, quod pec
270 2742 1054 2786 cato amissum, post lapsum nullum est ad bonum, atque inprimis ad ce¬
267 2777 1057 2824 versionem ad Deum, Genes. 6. v. 5. sed est donum gratiae Dei, Actor
265 2808 1082 2857 111. v. 18. Ettam Gentibus dedit resipiscentiam ad vitam. 2. Tim. 2. 25.
280 2838 1064 2883 Cum lenitate crudientem eos, qui contrario animo sunt affecti: exper¬
283 2876 1063 2914 urum num aliquando daturus sit eis Deus resipiscentiam ad agnitio¬
277 2909 1061 2955 nem veritatis Jer. 31. v. 18. sic ut resipiscentiae causa efficiens principali
277 2937 1074 2995 sit Deus ipse, idque non tantum quoad principium, sed etiam quoad
276 2972 854 3020 progrestum & consummationem ad finem usque
318 3004 1051 3050 Gratiae enim divinae in vera peccatoris conversione & resipiscen¬
276 3029 1069 3081 tia, certi sunt gradus, quorum respectu gratia sit quintuplex: praeveni¬
279 3071 773 3115 ens, praeparans, cperans, coxperans & perficiens
317 3103 1058 3146 Gratia praeveniens, est qua Deus in animum peccatoris converten
288 3126 1096 3191 di inspirat bonas cogitationes, bonum propositum, desideriumque
279 3159 512 3205 boni supernaturalis
320 3201 1081 3250 Gratia praeparans, est qua praepatatur mens & voluntas peccatoris
1077 157 1899 206 ut consentiat & obsequatur Spiritui Sancto. Ut enim omnis gratis
1098 195 1907 241 supernaturalis, quoad donationem ex parte Dei, ab eo tota est: ita
1099 231 1901 274 consentire & gratiam donatam posse recipere nonnisi eodem Deo
1102 264 1286 309 lante possumus.
1126 301 1904 340 Geatia operans, est qua actu ipso liberamur a regno peccati & reno¬
1096 334 1901 375 vamur mente, voluntate & affectu, accepta facultate obediendi Deo.
1126 365 1901 407 Gratia cooperans, est qua Deus continuo progressu ita operatur.
1095 396 1904 443 ut nobis salutem nostram operantibus, ille continuo cooperetur
1100 432 1240 477 principaliter
1129 462 1897 506 Gratia perficiens, est qua Deus resipiscentiam in nobis consum¬
1095 502 1913 538 mat, dans nobis ut velimus constanter adhaerere Deo & perseverate
1099 533 1385 580 in bono ad finem usque,
1131 570 1914 618 Exempla confirmant, resipiscentiam esse donum gratiae divinae;
1095 601 1658 642 velut Matthaei ad telonium sedentis Matt. 9. v. 7.
1136 630 1902 669 Causae administrae, sunt ministri Dei & alii pii ad resipiscentiam non
1089 662 1891 705 invitantes hortationibus & exemplis suis, Actor. 26. 18, 20. Matth.
1098 702 1898 747 5. v.16. Ita splendeat lux vestra coram hominibus, ut videant vestra bo¬
1096 741 1891 773 na opera, glorificentque Patrem illum vestrum, qui est in caelis. 1. Pet. 2. v.
1096 771 1898 805 12. Conversationem vestram habeatis honesta inter Gentes: ut pro eo
1098 805 1904 849 quod loquuntur adverjus vos ut maleficos, ex bonis operibus quae spe¬
1099 838 1562 881 ctarint, glorificent Deum die visitationis,
1125 861 1907 914 Instrumentales sunt duplices: quaedam ex parte Dei: quaedam ex
1097 906 1234 952 parte nostra.
1132 926 1902 978 Ex parte Dei sunt verbum Dei, crux, beneficia Dei & poenae, & iudi¬
1099 971 1453 1014 cium universale in extremo dij¬
1127 1011 1909 1047 Verbum Dei enim est medium necessarium ad efficiendam con¬
1113 1040 1915 1078 persionem peccatoris ad Deum: idque totum verbum Dei sic ut
1099 1072 1901 1114 haud dubie tota Logis & Evangelii doctrina sit concio poeniten¬
1104 1115 1903 1151 tiae, sed certo discrimine. Legis enim proprium est, homines prae¬
1113 1139 1909 1180 parare ad conversionem, arguendo peccata & cogendo ipsos de sua
1117 1175 1907 1208 justitia desperate: per Legem enim est agnitio peccati, sine qua non
1102 1207 1906 1256 sunt homines idonei aud: tores concionis Evangelicae. Sed post.
1110 1244 1910 1285 quam Lex damnavit peccatorem, tanquam suo defuncta officio;
1106 1276 1903 1315 non revocat ipsum ad Deum, neque ullam spem reditus & reconci¬
1102 1308 1913 1349 liationis cum Deo ei facit: Lex enim iram operatur, Roman. 4. vers.
1101 1347 1903 1381 15. Si tamen alio & novo aliquo mandato peccatorem Deus ad se re¬
1110 1379 1922 1421 vocet, jubet Lex obtemperate. Evangelii autem vox propria est, non
1110 1412 1916 1447 nota rationi ex Lege, quae jubet peccatores reverti ad Deum propo¬
1101 1448 1921 1487 sita nobis spe reditus in promissam gratiam per Christum, pro i¬
1108 1478 1914 1521 ipsis satisfacientem Legi; & docet modum resipiscendi, ac proinde
1108 1519 1916 1554 est instrumentum Spiritus Sancti, quo proprie ad efficiendam con¬
1102 1550 1904 1580 versionem utitur. Nulla enim esse potest revocatio, neque rever
1116 1576 1913 1617 sio peccatoris ad Deum, sed perpetuo Deum fugit & odit, nisi sper
1114 1615 1908 1650 veniae in Mediatore facta sit. Sicut ergo fidem in Christum, sic &
1117 1645 1916 1684 conversionem ad Deum, Lex in genere, Evangelium in specie prae¬
1132 1678 1919 1722 pit. Lex praepatat convertendos: Evangelium autem est ministe¬
1113 1717 1913 1751 rium Spiritus, 2. Corinth. 3. versic. 6. id est, medium seu instrumen¬
1107 1745 1916 1781 tum, quo Spiritus Sanctus efficaciam suam exserit, & fidem ac con¬
1125 1779 1925 1819 versionem operatur. Passim autem in Scriptura Sacra vocamur ad
1126 1819 1910 1857 resipiscentiam, veluti Jesa. 1. vers. 16, 17. Lavate vos, purificate vos
1121 1853 1913 1893 imovete malignitatem actionum vestrarum ex adverso oculorum meo.
1122 1881 1913 1917 rum, desinite malefacere. Discite benefacere, quaerite jus, beate oppres¬
1116 1913 1913 1952 sum: jus dicite pupillo, suscipite causam viduae. Et cap. 55. v. 7. Dei
1114 1950 1925 1982 relinquat improbus viam suam, &c. In eodem verbo Dei sunt fre¬
1116 1979 1916 2025 quentes promissiones factae resipiscentibus & comminationes judi¬
1112 2015 1925 2051 cii inevitabilis factae non resipiscentibus. Sic verbum Dei est medi¬
1116 2051 1924 2090 um resipiscentiae nostrae hortationibus, promissionibus, commina¬
1114 2082 1256 2123 tionibus, &c.
292 2135 1095 2189 Donum resipiscentia, est altera regenerationis animae pars, quam
1150 2102 1910 2150 Crux itidem ad resipiscentiam nos impellit, tum nostra, tum alios
1116 2147 1913 2194 rum piorum & sensus judiciorum Dei Psal. 119. v. 71. Bonum est mi¬
1115 2183 1756 2222 hi Iehova, quod humiliasti me, ut cognoscerem vias tuas
1144 2211 1932 2256 Beneficia item Dei, tum jam exhibita, tum promissa ad resipiscen¬
1109 2247 1928 2289 tiam invitant. Eom. 2. v. 4. An divitias benignitatis ejus & tolerantia
1116 2278 1922 2325 ac lenitatis contemnis, ignorans te benignitate Dei ad resipiscentiam
1117 2317 1919 2354 deduci? Proverb. 1. v. 23. Reuvertimini ad correctionem meam: ecce, erus
1110 2355 1918 2387 ctabo vobis spiritum meum, nota faciam verba mea vobis. Et vers. 33.
1130 2380 1925 2420 Qui vero auscultat mihi, habitabit secure, & tranquillus a pavore ma¬
1121 2419 1925 2453 li. Jesa. 55. v. 7. Jerem. 3. ver. 7. Revertere aversa Israel, dictum Iehovae;
1115 2449 1925 2498 non faciam ut irruat facies mea irata in vos: nam benignus sum, dictum
1113 2482 1531 2522 Iehovae, non asservo iram in saculum.
1146 2513 1930 2554 Poenae etiam tum aliorum, tum nostrae, sive jam nos prementes,
1122 2541 1913 2588 sive a Deo denunciatae & nobis imminentes nisi resipuerimus, ad re¬
1120 2579 1925 2621 sipiscentiam nos impellunt. Luc 13. v. 3. Nisi resipueritis, omnes simi¬
1128 2615 1928 2651 liter peribitis. 1. Cor. 6. 9. Galat. 5. 21. Talia facientes, regnum Dei non
1128 2648 1925 2685 possidebunt. 2. Cor. 5. v. 3. Superinduemur, siquidem induti, non nude
1117 2681 1923 2716 reperiemur. Jerem. 6. v. 8. Erudire, o urbs Ierosolymorum, ut non luxe¬
1128 2713 1928 2751 tur anima mea a te; ut non reddam te desolatam, terram non inhabi¬
1123 2751 1922 2787 tatam. Proverb. 1. v. 24. & seqq. Oseae 5. v. 15. Abiens revertar in lo¬
1125 2787 1922 2818 cum meum, donec reos peragant se & quaerant faciem meam, quum an¬
1119 2820 1588 2861 gustia fuerit ipsis, quaerent me diluculo, &c.
1153 2838 1934 2899 Eodem servit universale judicium in extremo die futurum, ut te¬
1122 2876 1921 2914 statur Paulus Act 17. v. 2 29, 30. Deus mandat omnibus ubique homini¬
1122 2912 1921 2950 bus ut resipiscant: Eo quod statuit diem quo juste judicaturus est orbo
1117 2946 1928 2995 terrarum per eum virum quem difiniit, fide ejus rei palam facta omni¬
1119 2979 1441 3019 bus, illo ex mortuis suscitato
1148 3005 1922 3049 Ex parte nostra instrumentalis causa resipiscentiae est fides verbo
1121 3049 1925 3081 DEI adhibita, & in misericordia Dei recumbens: sinequa nec
1129 3078 1931 3114 sit, nec inchoatur in nobis resipiscentia. Ex fide enim est dilectio
1137 3112 1929 3151 Dei, sine qua non potest fieri conversio. Ut enim ad DEUM acceda¬
1135 3144 1922 3182 mus, oportet nos persuasos esse ex Evangelio, eum nobis esse in
1131 3180 1931 3215 Christo propitium Patrem, ac velle per & propter eum remittere.
1137 3209 1920 3258 peccata: ita cum amabimus, atque ad ejus misericordiam fide confu¬
