2063 3416
279 157 1076 219 Ad Deum autem toto corde nobis revertendum: I. Quia Deus A¬
254 202 1043 262 ipse nobis mandat, ut ad ipsum revertamur, Jerem. 3. v. 9. Revertimi¬
249 251 457 298 ni filij aversantes.
289 267 1039 322 II. Quia Deus benignus est & placabilis, Jerem. 3. v. 7. Reverte¬
249 303 1031 350 re aversa Israel, dicit Iehova: non faciam ut irruat facies mea irate
255 335 1027 401 sis nos, nam benignus sum, dictum Iehovae, non asservo iram in se¬
243 381 325 419 culum.
288 395 1040 448 III. Quia conjugio junctus est nobis, Jerem. 3. v. 9. Revertimi¬
252 432 1039 487 ni filij aversantes, dicit Iehova, nam ego conjugio junctus sum vobis.
273 467 1041 518 IV. Quia nobis resipiscentibus benefaciet; remittet enim pec¬
252 502 1034 550 cata, Jes. 1. v. 18. Jerem. 3. v. 9, 10. recipiam vos, daturus sum vobis pa¬
249 530 1034 588 stores ex sententia animi mei, qui pascent vos scientia & intelli¬
243 575 326 623 gentia.
279 598 1034 650 Partes ejus duae sunt: latitia conscientiae per Christum, & nova¬
244 642 374 683 obedientia.
278 663 1044 710 Laetitia conscientiae per Christum, est prima vivificationis pars, cum
242 695 1026 744 homo contritus & humiliatus ob peccatum, refocillatur spiritu ut lae¬
244 740 949 782 tetur in Deo placato per Christum. Jes. 57. v. 15. Psalm. 51. 10.
283 762 1028 811 Nova obedientia, est altera vivificationis pars, cum homo mortis
249 792 1064 850 cata carne, totam deinceps vitam ad voluntatem Dei & sanctam ejus
243 839 613 882 Legem conformat. Psalm. 25. 9.
277 868 1027 914 Partes ejus duae sunt: fuga mali, & consectatio boni. Prius fugien
240 900 1025 938 dum est malum, quam seqhendum bonum, juxta illud Psal. 34. v. 11.
240 932 1037 976 Recede a malo & fac bonum: Et Jes. 1. v. 16, & 17. Lavate vos, purifi¬
243 963 1035 1013 cate vos, amovete indignitatem actionum vestrarum ex adverso o¬
244 1002 1034 1041 culorum meorum, desinite malefacere. Discite benefacere, quaerite
246 1032 953 1080 jus, beate oppressum, jus dicite pupillo, suscipite causam viduae
268 1060 1038 1101 Utrumque autem praestandum est: non enim satis est fugere prohi¬
249 1101 1043 1146 bitae, nisi etiam facias praecepta. Nam non qui fugit injustitiam, sed
242 1141 778 1189 qui exercet justitiam, justus est, 1. Johan. 3. 7.
267 1189 1019 1253 Atque haec fuerunt de regeneratione animae: sequitur de re¬
504 1236 786 1296 generatione corporis.
273 1281 1043 1328 Regeneratio corporis, est per quam corpus redditur obediens spiri¬
243 1318 1041 1359 tui regenerato, ut nihil exsequatur nisi cum voluntate Dei consen¬
244 1356 943 1398 tiat. Rom. 12. v. 1. 1. Thessal. 5. 23. 1. Corinth. 6. v. 15, 19, 20.
283 1379 1039 1425 Ipsius quoque est & mortificatio & vivificatio. Rom. 6. 12. & set
246 1420 1043 1462 Coloss. 2. 11. quae communiter appellantur frenatio affectuum car¬
249 1454 593 1497 nalium, & rectio locomotivae.
273 1488 1040 1529 Frenatio affectuum carnalium, est prima regenerationis corpo¬
249 1523 1039 1562 ris pars, per quam domantur affectus, ut rationi regeneratae obtem
261 1562 326 1595 perent.
276 1587 1039 1629 Rectio lacomotivae, est altera regenerationis corporis pars, per qui
246 1627 1037 1661 omnia membra corporis reguntur, ne impulsa a residuis pravis cupi¬
252 1651 1043 1699 ditatibus aliquid faciant contra consensum mentis & voluntatis re¬
247 1692 368 1738 generatae.
277 1719 1040 1763 Renati non sunt amplius sub dominio peccati: in renatos non ca¬
247 1755 635 1800 dit peccatum regnans, Rom. 7. 6.
278 1782 893 1824 Regenerationis testimonium est sancta & justa vita.
284 1820 1036 1866 Quam multi sunt, qui scelerata sua vita, se non esse regeneratos,a
255 1853 490 1902 perte demonstrant:
284 1870 875 1922 Renati sunt matrimonio juncti Christo, Rom. 7.:
280 1911 1045 1962 Homo integer & depravatus, renatus & non renatus differunt λό¬
250 1947 479 2002 vῳ, non ὑοκειμδυῳ.
315 2002 982 2051 Hactenus dictum est de partibus regenerationis: re¬
462 2041 833 2102 stant perpetua eius adiuncta.
282 2100 1030 2146 Regenerationi perpetuo adjuncta est spiritualis militia regenst
252 2132 649 2179 rati hominis, & victoria ejusdem.
279 2172 1037 2209 Spiritualis militia regenerati hominis, est pugna, qua contra frau¬
258 2195 1039 2237 des Diaboli, pessima mundi exempla, carnisque propriae iritatione
261 2236 1043 2271 anquam peccati causas indesinenter pugnat, eisque fortiter resistit
255 2268 890 2312 Rom. 7. 8. & sequentibus, Gal. 5. v. 16, 17. Psal. 37. & 39.
288 2292 1042 2335 Victoria regenerati hominis est, quam is insidias Diaboli, mundi &
254 2336 1054 2378 propriae carnis per Christum vincit. 1. Johan. 5.4. & 3. 9. Rom. 16. v.
254 2364 515 2410 20. 2. Corinth. 2. v. 14.
389 2414 904 2482 Hactenus de regeneratione: sequitur
413 2480 882 2554 CAPUTII
280 2549 1016 2608 In quo de adoptione filiorum Dei, & spirituali liber¬
536 2597 751 2651 tate eorundem.
334 2661 1042 2705 DOPTIO filiorum Dei, est beneficium Dei, per quod no
336 2698 1045 2741 propter Christum in filios recipit, & haeredes coeli aeternaeque
324 2737 1041 2773 vitae cum ipso facit. Rom. 8. 15, 16, 17. Galat. 3. 26. Ephes. 1. 5.
248 2753 391 2811 Johan. 1. 12.
281 2794 1045 2838 Chrysostomus homil. in Psalm. centes. quinquagesimum: Ita et¬
256 2820 1049 2862 iam precationis nostrae prooemium hinc capit initium. Dicere enim:
258 2862 1051 2903 Pater noster, est eorum qui agunt gratias propter dona quae acceperunt,
253 2896 1049 2928 & e omnia per hoc nomen ostendunt. Qui enim dixit Patrem, con¬
260 2924 1040 2962 fessus est filiorum adoptionem. Qui autem confessus est adoptionem
250 2964 1040 3000 justitiam, sanctificationem, redemptionem, peccatorum remissionem
261 2989 1052 3025 suppeditationem SanctiSpiritus praedicavit. Oportet enim haec omnia
255 3026 1043 3072 prius exstitisse, ut nos filiorum adoptione sic fruamur & qui Patrem
261 3058 555 3094 vocemus, digni habeamur.
304 3081 1048 3124 Adoptio duplex est: imperfecta, quam in hac vita habemus: de hac
267 3108 1046 3159 dicitur ad Romanos: Non enim accepistis spiritum servitutis iterum
267 3148 1045 3190 in timore, sed spiritum adoptionis filiorum, in quo clamamus Abba¬
273 3178 1042 3226 Pater. Atque istam adoptionem jam obtinuerunt; qui Christum rece¬
1106 146 1901 203 erunt per fidem, Johan. 1. 12. Altera adoptio est perfecta quae in re¬
1096 197 1903 238 surrectione universali ex mortuis, filiis Dei dabitur: de ea in octavo
1099 225 1902 267 capite ad Romanos dicitur: vers. 23. Omnis creatura ingemiscit &
1095 263 1895 301 exspectat filiorum Dei revelationem. Sed & nos ipsi Spiritus primi¬
1096 289 1900 342 tias habentes, gemimus intra nos, exspectantes adoptionem & redem¬
1098 329 1351 375 tionem corporis nostri.
1116 366 1874 433 Tantum de adoptione filiorum Dei: sequitur de spiri¬
1317 414 1685 466 tuali libertate eorundem.
1119 453 1909 506 Primo: Libertas nostra est triplex: naturae, gratiae & gloriae. Liber¬
1092 500 1907 541 tas naturae, est quam liberi sumus a coactione & obligatione vani¬
1083 535 1143 575 tatis
1128 564 1903 607 Libertas gratiae, est qua liberati sumus a culpae & iniquitatis ser¬
1096 597 1166 640 vitute.
1126 630 1898 681 Liberias gloriae, quam liberabimur a servitute miseriae, quam in hoc
1099 669 1811 706 mundo etiam filii Dei experiuntur. De hac agitur Rom. 8. 25.
1120 700 1906 747 Deinde libertas vel spiritualis est vel corporalis. In praesentia agi¬
1086 733 1681 770 mus de libertate gratiae praecipue, eaque spirituali
1116 763 1903 808 Spiritualis liberias filiorum Dei, est beneficium Dei, quo ij qui per
1089 797 1907 850 fide facti sunt filii Dei, per Christum a spirituali servitute sunt soluti,
1096 834 1910 877 sic ut non amplius sint sub Lege, sed sub gratia. Praedicta fuit Jesa. 9.
1095 872 1910 907 4. Galat. 5. v.1. In libertate igitur qua Christus nos liberavit, persta¬
1102 906 1687 945 te, & ne regredientes implicamini servitutis jugo.
1123 925 1904 977 Eaque libertas Christiana dicitur, tum quia a Christo parta est
1096 963 1912 1006 tum quia est omnium Christianorum, nomine Christianorum in¬
1096 1004 1920 1058 tellectis omnium temporum fidelibus, in Christum credentibus qui
1102 1038 1454 1077 inde ab initio mundi fuerunt.
1126 1070 1910 1121 Estque vel communis omnium fidelium in Veteri & Novo Testa¬
1096 1107 1674 1146 mento: vel propria fidelium in Novo Testamento
1137 1124 1918 1176 Libertas communis omnium fidelium in Veteri & Novo Testa¬
1098 1169 1906 1207 mento quadruplex est: nimirum a jugo Legis Moralis, a servitute
1114 1208 1912 1245 peccati, ab onere traditionum humanarum, & a metu hominum in
1111 1234 1286 1277 vero cultu Dei.
1131 1269 1916 1310 Libertas a jugo Legis Moralis duplex est: nempe tum a necessitate
1101 1300 1910 1345 implendi Legem perfectissime in hac vita, ac proinde etiam a rigidis¬
1105 1338 1915 1377 sima & severissima illa exactione perfectissimae obedientiae in hao
1101 1370 1916 1411 vita praestandae ad obtinendam vitam aeternam; tum a maledictione
1100 1405 1911 1451 ob violationem Legis, quum Christus sponsor pro nobis factus
1105 1435 1903 1473 llud αἀκριθοδίκαιον Legis impleverit, & obedientiam illam pro no¬
1104 1468 1915 1507 bis praestiterit, & maledictionem poenamque pro nobis subierit &
1113 1506 1905 1541 pertulerit. De hac libertate agitur Actor. 15. v. 10. ubi Petrus a ce¬
1102 1541 1910 1582 remoniis ad Legem ipsam in genere transiens ait: Nunc ergo quia
1111 1572 1917 1610 tentatis Deum, ad imponendum jugumcervici discipulorum, quod
1107 1609 1903 1647 neque Patres nostri, neque nos portare valuimut? Rom. 6. ver. 14. 15. Pec.
1110 1636 1909 1675 catum enim nobis non dominabitur, non enim estis sub lege, sed sub¬
1102 1673 1915 1713 gratia. Quid igitur? peccabimus, quod non simus sub Lege, sed sub¬
1110 1709 1910 1746 gratia? absit. Et c. 7. v. 6. Nunc autem liberati sumus a lege, mortuo
1103 1738 1907 1774 eo in quo detinebamur, ut serviamus in novitate spiritus, ac non in
1108 1772 1902 1819 vetustate literae. Vide Hieronymi Zanchii Miscellanea Theologi¬
1117 1801 1397 1846 ca, pag. 264. & sequente,
1143 1835 1909 1876 Hinc Lex Moralis dicitur abrogata, quoad durissimam exactio¬
1101 1870 1909 1913 nem totius Legis implendae in hac vita a nobis ipsis, & quoad maledi¬
1117 1902 1742 1938 ctionem adversus eos qui sunt in Christo, Rom. 8. v. 1.
1131 1931 1910 1973 Unde consequitur, nobis etiam partam esse libertatem a potestate
1107 1958 1906 2014 & tyrannide diaboli, a condemnatione & morte aeterna, Johan. 8. v.
1107 2004 1868 2046 36. Itaque si vos Filius in libertatem vindicarit, vere liberi eritis.
1137 2037 1909 2071 Hac nos consolamur in certamine conscientiae coram judicio Dei.
1135 2067 1904 2106 Libertas a servitute peccati, est per quam vindicati sumus a domi¬
1105 2097 1909 2139 nio peccati, ut ne peccatum amplius nobis dominetur, sed ut justifi¬
1105 2139 1917 2178 cati & donati Spiritus Sancto, citra coactionem, prompta voluntate &
1107 2166 1916 2207 sponte potius quam obligatione, justitiae Dei vivamus, Johan. 8. v. 34.
1098 2204 1912 2244 Quisquis operam dat peccato, servus est peccati. Ro. 7. 4, 5, 6. 2. Cor.
1111 2233 1901 2267 3. v. 17. Ubi spiritus ille Domini, illic libertas. Rom. 6. v. 6. & sequen¬
1105 2267 1906 2305 tibus usque ad finem. 2. Petr. 2. v. 19. Gal. 5. v. 13. Vos enim ad liberta¬
1111 2299 1912 2333 tem vocati estis fratres: tantum ne libertatem arripite ut datam car¬
1110 2330 1646 2366 ni occasionem, sed ex charitate servite alij aliis
1126 2366 1910 2404 Illa demum vera atque absoluta liberras est, quum Deo servimus;
1116 2398 1912 2435 propterea in sacris liberum esse, & Deo servire, verbis differunt, res
1117 2433 1909 2468 unt idem 1. Petr. 2. v.16. Vt liberi, ac non veluti malitiae velamen
1097 2464 1909 2500 hubentes libertatem, sed ut servi Dei. Paulus Rom. 6. 18. libertatem
1113 2499 1916 2542 Christianam dicit esse servitutem justitiae: Vocatur Matth. 11. v. 29.
1107 2531 1652 2574 jugum Christi, sed lene & subeuntibus salutare
1132 2557 1910 2603 Libertas ab onere traditionum humanarum, est qua omnes fide¬
1107 2589 1906 2633 ses soluti sunt ab observatione humanarum adinventionum, cere¬
1102 2630 1906 2667 moniarum & superstitionum, quae sub specie pietatis & religionis Ec¬
1105 2661 1900 2698 clesiae obtruduntur, vel imperiose inponuntur. Hujusmodi eram
1095 2694 1897 2731 traditiones Pharisaicae, quas fideles non morabantur, Matth. 24. v.
1108 2733 1905 2773 4. Videte, ne quis vos seducat. Matth. 15. vers. 2. Quare discipuli tui
1114 2760 1900 2796 ransgrediuntur traditionem Seniorum? Non enim lavant manus
1110 2793 1901 2829 suas, quum edunt panem. Et cap. 9. 14, 15. Tunc adeunt eum discipuli
1106 2827 1900 2861 Iohannis, dicentes. Quare nos & Pharisaei multum jejunamus, disci¬
1104 2860 1901 2893 cipuli vero tui non jejunant: Et dixit eis Iesus: Num possunt filij tha¬
1110 2894 1906 2928 lami lugere, quamdiu cum eis estsponsus? Aderunt autem dies quum
1101 2928 1904 2961 tolletur ab eis sponsus, & tunc jejunabunt. De hac libertate loqui¬
1110 2961 1891 2993 ur Paulus 1. Cor. 7. 23. Pretio empti estis, ne estote servi hominum.
1135 2991 1907 3026 Libertas a metu humano in cultu Dei, est libertas per quam fide¬
1103 3017 1910 3058 libus a Deo indita est vehemens cupiditas Deo constanter & sincere
1104 3055 1900 3092 serviendi, mandato Dei nixa: qualis fuit in Abrahamo, Isaaco, Jaco¬
1114 3089 1907 3125 po Josepho, parentibus Mosis, Mose, Samuele, Davide, Daniele, so¬
1102 3124 1897 3158 ciis Danielis, fidelibus tempore Macchabaeorum, qui nullo metu e
1110 3154 1906 3194 dictorum tyrannicorum, cruciatuum, odiorum mundi, exagitatio¬
1108 3190 1780 3226 num, mortis denique ipsius, passi sunt se a cultu Dei avelli.
