2063 3473
210 149 995 199 ah omnibus lectae & intellectae, qua & ipsi vobis & aliis rursum pe¬
205 187 1010 234 ves abunde commendamur. Quemadmodum discipulus, qui
219 229 995 274 praeclaros profectus fecit, est epistola commendatitia praecepto
212 263 287 300 ris sui.
238 278 1008 328 Ad secundum argumentum responsio Scripturam per se esse litera
213 320 998 367 occidentem, negatur. Nam Apostolus non Scripturam aut characte
217 363 992 401 res, sed doctrinam externam: Spiritus Sancti efficacia separata vo¬
209 388 1006 432 cat literam occidentem. Haec litera occidit peccatores concione Legis
213 430 1010 477 per se, concione Evangelii per accidens. Peccatores enim Lex danat
216 459 1010 498 absolute; Malidictus qui non praestiterit verba Legis huius faciendo ea
219 490 1004 534 & dicet totus populus Amev. Deut. 27. 26. Evangelium non nisi incre¬
223 523 1006 569 dulos: Nisi credideritis me eum esse, moriemini in peccatis vestris. Joh
220 565 1012 602 8. v. 21. Eodem modo externus usus Sacramentorum absque interna
231 594 1015 638 ustificatione, regeneratione & sanctificatione cordis per Christum &
220 627 1007 674 Spiritum Sanctum, est litera: sicut Paulus Rom. 2. 29. circumcisio¬
226 663 1016 705 nem cordis dicit esse in spiritu, non litera. In summa, Externa tum
237 693 1012 740 praedicatio, lectio & auscultatio verbi, tum vsurpatio Sacramentorum
225 731 1016 770 confertur morture literae nisi Spiritus Christi intus cor doceat, rege¬
231 757 1011 803 neret, regat, ut homo tota vita sua Deo obsequatur. Ideo Paulus dis¬
232 796 1007 835 crimen inter vetus & novum testamentum statuens, & vetus Testa.
235 829 1019 868 mentum literam occidentem, novum vero Testamentum Spiritum
238 859 1012 903 vivificantem appellans, minime hoc vult, quasi scribi illud potuerit
232 893 1006 934 istud non possit: Sed quod Spiritus Sanctus ministerio non Legis
228 927 1016 970 sed Evangelii praedicati utatur ad vivificandum spiritualiter mortuos
237 962 1013 1004 quodque non lex sed Evangelium proprie sit organum Spiritus vivi¬
240 995 1021 1034 nicantis. Lex enim exigens perfectissimam obedientiam & maledi.
235 1027 1024 1066 ctionem denuncians eam non praestantibus, nonnisi mortifera est:
237 1064 1028 1114 at Evangelium offerens remissionem peccatorum in Christo Jesu.
238 1102 884 1144 est potentia Dei ad salutem cuivis credenti Rom. 1. v. 16.
244 1132 1037 1192 Hactenus de fanaticis totam Scripturam Novi Testamenti
324 1179 944 1233 reiscientibus ac si divina & Canonica non esset.
285 1221 1031 1268 De I bris quibusdam Novi Testamenti, nimirum de Epistola ad
239 1262 1030 1306 Hebraeos, lacobi, secunda Petri, secunda & tertia Iohannis, epistala Iudae
242 1300 1019 1344 & Apocalypsi Iohannis quidam dubitant; quidam negant divinos & Ca¬
243 1333 1033 1376 nonicos esse libros, non tantum inter Pontificios, sed etiam inter eos
258 1371 1031 1413 qui Evangelici nominantur. Sed horum opinio erronea, quia pau¬
252 1405 1034 1439 corum est, communitati Ecclesiae Evangelicae seu Reformatae im¬
253 1434 1039 1476 pingi non debet; sicut & paucorum Papistarum opinio non debete
250 1470 1043 1506 toti Papistarum communitati tribui. De singulis ordine videbimus:
249 1498 380 1549 ac primum.
395 1534 902 1584 DE EPISTOLA ADHE¬
567 1576 710 1615 BRAEOS
280 1605 1043 1652 Epistola ad Hebraeos olim ab Ecclesia Latina non fuit recepta,
259 1643 1034 1680 ut testatur Hieronymus Commentariis in caput sertum Jesaiae, etsi i¬
261 1676 1036 1709 ipse dicat esse Pauli. Ait enim; Unde & Paulus Apostolus in epistola ad
262 1708 1034 1747 Hebraeos, quam Latina consuetudo non recepit; Nonne omnes, inquit
255 1748 1040 1782 ministri sunt spiritus, in ministerium missi propter eos qui haereditatem
259 1777 1040 1818 accepturi sunt saluti? Et epistolam ad Dardanum, cujus initium, Quaeri¬
255 1809 1037 1851 Dardane Christianorum nobilissime & nobilium Christianissime, sic scri¬
261 1840 1046 1878 bit: Hanc epistolam quae inscribitur ad Hebraeos, non iolum ab Ecclesiis.
262 1876 1046 1914 Orientis, sed ab omnibus retro Ecclesiis Graeci sermonis scriptoribus, quast
255 1913 1035 1948 Pauli Apostoli suscipi, licet plerique eam vel BarnabaevelClementis arbitrem
265 1947 1035 1980 tur: & nihil interesse, cuius sit: cum Ecclesiastici viri sit, & quotidie Ec¬
264 1973 1040 2004 clesiarum lectione celebretur. Quod si eam Latinorum consuetudo non re¬
255 2013 1030 2048 cipit inter Scripturas Canonicas, nec Graecorum quidem Ecclesiae, Apoca
264 2039 1039 2082 lypsin Iohannis eadem Ibertate suscipiunt, & tamen nos utraque suscipi¬
258 2073 1040 2117 mus: nequaquam huius temporis consuetudinem, sed veterum scriptorum
255 2110 1043 2148 autoritatem sequentes. Ex his testimoniis Hieronymi planum est, E¬
256 2138 1025 2187 pistolam ad Hebraeos ab Ecclesia Latina olim repudiatam fuisse.
292 2172 1040 2211 Eusebius lib. tertio Historiae Ecclesiasticae, cap. tertio ait, apud La¬
255 2204 946 2250 tinos do epistola quae ad Hebraeos scribitur, haberi dubitationem
297 2235 1042 2276 Nostrae Ecclesiae ex praescripto verbi Dei reformatae, suscipiunt e¬
261 2269 1034 2318 pistolam hanc religiosissime, & pro divina, Canonica atque Apostolio
265 2310 1045 2349 agnoscunt: tum quia a Spiritu Sancto immediate inspiratam credunt,
261 2340 1042 2375 tum quia ubique in ea reperiunt conformitatem vere divinam cum Pro¬
251 2374 1040 2419 phetica & Apostolica doctrina de persona & officio Christi, quae capi¬
261 2407 1036 2440 ta tam luculenter tractat, ut omnes Graeci eam maxime Apostolicam
268 2440 1042 2486 esse scribant: certe clavis est aperiens januam ad rectam Veteris Te¬
261 2469 542 2515 stamenti intelligentiam
298 2502 1050 2553 Suscipit eam & Romana Ecclesia, quanquam argumentis quibus¬
257 2538 1038 2580 dam non admodum firmis utatur, qualia quidem Bellarminus reci¬
258 2575 1034 2613 tat, quorum refutationem iis relinquemus qui epistolam hanc im
259 2610 1037 2650 pugnant; defensionem vero illorum, Papistis: ne causam alienam fa¬
267 2637 464 2677 ciamus nostram.
297 2676 1044 2721 Argumenta eorum qui inter divinas & vere Canonicas numera¬
258 2708 971 2759 re verentur epistolam hanc, pauca sunt, paucisque dilui possunt.
547 2741 746 2786 PRIMVM.
301 2781 1045 2837 D: quacun: epistola prudens vetustas dubitavit, illa inter divina
261 2821 815 2866 & Canonitas & Aposioas recenseri non debet:
298 2853 1007 2898 At de pisinia ad Hebraeos prudens vetustas dubitauit. Ergo, &c.
300 2887 1058 2926 RESP. AIaier negatur, quia dubitatio quorundam de aliqua Ca¬
265 2920 1046 2962 ionica Scriptura non est vera ac sufficiens causa ad excludendam il¬
280 2962 1049 3003 am e Can: ne divino. Nec enim Canon Scripturae Sacrae pendet ex
271 2986 1049 3027 hominum judicio, quos saepe Deus ad tempus aberrate patitur. Dei
264 3024 1045 3070 inde minor est ambigna: potest enim intelligi vel de tota vetustate
276 3054 1042 3096 vel de parte illius. Si de tota vetustate intelligitur, negatur: quia ep¬
267 3085 1054 3129 stola ad Hebraeos, a GraecaE cclesia semper recepta fuit, & in Cocilio
270 3115 1052 3171 Niceno, Landieeno, & Catthaginensi pro Canonica agnita, tantum
270 3152 1050 3204 aLatina seu Romana Ecclesia non fuit admissa ad tempus, aut
279 3190 1051 3233 quibusdam Latinis Patribus, quorum error ad commune Ecclesia
1059 156 1867 194 non pertinet. Certe particulare quorundam factum, aut potius par¬
1069 185 1867 222 ticularis quorundam error, non est conmune judicium Ecclesiae. Hi¬
1074 218 1864 255 proinde locum habeat consilium Augustini, quod dat 3. tom. lib. 2
1074 250 1873 287 se doctrina Christiana, cap. 8. In Canonicis autem Scripturis Ecclesia¬
1066 291 1877 328 rum Catholicarum quam plurimum autoritatem sequatur, inter quos
1066 320 1877 359 sane illae sunt quae Apostolicas sedes habere & epistolas accipere meruerunt.
1074 351 1873 386 Tenebit igitur hunc modum in Scripturis Canonicis, ut eas quae ab om¬
1078 390 1880 426 nibus accipiuntur Ecclesiis Catholicis, praeponat eis quas quaedam non
1072 422 1880 463 accipiunt. In eis vero quae non accipiuntur ab omnibus, praeponat eas quas
1068 452 1880 495 plures gravieresque accipiunt, eis quas pautiores minorisque autoritatis
1075 487 1877 521 Ecclesiae tenent. Si autem alias invenerit a pluribus, alias a gravioribus
1071 519 1886 561 haberi, quanquam hoc invenire non possit, aequalis tamen autoritatis
1070 554 1238 594 habendas puto¬
1321 594 1631 642 SECVNDVM
1105 661 1811 705 Libsr cujus autor est incertus, non est diuvinus & Canonicus:
1114 702 1808 736 Epistola ad Hebraeos est liber cujus autor est incertus. Ergo: &c.
1107 729 1873 770 Assumtionem probant, quia epistola haec cum a multis Paulo Apo¬
1076 765 1883 804 stolo tribuatur, non habet adjectum initio nomen Apostoli Pauli, ut ha¬
1080 799 1876 840 bent omnes aliae ipsius Epistola. Ab aliis vero tribuitur Lucae, ab alii
1081 835 1525 873 Barnabae, ab aliis Clementi Romano.
1111 869 1886 913 RESP. Primo major universaliter intellecta negatur: nam libri Ju¬
1075 911 1877 947 dicum. libri Ruth, libri Jobi autores per quos scripti fuerunt sunt in¬
1086 949 1889 982 certi, nec tamen inde sequitur, libros illos non esse Canonicos. Non e¬
1084 975 1886 1026 nim ex amanuensis nomine liber Canonicus esse censetur, sed quia a
1083 1014 1889 1049 Spiritu Sancto inspiratus & dictatus esse creditur. Recte siquidem
1086 1048 1882 1081 Gregorius Magnus Praefatione in expositionem libri Jobi, cap. 1. ait: Qui¬
1092 1082 1880 1114 haec scripserit, valde supervacue quaeritur, quum tamen autor libriSpiri¬
1087 1114 1892 1150 tus Sanctus fideliter credatur. Ipse igitur haec scripsit, qui haec scribindae
1083 1151 1877 1192 dictavit. Ipse scripsit, qui & illius operis inspirator exstitit, & per scribet
1087 1186 1880 1223 tis vocem imitanda ad nos ejus facta transmisit. Si magni cuiusdamvi¬
1093 1214 1888 1254 ri susceptis epistoliis legeremus verba eaque quo calamo fuissent scripta
1099 1235 1892 1290 quaereremus, ridiculum profecto esset, si non epistolarum autorem scir:,
1095 1281 1880 1323 sensumque cognoscere, sed quali calamo earum verba impressa fuerint:
1089 1315 1883 1353 dagare studeremus. Cum ergo rem cognoscimus, etusque rei Sciritum
1098 1349 1882 1393 Sanctum autorem tenemus, quia scriptorem quaerimus, quid aliud agis
1088 1388 1649 1419 mus, nisi legentes literas, de calamo perscrutamur;
1131 1420 1891 1467 Deinde minor simpliciter intellecta, itide negatur. Epistolae enim
1086 1459 1888 1498 ad Hebraeos autor est incertus quibusdam; non autem simpliciter o¬
1089 1499 1897 1539 mnibus. Nam vetustissimi patres testantur esse Apostoli Pauli, ut
1099 1526 1898 1563 Clemens Remanus I in quadam sua epistola ad Corinthios, ut Eusebi¬
1099 1561 1885 1599 us refert lib. 3. Histor. Ecclesi isticae, cap. 38. Clemens Alexandrinus a¬
1111 1593 1889 1631 ud eundem Eusebium lib. 6. historiae Ecclesiasticae, cap. 11. De episto¬
1096 1626 1898 1668 la ad Hebraeos ita disserit, quod manifetre Pauli sit Apostoli: scripta sit
1102 1660 1899 1706 autem Hebraeo sermone tanquam Hebraeis: a Luca vero, qui erat Pauli
1099 1697 1889 1737 discipulus, interpretata in Graecum: unde &stylus eius magis similis vi¬
1107 1726 1900 1771 deatur libello illi, quem Lucas de Apostolorum actibus scrinsit. Quod auta
1102 1759 1889 1802 superscriptionem solitam inibi non habet, id est, Paulus Apostolus, ho¬
1110 1797 1889 1839 esse rationis ostendit, quia praeiudicatum Hebraeis erat de Pauli nomine
1102 1833 1898 1870 ne eius dicta susciperent: & idcirco prudenter declinasse, ne statim in
1111 1868 1889 1906 principio Pauli nomine inspecto, lectio eius repudiaretur. Post pauca ve¬
1111 1891 1901 1930 to addit etiam haec: Et sicut, inquit, beatus presbyter dicebat, quia Do¬
1105 1928 1888 1966 minus, Apostolus omnipotentis dicitur missus ad Hebraeos. Pro humili¬
1105 1960 1894 1995 tate ergo Paulus, qui ad gentes fuerat destinatus, non scripsit semetipium
1108 1995 1901 2028 Hebraeorum Apostolum, vel propter honorem Domini qui se missum di¬
1104 2027 1897 2068 xerat ad oves Isract, vel quia Gentium videbatur Apostolus. Idem sen¬
1095 2062 1891 2105 tiunt Athanasius primo tomo oratione tertia contra Arianos, pag.
1099 2096 1901 2133 centos. nonages. secunda: Et secundo tomo lib. 7. synopseos Sacrae
1105 2130 1898 2168 Scripturae. Concilium Laodicenum cap. quinquages. nono. Hierony¬
1093 2161 1901 2203 mus Commentariis in caput sextum Jesaiae, & epistolam ad Dardanum.
1092 2195 1891 2238 Ruffinus Aquiletensis Presbyter in expositione Symboli Apostolici se¬
1102 2228 1904 2266 ctione triges. quinta. Theodoretus vero in argumento epistolae hujus
1101 2262 1900 2306 sic ait: Nihil faciunt admirandum qui morbo Arianico laborant, si ad¬
1104 2295 1892 2337 versus literas Apostolicas furiant, & epistolam ad Hebraeos a reliquis set
1104 2328 1903 2365 parent, & eam adulterinam appellent. Qui enim adversus Deum & Ser¬
1107 2364 1898 2398 vatorem nostrum linguas movent, quid non ausi fuerint adverjus eius
1104 2397 1907 2430 benevolos & grandiloquos veritatis praecones? Ipsius enim Domini vox
1101 2430 1907 2472 est: Si me persequuti sunt & vos persequentur. Oportebat autem ipsos, &
1105 2463 1907 2507 si nihil aliud, temporis quidem cerse diuturuitatem revereri, quo hanc
1112 2497 1897 2536 ipistolam in Ecclesiis perpetuo legerunt alumni veritatis. Ex quo enim
1108 2531 1910 2563 literarum Apost: licarum fuerunt Ecclesiae participes, ex illo etiam epi¬
1110 2562 1901 2596 stolae ad Hebraeos utilitatem percipiunt. Quod si nec hoc quidem ad eis
1113 2595 1897 2634 persuadendum satis est, Eu, ebio quidem cerre oportebat eos Palaestinm
1107 2634 1897 2669 credere, quem patronum suorum decretorum appellant. Nam is etiam
1104 2655 1904 2706 divinissimi Pauli hanc esse epistolam confessus est: & viteres omnes.
1111 2695 1550 2731 hanc de ea sententiam habuisse asseruit.
1137 2731 1900 2773 REPLICANT quidam adversus hanc solutionem & negant Pau¬
1110 2764 1900 2811 lum epistolae hujus autorem esse: & negationis suae aliquot argu¬
1101 2805 1727 2842 menta proferunt, quae referemus singula & diluemus
1141 2830 1903 2874 I. Lpstola haec non habet adiectum initio nomen Pauli, ut haben¬
1114 2859 1595 2906 omnes ali terist. le ipsius: Ergo non est Pauli
1143 2894 1901 2932 RESP hrinu negatur consequentia: nam pari ratione sequeretur.
1107 2930 1910 2968 quia epistola prima Jahaniis Apostoli non habet ejus nomen praefi¬
1112 2962 1913 3005 xum, non este Johannis Apostoli. Deinde nominis appositio non est
1107 2998 1915 3032 necessar:um argumentum certitudinis autoris: quia liber Sapien¬
1117 3032 1911 3072 tiae nomen Saomonis habet, & tamen pfeudepigraphum esse Hie¬
1122 3068 1909 3113 onymus testatur: item Evangelia quaedam, homae Bartholomaei, Ia¬
1114 3098 1781 3138 cobi Nirodei nomen praeserinit nec tamen sunt istorum
1138 3133 1919 3170 II. Epilele inius si jlis ess diversus ab aliurum epistelarum Pau¬
1113 3159 1921 3202 linarum stalos fegn non si Pauli. Antecedens probatur: quia oratio
1113 3196 1880 3235 huius epinal lor, i gravioncipi esior, ernatior est, quam caeterarum.
