2063 3424
1086 166 1891 217 re, qui ad Christum nolit ire: ejus est ad Christum nolle ire, qui se
249 209 1035 263 crum affort. Lucrum est evasisse incrementa peccati, lucrum fugisse
240 255 611 299 deteriora & ad meliora transisse
279 267 1031 329 IX. Quia mors fidelium sanctificata est per mortem Christi, sid
245 324 826 363 ut nequaquam par sit morti impiorum maledictae:
269 341 1029 399 X. Quia mors Sanctorum est pretiosa in conspectu Dei, Psal. 116.
238 378 1031 423 v. 15. Pretiosa plane tanquam finis laborum; tanquam victoriae con¬
238 410 1047 459 summatio, tanquam vitae janua & perfectae securitatis ingressus, ut
242 449 614 498 Bernardus explicat in Epistolis:
276 470 1033 527 XI. Quia mortem hanc corporalem sequitur bona vita. Bona vi¬
243 518 1036 562 ta post adeptam victoriam: bona vita absoluto certamine, ut jam lex
246 545 1039 594 carnis Legi mentis repugnare non noverit, ut jam nobis nulla sit.
244 574 1034 622 cum corpore mortis contentio, sed sit in corpore mortis victoria
249 611 1027 659 Bona vita, in qua est pura requies, lex immortalis, gratia perpetua.
238 644 1029 689 animarum perennis haereditas, fida tranquillitas: Ubi vita sine mor
236 673 1034 721 te, gaudium sine luctu, exsultatio sine fletu, cantus sine lacrymis: ubi
246 710 1032 753 nullus lapsus, nullus supplicij metus; ubi stabilis & firma & perpetus.
241 740 1034 786 securitas. Non est haec vita nostra, sed alia quae est in coelis. Chrysost.
249 781 682 825 nomil. octava in epist. ad Colossensis.
278 805 1040 856 XII. Quia mortem corporalem certe sequetur resurrectio hujus
243 837 1041 884 carnis ad vitam aeternam. Psalm. 49. vers. 16. Enimvero redemturus
237 872 1038 918 est animam meam a sepulcro, quum recepturus me sit potentissime.
246 908 1035 958 Quemadmodum Christus nos consolatur Joh. 6. v. 39, 40. Haec est
238 949 1040 983 voluntas ejus qui misit me, Patris, ut quicquid mihi dederit, non per¬
237 972 1047 1023 dam ex eo, fed juscitem illud in ultino die. Haec est autem uoluntas
246 1012 1028 1062 ejus qui misit me, ut omnis qui conspicit Filium, & credit in eum, ha¬
240 1044 1040 1083 bent vitam aeternam: & suscitem ipsum ego ultimo illo die. Et Apo¬
245 1081 1034 1118 stolus Paulus Rom. 8. ver. 11. Si Spiritus ejus qui suscitavit Iesuma
235 1107 1037 1148 mortuis, habitat in vobis: is qui excitavit Christum ex mortuis, vi¬
247 1126 1086 1188 vificabit etiam mortalia corpora vestra, per inhabitantem ipsius Spi¬
244 1171 1046 1216 ritum in vobis. Ita per mortem culpa deficit, per resurrectionem au¬
246 1208 523 1253 tem natura perpetuatur
279 1221 1036 1277 XIII. Quia mors corporalis fidelibus non est malum. Si anima
238 1274 1043 1314 noceat, malum videri potest: si nihil autem officiat animae, ne malum
237 1309 1052 1350 quidem. Quod autem animae nocere nequeat, docet Dominus cum
247 1345 1043 1387 ait Matth: 10. v. 28. Nolite timere eos qui occidunt corpus, animum
243 1373 557 1413 autem non possunt occidere
278 1409 1039 1442 XIV. Quia mors corporalis est portus quidam eorum qui ma¬
232 1434 1047 1485 gno vitae istius jactati salo, idae quietis stationem requirunt. Est trans¬
244 1472 1043 1508 itus a corruptione ad incorruptionem, a mortalitate ad immortali¬
240 1511 1045 1545 tatem, a perturbatione ad tranquillitatem. Est sepultura vitiorum,
244 1534 1043 1574 virtutum resuscitatio. Est somnus bonus, quoniam vera ac dulcis a la¬
237 1572 1034 1610 boribus quies est: sicut ait Dominus Johan. 11. Lazarus amicus nostes
238 1602 1046 1647 dormit. Est stipendiorum plenitudo, summa mercedis. Dux ipse nisi
242 1634 1043 1674 confecto praelio non sumit lauream, nec miles arma deponit, nec sti¬
244 1668 1045 1705 pendij mercedem adipiscitur, nisi hoste superato. Est velut migratio¬
250 1708 545 1738 e domo ruinam minitant
281 1722 1043 1781 XV. Quia per mortem corporalem anima nostra sicut aquila al¬
246 1769 1033 1808 ta petit, supra nubes volat, renovatis splendescit exuviis, coelo vola¬
242 1804 1037 1840 tus suos infert; ubi in laqueos incidere non potest; nec visco falli, nec
249 1830 594 1881 quibuscunque insidiis irretiri¬
285 1853 1036 1904 XVI. Quia mors corporalis a sanctis longaevitatem peregrina¬
250 1899 1030 1938 tionis hujus ingemiscentibus & cum Christo esse desiderantibus, ex¬
255 1935 1040 1970 perita fuit: velut a Simeone illo justo dicente Luc. 2. v. 29. Nunc di¬
243 1972 1037 2005 mittis servum tuum Domine in pace: quasi coactione quadam tene¬
239 1999 1033 2040 retur in hac vita; non voluntate: ita dimitti petit quasi a vinculis qui¬
252 2037 1040 2074 busdam ad libertatem festinaret. Item ab Apostolo Paulo, qui Phi¬
243 2065 1034 2101 lipp. 1. v. 23. ait: quod desideret dimissionem, & ut cum Christo sit. 2.
252 2106 1033 2146 Corinth. 5. v. 2. In hoc suspiramus (ait) expetentes domicilio nostro
249 2130 557 2178 quod e coelo est, superindui.
285 2149 1024 2197 XVII. Quia mors corporalis subtrahit nos innumeris malis qui
247 2197 1040 2241 novissimis temporibus orbem terrarum invadent; de quibus praedi¬
247 2228 1040 2269 ctum est Matth. 24. 2v. 4. usque ad 13. Multi venient sub nomine meo;
242 2263 1037 2303 dicentes. Ego sum Christus ille: multosque seducent, &c. Item vers. 24.
239 2294 1039 2333 usque ad 30. Luc. 21. vers. 25, 26. Tunc erunt signa in Sole & Luna.
252 2327 1034 2371 & stellis: & interna anxietas Gentium in consilij inopia, resonant
252 2361 1046 2401 mari & salo: Exanimatis hominibus prae timore & exspectatione
246 2392 1034 2428 malorum eorum quae invadent orbem terrarum I. Timoth. 4. v. 1, 2.
243 2431 1039 2470 Spiritus autem diserte dicit fore ut posterioribus temporibus desci¬
252 2462 1046 2497 scant quidam a fide, spiritibus deceptoribus attendentes, ac doctrinis.
248 2492 1046 2524 demoniorum, per hypocrisin falsiloquorum, quorum conscientia cau¬
243 2527 1046 2560 terio resecta est. Et 2. Tim. 3. v. 1. usque ad nonum. & cap. 4. vers. 3. 4.
258 2560 1052 2599 Erit tempus quum sanam doctrinam non tolerabunt: sed auribus
255 2593 1047 2623 prurientes, ipsi sibi secundum suas illas peculiares cupiditates coacer¬
258 2625 1039 2662 vabunt doctores: Et a veritate quidem aures avertent, ad fabula.
254 2657 1051 2691 vero divertent. 2. Petr. 2. v. 1, 2, 3. Et Apocalypsis Johannis plurimas
255 2688 1045 2726 habet praedictiones futurorum malorum, quibus mors corporalis
256 2724 1048 2762 nos tempestive subducit. Cyprian. libr. de Mortalitate, sect. 17. Cum
255 2756 1036 2790 accersitionis propriae dies venerit, incunctanter & libenter ad Do¬
255 2777 1067 2824 minum ipso vocante veniamus. Quod cum semper faciendum fuerit
268 2816 1051 2855 Dei servis, nunc fieri multo magis debet corruente jam mundo, &
260 2852 1054 2890 malorum infestantium turbinibus obsesso, ut qui cernimus coepisse
268 2882 351 2917 iam, &c.
294 2907 1046 2954 XVIII. Quia in morte corporali Christianorum, proximum est
264 2942 1046 2984 regnum Dei, praemium vitae & gaudium salutis aeternae, perpetua lae¬
260 2976 1045 3017 titia & possessio paradisi per Adamum amissi, per Christum recupe¬
261 3014 1039 3058 rati: jam terrenis coelest a, & parvis magna & caducis aeterna suo
257 3038 344 3074 cedunt.
315 3070 1046 3123 XIX. Quia mors corporalis probat & aliis cognoscendam in¬
264 3107 1040 3152 tuendamque proponit morientis fidem, spem & charitatem. In mor
271 3140 1040 3179 te fideles ab infidelibus discernuntur, fides elucet, spes praemium re¬
276 3172 1040 3218 portat, charitas in Deum sit conspicua. Ejus est enim mortem time¬
309 167 1096 230 VIII. Quia mors corporalis sanctis non detrimentum, sed lu¬
1091 213 1903 250 non credit cum Christo incipere regnarei Scriptum est enim, justum
1086 248 1096 289 si
1083 280 1096 320 I
1086 313 1900 353 ad Christum voceris; amplecteris & tibi gratularis? Si vere ad spem.
1094 340 1902 379 vivam es regenitus, cur anxietate & solicitudine turbaris? salutem
1099 375 1898 419 peratam jamjam adepturus? Si vere Christum amas, cur trepidas;
1098 406 1901 449 cur moestus es quod illuc transferendus es, ubi prophetiae quidem
1093 438 1898 477 abolebuntur, & linguae cessabunt & notitia abolebitur, sed charitas
1087 479 1097 520 1
1092 508 1897 552 mas, & tot ejus membra quae in hoc mundo amasti amare non de¬
1092 542 1158 587 sines:
1119 571 1901 612 XX. Quia mors corporalis finem imponit pugnae periculosissi¬
1098 608 1906 648 mae, quae nobis dum hic vivimus sustinenda est, & in qua saepenumero
1104 638 1898 676 plagae accipiendae, vel cadendum. Quid aliud in mundo, quam pugna
1098 680 1906 718 adversus Diabolum quotidie geritur? quam adversus jacula ejus &
1089 705 1900 747 tela conflictationibus assiduis dimicatur? Cum avaritia nobis, cum
1090 739 1898 781 impudicitia, cum ira, cum ambitione congressio est: cum carnalibus
1099 774 1904 816 vitus, cum illecebris secularibus assidua & molestia luctatio est. Ob¬
1092 806 1900 844 sessa mens hominis & undique diaboli infestationibus vallata, vix oc¬
1089 838 1910 882 currit singulis, vix resistit. Si avaritia prostrata est, exsurgit libido: si
1092 875 1900 914 libido compressa est, succedit ambitio: si ambitio contemta est, ira
1099 904 1902 946 exasperat, inflat superbia, violentia invitat, invidia concordiam rum¬
1098 941 1895 982 pit, amicitiam zelus abscindit. Cogeris maledicere, quod divina Le¬
1104 981 1909 1013 prohibet: compelleris jurare, quod non licet. Tot persecutiones a¬
1098 1009 1898 1045 nimus quotidie patitur, tot periculis pectus urgetur, & delectat his
1098 1038 1904 1078 inter diaboli gladios diu stare, cum magis concupiscendum sit & o¬
1110 1080 1852 1113 tandum ad Christum, subveniente velociter morte, properate:
1125 1110 1914 1154 XXI. Quia mors corporalis abolet infidelitatis reliquias omnes
1137 1167 1901 1210 XXII. Quia mors corporalis ostendit Christiani fortitudinem
1113 1203 1425 1246 patientiam, & constantiam
1137 1237 1901 1279 XXIII. Quia mors corporalis liberat nos e Mundo hoc malo¬
1113 1269 1907 1308 It olim Lothum nefariorum conversatio fatigavit; justus enim ille
1119 1313 1904 1346 quum habitaret inter impios, indies animam justam iniquis illorum
1100 1343 1894 1378 ractis, & videndo & audiendo excruciavit, ut legitur 2. Petr. 2. v. 7, 1
1094 1373 1897 1409 Ita etiam nunc pij non possunt non fatigari & excruciari, tot audien
1097 1406 1918 1442 tes, tot videntes enormia flagitia & scandala, propter quae nomen Dei
1108 1446 1845 1475 male audit inter infideles; & Ecclesia turpissime dehonestatur.
1132 1466 1904 1508 XXIV. Quia mors corporalis non est bonis & malis communi¬
1100 1502 1904 1539 interitus. Nam hostibus Christi pestis est: at servis Dei salutaris ex¬
1097 1538 1907 1578 cessus est. Ad refrigerium justi vocantur, ad supplicium rapiuntur in¬
1107 1574 1730 1612 usti. Datur velocius tutela fidentibus, perfidis poena.
1128 1598 1916 1642 XXV. Quia mors corporalis non formidata hoc Christianis &
1101 1634 1900 1673 servis Dei praestat, ut martyrium libenter pro Christi appetant ve¬
1098 1667 1160 1705 ritate
1124 1684 1898 1742 XXVI. Quia mors corporalis est nobis necessaria, ut immorta
1104 1718 1913 1774 litatem consequamur. Non potest vita aeterna succedere, nisi hinc
1101 1773 1907 1809 contigerit exire. Scimus enim nos, si terrestris hujus domus nostrae
1104 1836 1832 1875 cilium non manu factum, aeternum in coelis. 2. Corinth. 5. v. 1.
1125 1870 1907 1906 XXVII. Quia mors corporalis Mundi amorem penitus adimit:
1102 1893 1907 1937 Ejus est in mundo diu velle manere, quem mundus oblectat, quem se¬
1101 1936 1903 1969 culum blandiens atque decipiens, illecebris terrenae uoluptatis invitat.
1098 1966 1900 2002 Porro cum mundus oderit Christianum, quid amas eum qui te odit
1104 2000 1911 2038 & non magis sequeris Christum, qui te redemit & diligit? Johannes
1099 2038 1907 2076 ait 1. Epist. 2. vers. 15, 16, 17. Ne diligite mundum, neque ea quae in
1105 2069 1910 2102 mundo sunt. Si quis diligit mundum, non est charitas Patris in eo.
1107 2099 1907 2137 Quoniam quicquid est in mudo, cupiditas carnis & libido oculorum.
1098 2140 1897 2175 & fastus vitae, non est ex Patre, sed ex mundo est. Porro mundus prae
1101 2167 1904 2206 terit, & cupiditas ipsius: qui vero praestat uoluntatem Dei, manet in
1098 2198 1910 2231 aeternum. Quandiu in hoc mundo versamur, non potest non aliquis
1098 2229 1910 2269 ipsius vel eorum quae in ipso sunt amor tentare: quum vero excedi¬
1100 2263 1916 2299 mus e mundo; omnem ejus amorem prorsus deponimus, ut solum
1111 2293 1389 2338 Christum pure amemus.
1125 2329 1900 2375 XXVIII. Quia mors corporalis terminat hanc peregrinatio¬
1101 2366 1905 2407 nem nostram; sic ut perveniamus in patriam coelestem ad quam in via¬
1105 2394 1913 2433 hujus vitae nobis contendendum est. Nam hospites & peregrini hic
1098 2429 1910 2461 degimus: quemadmodum sancti Patriarchae professi sunt se nospites
1095 2460 1909 2498 & advenas esse in terra, ut Paulus ait Hebr. 11. vers. 13. respiciens ad
1104 2494 1895 2531 id quod Jacobus Patriarcha Pharaoni interroganti, quot essent die
1098 2530 1898 2565 annorum vitae ejus, respondit: Dies annorum peregrinationum mea
1107 2559 1895 2597 rum sunt centum triginta annorum: pauci & mali fuerunt dies an¬
1097 2596 1910 2632 norum vitae, neque attigerunt dies annorum vitae patrum meorum,
1101 2632 1910 2669 quibus diebus illi peregrinati sunt. Sic David Psal. 39. vers. 13: ait, pe¬
1098 2657 1909 2699 regrinus sum coram te, inquilinus ut omnes majores mei. & Chron.
1105 2690 1898 2731 29. vers. 15. Peregrini enim sumus coram te, & inquilini, sicut omne
1105 2725 1909 2763 majores nostri: velut umbra sunt dies nostri super terram; quae non
1109 2758 1903 2794 consistit. & Psalm. 119. vers. 19. Peregrinus ego sum in hac terra, no¬
1107 2789 1912 2829 abscondas a me praecepta tua Talis fuit justorum professio, ex qua¬
1109 2822 1897 2859 constare cuivis potest, illos aliam patriam quesivisse, quam terrenam
1101 2856 1900 2898 Nam qui haec dicunt, palam ostendunt se patriam quaerere. Quod se
1108 2886 1909 2926 illius memores fuissent ex qua exiverant, habere poterant tempus ad
1110 2921 1897 2958 revertendum: Atqui meliorem expetunt, hoc est, coelestem, quapro¬
1111 2949 1910 2986 ter Deum non pudet eorum, id est, cognominari Deus eorum, para¬
1101 2986 1904 3020 verat enim eis urbem: ait Paul. Hebr. 11. vers. 14, 15, 16. Confidentes
1111 3018 1910 3060 igitur semper; & scientes dum commoramur in corpore, nos peregre
1107 3050 1898 3085 abesse a Domino. (Per fidem enim incedimus, non per aspectum: Con¬
1105 3083 1907 3116 fidimus autem, & probamus potius migrare e corpore, & ad Domi¬
1100 3115 1894 3149 num ire habitatum.) Propterea etiam contendimus ut & hic com¬
1104 3149 1900 3181 morantes, & hinc migrantes, ei simus accepti: ut idem Apostolus
1100 3179 1907 3226 Paulus scribit 2. Corinth. 5. versicul. sexto, septimo, octavo, nono.
