2063 3479
184 180 980 228 Sic nos omnes tanquam hospites & peregrini hic degimus, quotquo
185 216 986 266 mundo renunciavimus in Baptismo. Ut ergo qui peregre absunt in
187 252 990 288 patriam properant, cupide e diversorio in quod diverterant disce¬
189 287 994 330 dunt: ita & nos diversorium huius peregrinationis nostrae libenter
189 319 985 354 relinquamus, ut in patriam calestem veniamus: ut verbis beati Cy¬
186 353 976 393 priani hanc consolationem illustrem: Amplectamur diem, qui assi
193 392 977 431 gnat singulos domicilio suo; qui nos istinc ereptos, & laqueis secula.
192 422 991 458 ribus exsolutos paradiso restituit & regno caelesti. Quis non peregre
185 453 983 494 constitutus properaret in patriam regredi? Quis non ad suos navi¬
190 485 980 529 gare festinans, ventum prosperum cupidius optaret, ut velocite
187 524 987 563 charos liceret amplecti? Patriam nostram Paradisum computamus.
192 553 984 596 parentes patriarchas habere jam coepimus: quid non properamus &
188 587 979 627 currimus, ut patriam nostram videre, ut parentes salutare possimus.
198 617 992 660 Magnus illic nos charorum numerus exspectat, parentum, fratrum,
193 654 992 689 filiorum, frequens nos & copiosa turba desiderat, jam de sua im¬
189 689 986 728 mortalitate secura, & adhuc de nostra salute solicita. (Hoc dexti
199 717 988 754 accipiendum: nam beati qui jam sunt in caelo nullis curis anguntur
189 753 988 793 amplius, sed Cyprianus solicitos adhuc esse de nostra salute dicit quia
208 785 991 819 precantur pro Ecclesia in genere duntaxat, nec vident quarum rerum
183 820 994 854 inopia premantur in particulari, nec gemitus nostros audiunt.) Ad
192 848 1004 884 horum conspectum & complexum venire, quanta & illis & nobis in
192 884 989 929 commune latitia est? Qualis illic caelestium regnorum uoluptas sint
188 917 994 951 timore moriendi, & cum aeternitate vivendi; quam summa & per¬
198 947 1002 994 petua felicitas? illic Apostolorum gloriosus chorus: illic Propheta¬
189 983 995 1017 rum exsultantium numerus: illic martyrum innumerabilis populus
198 1017 1001 1058 ob certaminis & passionis victoriam coronatus: triumphantes illio
201 1050 988 1084 virgines, quae concupiscentiam carnis & corporis continentiae robor
205 1081 1000 1117 subegerunt: remunerati misericordes qui alimentis & largitioni¬
207 1119 997 1159 bus pauperum justitiae opera fecerunt, qui dominica praecepta ser¬
204 1147 994 1189 vantes ad caelestes thesauros terrena patrimonia transtulerunt: Al¬
197 1180 1028 1220 hos, fratres dilectissimi, avida cupiditate properemus; ut cum his ci¬
198 1217 998 1257 to esse, ut ad Christum venire contingat, optemus. Hanc cogitatio¬
192 1254 996 1289 nem nostram Deus videat, hoc propositum mentis & fidei Dominus
192 1282 1012 1332 Christus aspiciat; daturus eis gloriae suae ampliora praemia, quorum
193 1314 604 1354 circa se fuerint desideria maiora
233 1343 998 1387 Concludo jam mortem corporalem nobis non esse pertimescen¬
199 1380 1007 1418 dam, sed cum hora eius divinitus destinata venerit, alacriter adeun¬
201 1414 252 1458 dam
231 1434 1001 1486 Consolationes contra ignominiam cui corpora nostra tum in hac
195 1489 626 1525 vita, tum in sepulero obnoxia sunt.
235 1509 1052 1554 Contra ignominiam corporum nostrorum cui ob morbos, vul¬
193 1545 1016 1586 nera, ulcera, apostemata, & post in sepulcro ob putrefactionem &
201 1582 874 1619 redactionem in pulverem obnoxia sunt, solari nos debet.
276 1607 997 1660 quod ea resurgent ex mortuis induta gloria novam ac sempiter
233 1620 273 1656 1,
202 1649 710 1695 na, ut promittitur I. Cor. 15. v. 35. & seqq.
230 1677 1015 1726 2. quod ea Christus transfigurabit, ut conformia fiant corpori¬
204 1714 1003 1758 ipsius glorioso pro vi illa efficace quam potest etiam subiicere sibi o¬
207 1749 412 1793 mnia. Phil. 3. 21.
237 1779 998 1824 3. quod carne nostra visuri simus Deum & oculi nostri sint adspe¬
211 1809 1000 1858 cturi eum, ut visione gloriae eius nos quoque gloriosi simus Jobi I9¬
201 1852 361 1891 v. 25, 26, 27.
231 1869 991 1915 Consolationes contra terrores diet extremi & judicii univer
207 1908 265 1955 salis:
234 1946 997 1986 I. Quia in extremo die plenam redemtionem consequemur, Luc
201 1977 1007 2015 21. 28. Quum autem haec fieri incipient, suspicite & attollite capita
212 2010 767 2056 vestra, quoniam appropinquat redemtio vestri.
240 2036 1010 2082 II. Quia Christus Servator noster erit totius mundi iudex, qui
207 2083 995 2115 nequaquam damnabit eos quos sanguine suo redemit, & iustificat
214 2113 246 2153 vit.
210 2133 990 2193 Hactenus fuit de Consolatione qua Deus nos consolatur: se
421 2182 793 2237 quitur de reliquis beneficiis.
452 2255 776 2315 CAPUT XL.
381 2313 841 2379 In quo de exauditione precum.
208 2364 1004 2419 TXAUDITIo precum, est beneficium Dei, dum electis in nomi¬
266 2402 1002 2462 ne Christi cum vera fide precantibus praestat secundum aeter
270 2445 1001 2486 num suum consilium omnia quaecunque ad suam gloriam & ac
217 2474 1007 2522 ipsorum salutem faciunt. Joh. 9. v. 31. Psal. 21. v. 3. & 145. v. 18, 19.
216 2504 1001 2560 Joh. 14. 13, 14. & cap. 15. v. 16. Marc. 11. v. 24, Psal. 3. v. 5. & 34.
222 2546 488 2596 v. 5, 6, 7, 16, 17, 18, 16
249 2563 1017 2620 Eaque obtingit nobis, non propter merita nostra aut dignitatem
211 2600 1008 2651 nostram, sed ex mera Dei gratia & misericordia & propter Media.
228 2645 1009 2692 coris nostri unici Domini nostri Jesu Christi meritum & intercessio¬
217 2689 284 2730 nem.
261 2696 1015 2759 Quod ex mera gratia & misericordia fide & iustitia quam implete
217 2735 1020 2793 promissiones suas, Deus preces nostras exaudiat, testantur haec dicta;
220 2777 1000 2826 Psal. 4. v. 2. gratiosus esto mihi & audi orationem meam. Et Psal. 6s.
218 2803 1002 2856 17. Exaudi me Iehova, quia bona est benignitas tua: secundum am¬
225 2833 1014 2889 plitudinem miserationum tuarum respice ad me. Psal. 143. 1, 2. pro fi¬
223 2877 1010 2929 de tua exaudi me, projustitia tua. Dan. 9. 18. Inclina, Deus mi, au¬
212 2902 1003 2963 rem tuam & audi; aperi aculos tuos & vide desolationes nostras &
214 2934 1017 2991 civitatis quae vocata est de nomine tuo: non enim propter ullam ju¬
217 2966 1017 3029 stitiam nostram nos providentes deprecamur te, sed propter misera¬
214 3014 496 3057 tiones tuas amplissimas
260 3029 1012 3093 Quod propter Domini nostri Jesu Christi unici Mediatoris nostr.
223 3074 1019 3122 meritum & intercessionem Deus nos exaudiat, haec testimonia con¬
215 3101 1022 3154 firmant: Psal. 80. 15,16. O Deus exercituum, revertere jam intuere
214 3135 1020 3190 e caelis & respice: ac visita vite hanc, Et surculum quem plantaverat
223 3163 1012 3219 dextera tua, idque propter Filium quem fortificasti tibi. Et quem fi¬
222 3199 1016 3260 lium intelligant fideles, mox explicant v. 18. cum dicunt, Ausut manus
1047 182 1827 244 tua viro dextere tuae: Filio hominis quem fortificasti tibi. Iste vit
1047 227 1820 276 dexterae Dei est Davidis Dominus ille cui dixit Jehova, sede ad dex¬
1046 267 1820 312 teram meam, Psal. 110. 1 Psal. 84. v. 9, 10. Iehova Deus, Deus eax
1042 294 1826 343 fercituum audi orationem mea; auribus percipe o Deus lacobi maxi¬
1044 330 1814 378 me. Scutum nostrum aspice, o Deus; & intuera faciem Christi tus
1041 359 1816 408 id est, intuere me in facie Unigeniti Filii tui in quo nos diligis & pro¬
1047 400 1832 444 pter ipsum me exaudi. Dan. 9. v. 17. Nunc inquam ausculta Deus
1053 428 1819 471 noster, oratione servi tui & deprecationibus eius, & fac ut luceat fa¬
1044 459 1819 503 cies tua super saaciaarium tuum quod desolatum est, propter Domi¬
1047 497 1814 542 num. Joh. 14. v. 13, 14. Quicquid petieritis in nomine meo, hoc fa¬
1050 523 1821 574 ciam: ut glorificetur Pater in Filio: si quid petieritis in nomine meo,
1051 557 1826 600 ego faciam. Et cap. 16. v. 23, 24. Amen amen dico vobis, quaecunque pe¬
1046 596 1831 642 tieritis a Patre in nomine meo, dabit vobis. Vsque adhuc non petiistis.
1047 629 1823 674 quicque in nomine meo: petite, & accipietis, ut gaudium vestri sit plenii
1077 656 1826 704 OEjIC ITUn, Psal. 132. v. 10. dicitur: Propter Davidem servum
1049 686 1832 739 tuum, ne avertas faciem uncti tui: Ergo propter solius Jesu Christi¬
1057 722 1616 764 meritum & intercessionem Deus nos non exaudit
1073 750 1825 797 RESP. Amphibolia est in verbis, propter Davidem, quae non ha¬
1053 785 1829 833 bent hunc sensum ac si dictum esset, propter Mediatorem Davidem:
1063 816 1826 864 pel propter meritum & intercessionem Davidis, sicut accipiuntur ver¬
1051 851 1840 892 ba propter Christum, hoc est, propter meritum & intercessionem
1056 882 1832 927 Christi: Sed ita sunt intelligenda ac si dictum esset, propter pactum
1052 919 1841 963 cum Davide initum, seu propter promissionem Davidi factam de fa¬
1056 954 1843 995 miliae & regni eius conservatione & perpetuitate, quia ex eius stirpe¬
1056 987 1843 1025 nasciturus erat Messias, cuius regnum oportet esse aeternum. Pro¬
1056 1023 1843 1056 missio illa exstat 21 Sam. 7. v. 12: & sequentibus. Psal. 89. v. 4, 5. item
1061 1056 1838 1094 v. 28. & sequentibus. Hinc fideles expostulant eodem Psalmo 89. v.
1054 1084 1838 1122 50. Ubi suut benignitates illae pristinae, Domine, quas juraveras Da¬
1063 1121 1837 1158 vidi per fidem tuam? Psal. 132. phraseωs huius explicatio traditur vi
1059 1149 1843 1188 II. Iuravit Iehova Davidi veritatem, a qua non avertet se, dicens:
1059 1183 1847 1219 De fructu ventris tui pona in solio tuo. Deinde hic ipse Psalmus Da¬
1066 1213 1844 1255 vidis est: cui autem piorum fiet verisimile, Davidem sensisse propter¬
1053 1249 1847 1289 se preces suas exauditum iri a Deo? Aliarum obiectionum refutatio¬
1066 1279 1762 1322 videatur supra in capite vicesimoseptimo de officio Mediatoris
1089 1310 1834 1354 Semper Deus exaudivit & exaudit preces propter Christum Do¬
1062 1347 1848 1401 minum, sicut ante incarnationem eius, ita etiamnum post adscensio¬
1069 1378 1271 1421 nem eius in caelum
1101 1398 1849 1452 OBIICITUR quod Christus ait Joh. 16. v. 26, 27. Non dico vo¬
1066 1444 1849 1485 bis me rogaturum Patrem pro vobis: Ipse enim Pater amat vos, quia
1066 1484 1849 1517 vos me amastis, & credidistis me a Deo prodiisse: Ergo Deus non sem¬
1075 1521 1758 1554 per exaudivit & exaudit preces propter Christum Dominum.
1092 1540 1849 1586 RESP. Non simpliciter hoc loco negat Christus se intercesso¬
1072 1581 1852 1616 tem fore: sed hoc tantum vult, tam propensum fore erga discipules
1062 1613 1847 1651 Patrem ut sine ulla difficultate sponte daturus sit quicquid precat
1063 1645 1856 1684 fuerint. Occurret Pater, inquit, ac pro immenso erga vos suo amore
1059 1679 1849 1723 patronum, qui alioqui pro vobis verba esset facturus, praeveniet. Es¬
1065 1713 1847 1750 autem insignis hic locus ad intelligendam intercessionis Christi i1n
1063 1746 1856 1783 caelis rationem, ne de ipso carnale quicquam imaginemur, ac si ad Pa¬
1069 1783 1850 1818 tris genua procumbens preces suppliciter conciperet: sed virtus sa¬
1072 1811 1849 1850 rificii quo semel Deum nebis placavit semper vigens & efficax, san¬
1071 1845 1850 1889 guis quo expiavit peccata nostra, obedientia quam praestitit, conti¬
1065 1876 1381 1914 nua est pro nobis intercessic.
1089 1902 1873 1948 Finis summus exauditionis precum est gloria Dei, sicut Daniel
1056 1942 1872 1981 dicit cap. 9. vers. 19. Propter te, Deus. q. d. Non nobis Domine, non
1062 1974 1872 2011 nobis, sed nomini tuo da gloriam, Psal 115. v. 1. Exaltare supra caelos,
1058 2009 1852 2042 o Deus, super totam terram gloria tua Psal. 57 v. 6. & 12. Auxiliare
1057 2042 1856 2079 nobis Deus salutis nostrae propter honorem nominis tui; & cripe nos,
1059 2073 1850 2109 expiationemque fac de peccatis nostris propter nomen tuum. Cur dictu¬
1062 2106 1853 2145 rae essent istae gentes, ubinam est Deus istorum? Psal. 79. v. 9, 10. Re¬
1056 2138 1853 2177 stitue nos in sede nostra & cultu tuo: ut cognoscant omnes populi, te,
1062 2169 1847 2213 cui soli nomen est Iehova: excelsum esse supra universam terram.
1065 2202 1856 2243 Psal. 83. ver. 19. Celebrent nomen tuum magnum & reverendum,
1053 2240 1859 2278 sanctum esse, Psal. 99. v. 3. Et nos populus tuus, & grex pastus tui¬
1062 2269 1843 2303 celebrabimus te in saculum, in quamque generationem enarrabimus
1054 2300 1847 2339 laudem tuam, Psal. 79. v. 13. Hinc colligimus, primo, omnium be¬
1061 2332 1853 2369 neficiorum Dei finem ultimum esse gloriam Dei. Secundo, nobis in
1072 2366 1856 2401 precibus ad Deum solummodo ad gloriam Dei esse respiciendum:
1069 2402 1850 2435 dicam aliquid amplius, nempe, gloriam Dei omnibus quaecunque
1066 2431 1853 2470 nobis charissima esse possint, etiam vitae huic, imo etiam saluti nostrae
1063 2468 1850 2500 aeternae esse anteponendam: quemadmodum Moses malebat deleri
1032 2494 1841 2540 Hde libro vitae, quam gloriam Dei periclitati, Exod 32. v. 32 Quod s
1068 2530 1843 2577 gloriam Dei spectabimus, maiore cum zelo, ardore & vehementia.
1063 2561 1838 2601 orabimus: Tertio, quum in precibus ad gloriam Dei omnia sint diri¬
1066 2598 1850 2640 genda, etiam atque etiam videndum, quid a Deo petamus, ne gloriam
1075 2625 1850 2666 Dei impuris nostris affectibus praetexamus, atque ita gloria Dei ab¬
1065 2664 1486 2706 utentes, ipsum ignominia afficiamus
1092 2696 1861 2731 Quod effecta attinet, exauditio precum in electis gignit amorem?
1062 2722 1845 2778 erga Deum, Psalm. 116. v. 1 Diligo, quod Iehova exaudit vocem
1063 2764 1841 2802 meam, deprecationes meas: Desiderium & studium continuum invo¬
1072 2786 1850 2834 candi Deum, Psalm. 17. v. 6. Ego invoco te, quia exaudis me, Deus
1069 2826 1841 2870 fortis. Psal. 116. v. 2. Quia inclinavit aurem suam mihi, idcirco
1075 2862 1841 2905 diebus meis invocabo ipsum, Item Psal. 65. v. 3. O qui exaudis ora¬
1065 2887 1538 2939 tionem, ad te usque omnis caro ventura est?
1107 2909 1863 2967 Exaudit Deus preces vere fidelium in nomine Christi ex vera in
1079 2957 1838 3005 ipsum fide profectas ut loca paulo ante allegata docent. Quod si in¬
1073 2990 1840 3033 terdum vere fidelium preces non exaudit, est istud quoque beneficium
1065 3016 1844 3064 quoniam fideles & sancti non semper petunt id quod ad gloriam Dei
1068 3046 1850 3095 & salutem ipsorum pertineat, ut videre est in exe mplo Mosis Deu¬
1066 3080 1844 3127 teron. 3. v 23. & sequentibus: Quumque deprecarer Iehovam, tem¬
1076 3120 1849 3159 pore illo dicendo, Domine Iehovi, tu coepisti ostendere servo tuo ma¬
1071 3145 1840 3203 gnitudinem tuam; & manum tuam robustissimam; quam quis est
1068 3177 1841 3234 Deus fortis in caelo aut in terra, qui faciat secundum opera taa &
