2063 3437
329 164 965 234 TESTIMOMA SeRIPTVRM
530 214 772 275 prosert duodecim.
296 268 1027 332 I. Ezech. 18. vers. 26. Cum averterit se justus a justitia sua, &
254 306 1032 367 fecerit iniquitatem, morietur in illa. Aldit Bellarminus: Quid clarius.
265 337 1039 388 Quomodo quaeso avertitur justus a justitia, si fide sola justificatur, &
257 380 700 441 fes semel concepta extingui non potest:
309 401 1033 460 RESP. Syllogismus Bellarmini talis erit: Si fides, qua solam elest
263 440 1043 492 justificantur, semel concepta extingui non potest; tum justus a iustitia
265 477 1031 528 sua se non avertit. At qui iustus a iustitia sua se avertit, teste Prophe¬
254 517 406 564 ta: Ergo, &c.
265 532 1040 585 Primo autem ambiguum est medium Nam in propositione justus.
258 572 1033 622 significat vere justum, id est, justificatum coram Deo gratis propter
256 607 1046 654 Christum: & iustitia significat justitiam Christi per quam coram
266 638 1044 695 Deo justi constituimur. At in assumtione &: dicto Prophetae iustus.
255 673 1031 722 intelligitur non qui vere justus sit, sed qui opinione sua est justus
262 706 1046 759 quales sunt hypocritae & ωροτκαιροι, credentes ad tempus & postea¬
261 745 1043 793 deficientes Nam vere justus est ut arbor plantata ad rivos aquarum,
264 773 1036 826 cuius folia nunquam decidunt Psal. 1. v. 3. Vere iustus erit in aeterns
265 816 1034 859 memoria Psal 112. v. 6 Vere iusti iustitia perstat in aeternum Psal. 112.
258 840 1053 884 v. 3. Proinde vere justus, non morietur. Loquitur ergo Ezechiel de
262 872 1045 921 illis qui sua & aliorum opinione sunt justi, de qualibus Christus ait
268 915 1034 953 Matth. 9. v. 13. Non veni vocatum iustos, sed peccatoris ad resipiscen¬
255 948 1043 990 tiam: non autem de vere justis. Adhaec iustitia in assumtione & lo¬
262 974 1037 1018 co Ezechielis non significat justitiam Christi per quam coram Deo,
265 1011 1040 1053 justi constituimur, sed opera apparenter justa, qualia hypocritae fa¬
253 1041 1039 1090 ciunt. Secundo etiamsi daretur, assumtionem & Prophetam loqui de
258 1076 1038 1116 vere justo, & de vera justitia: tamen nihil hinc concluderetur: Quid
256 1112 1049 1151 Propheta conditionaliter loquitur: Cum averterit se iustus. Condi¬
262 1148 923 1187 tionalis aute Anhil ponit in esse, ut Dialectici loquuntur
292 1168 1048 1219 II. Luc. 8. v. 13. Nam quod super petram, qui cum gaudio suscipiunt
268 1212 1045 1252 verbum, & hi radices non habent, sed ad tempus credunt, & in tempore.
263 1245 1033 1289 tentationis recedunt. Isti certe suscipiunt semen Verbi Dei cum gat
255 1278 980 1321 dio. & credunt: neque deest illis fides, sed perseverantia in fide¬
292 1301 1052 1354 RESP. Argumentatio est talis: Qui suscipiunt semen Verbi Dei
264 1347 1051 1385 cum gaadio, & credunt, sed non perseverant; ii possunt fidem amittere:
261 1374 1038 1415 Electi suscipiunt semen Verbi Dei cum gaudio ac credunt, sed non perse
256 1412 1043 1457 verunt teste Domino apud Lucam: Ergo electi possunt fidem amittere.
288 1439 1036 1484 At primo ambiguum est in hac argumentatione medium: nam i¬
253 1477 1036 1521 propositione verbum credere significat simpliciter assentiri verbo
260 1509 1046 1555 Dei quod verum sit: at in assumtione significat de misericordia Dei
255 1539 1037 1583 erga se & remissione peccatorum firmissime & indubitato persua.
259 1577 1040 1618 sum esse. Secunco assumtio est falsa parte posteriore: quia electi sem¬
268 1607 1037 1647 per perseverant in fide. Tertio peccatur in probatione assumtionis
261 1643 1043 1683 ? llegatione impertinentis testimonii: nam assumtio loquitur de ele¬
256 1676 1037 1719 ctis, dictum Christi de hypocritis ac proinde reprobis: isti enim ad
268 1714 1046 1746 tempus credunt & tempore tentationis recedunt; electi autem in cor¬
264 1740 1040 1782 de honesto ac bono audicum sermolem retinent, & fructum adferunt.
258 1783 1039 1819 per tolerantiam. Quarto, mala fide testimonium accommodatur:
256 1810 1036 1850 nam in textu dicitur, ad tempus credunt, sed in accommodatione ver¬
255 1840 602 1882 ba ad tempus sunt praetermisse
288 1862 1047 1912 REPLICAT Bellarminus, & nititur ostendere, Christum deelectis
274 1906 1049 1952 igere. Qui extipiunt semen verbi tum gaudio & credum, ii sunt electi:
271 1938 1040 1986 ista de quibus Christus loquitur, excipiunt semen verbi Dei cum gaudie.
267 1978 617 2018 & er:dunt: Ergo ist? sunt electi.
288 2007 1042 2047 RESP. Primo est homonymia in verbo credere, quod hoc loce¬
258 2046 1049 2083 non significat de miserico: dia Dei & remissione peccatorum adepta
262 2071 1052 2110 certo per Spiritum Sanctum persuasum esse: sed ut cum sensu Chri¬
265 2106 1034 2149 sti congruat, nude assentiri & historice pro vero amplecti Evange
259 2138 1037 2177 lium. Secundo, verbo cradive ita accepto, ut accipi necesse est, pro¬
259 2171 1072 2214 Positio laborat elencho falsi proprii: quia exceptio seminis verbi
259 2208 1033 2249 Dei cum gaudio & assensus historicus tribuitur electis ut propri¬
262 2240 1040 2278 subjecto, sed falso. Nam haec adjuncta non sunt propria electis, sed
258 2274 1046 2315 ipsis communia cum multis reprobis. Non enim soli electi excipi¬
265 2315 1037 2347 unt semen verbi Dei cum gaudio & historice assentiuntur, sed etiam
256 2344 1040 2377 multi reprobi, ut liquet ex Epistola Pauli ad Hebraeos cap. 6. ver. 4.
264 2378 1037 2413 & 5 ubi reprobis quibusdam tribuitur, quod fuerint illuminati, gui
264 2404 1042 2441 staverintque aonum illud caeleste, & participes facti fuerint Spiritus San¬
257 2436 1045 2472 cti, gustaverintque bonum Dei verbum, ac virtutes futuri seculi. Et 2.
258 2469 1039 2507 Pet. 2. v. 20. & 21 quod inquinamenta mundi per agnitionem Domi¬
271 2506 1033 2541 ni & Servato: is Iesu Christi effugerint, quod & cognoverint viam in¬
268 2534 1034 2578 stitiae. Tertrio, in assumtione dictum Christi iterum mala fide allega
258 2576 1045 2610 tut: truncatur eniim omissis verbis adtempus: ex quibus aperte co¬
264 2610 1042 2644 gnoscitur, Dominum non de salvifica, sed historica duntaxat fide lo¬
261 2632 617 2682 qui. Falsa est igitur conclusio¬
301 2661 1049 2709 III. Jos. 15. v. 2 Ormnem palmitem in me non ferentem fructum,
267 2699 650 2738 tollet: um. Ex eo sic concluditur:
300 2718 1042 2774 Slecti quidan telluntus a Christo: tum possunt iustetiam & fident
267 2765 1048 2806 amntere: An: ecedens est verum, teste Domino. Ergo & consequens.
291 2797 1051 2840 RESP. Pr mo assumtio est falsa. Secundo testimonium adductum
261 2828 464 2874 eam non probat.
307 2859 1052 2906 REPICAT E contendit, assumtionem testimonio illo proburi,
262 2885 631 2932 idque sic demonstrare conetur:
313 2916 1048 2960 Dines palmites: in ferentes fructum, a Christo tolluntur: Electi
270 2963 1052 3009 quidam sunt gelmites non ferentes fructum: Ergo electi quidam, a
280 2988 452 3027 Christo tos citur
312 3016 1046 3060 RESP. Primo homonymia est in nomine palmitum. Omnes
277 3050 1051 3100 enim qui externa vocatione ad Christum vocantur, & fidem in Chri¬
276 3086 1042 3128 stum, rofitentur palmites Christi dicuntur, sed αμανυμως. Nam Do¬
277 3121 1041 3165 minu: aperte discrimen constituit duplicium palmitum, fructuoso¬
271 3150 1049 3193 riis & infructuosorum. De infructuosis dicit, eos adjier et tra vi¬
277 3181 1052 3226 nicam atescere, cogi, igni tradi & comburi. De talibus loquitur pro¬
1092 165 1886 210 positio. At assumtio est falsa: quia electi omnos, sunt palmites feren¬
1086 205 1891 253 tes fructum, quos Pater indies magis magisque purgat ut plus fru¬
1090 233 1618 276 ctus adferant: tantum abest ut excidendi sunt
1129 267 1895 301 TRIPLIGAT & assumtionem sic nititur statuminare: Qui re¬
1096 302 1898 340 nascuntur in Christo vivi, ii sunt electi: Palmues non serentes fructum
1099 334 1891 376 renati fuerant in Christo vivi: Ergo palmites non ferentes fructum
1096 365 1246 411 fuerant electis
1119 397 1883 444 Assumtionem Bellarminus confirmat: quia palmes esse non potest.
1095 433 1879 477 qui aliquando non vixerit in vite, non enim palmites aliunde inferun¬
1099 470 1888 506 tur, sed nascuntur ex vite, & non mortui, sed vivi nascuntur. Sic igitur
1084 507 1880 541 fideles renascuntur in Christo, & cum renascuntur non mortui sunt
1101 534 1891 578 sed vivi: & tamen si postquam renati sunt, fructum bonorum operum.
1092 572 1637 608 ferre recusent, arescunt, praeciduntur & percunt.
1129 597 1892 638 RESP. In hac probatione multa sunt vitia. Nam primo pecca¬
1095 633 1897 674 tur falsa accommodatione similitudinis a Christo usurpatae. Non
1102 667 1891 707 enim Christus ad se vocatos ideo comparat palmitibus, quod illa
1099 705 1888 742 non sint aliunde inserti, sed nascantur ex ipso vivi: Nam omnes pale
1093 738 1897 779 mites Christi, aliunde sunt ipsi inserti. Nascuntur enim ex radice
1098 772 1885 809 Adami: gratia vero inserunter Christo. Secundo falso praesupponi
1096 807 1888 850 tur, omnes palmites in Christo renasci & vivere: nam hoc proprium
1096 840 1883 882 est palmitum fructuosorum. Tertio, falsum est, renatos fructum bo¬
1103 876 1885 916 norum operum ferre recusare: nam renati etiam voluntate sunt re¬
1099 906 1894 959 nati, ac proinde non recusant ferre fructum. Quario, falsissimum est,
1098 938 1489 979 tenatos arescere, praecidi & perire
1131 972 1885 1014 INSTAT: Dominus non solum dicit, palmitem arescentem, separan
1092 1006 1886 1042 dum a vite, sed addit, & colligent eum, & in ignem mittent, & ardet
1098 1038 1885 1076 Petest igitur, qui aliquando pames in vite, id est, membrum in corpor¬
1099 1075 1876 1115 Christi per fidem vivam fuit, mitti in ignem aeternm, ut semper ardeat.
1129 1105 1888 1146 RESP. Primo nulla est consequentia: nam antecedens loquitur
1095 1137 1901 1178 de palmite infructuoso; consequens vero de palmite fuctuoso. De
1092 1170 1891 1210 illo verum est quod conjicietur in ignem aeternum & uretur: de hoc
1092 1210 1888 1245 non item. Securdo definitur palmes in vite, quod sit membrum i1n
1105 1240 1882 1279 corpore Christi per fidem vivam. At haec definitio est nimis angu¬
1095 1277 1894 1313 sta: competit enim soli palmiti fructuoso. In genere autem palmi¬
1101 1307 1891 1344 tes in Christo dicuntur omnes externa vocatione ad Christum vo¬
1104 1343 1895 1376 cari per praedicationem, Ecclesiae visibili adjuncti & fidem in Chri¬
1105 1374 1888 1414 stum profitentes. Horum alii sunt fructuosi, alii infructuosi; dis¬
1107 1411 1897 1444 crimen hoc Domino manifeste constituente. Insitio hic est conjun¬
1098 1438 1901 1489 ctio cum visibili Ecclesia. Inseruntur autem visibili Ecclesiae, non
1095 1477 1565 1519 tantum viva membra, sed etiam mortua.
1131 1502 1900 1547 IV. Matth. 24. v. 12. & 13. Et quoniam abundabit iniquitas, re¬
1102 1533 1888 1576 frigescit charitas multorum. Qui autem perseveravit usque in finem, hi
1098 1576 1894 1613 saivus erit. Ex hoc loco colligit Bellarminus, non omnes iustos perse¬
1095 1612 1897 1650 verare, ac per hoc non omnes iustos salvari, Illud enim (refrigi scet cha¬
1105 1641 1891 1682 vitas) extinctionem plani sign ficare charitatis, alioquin non opponere:
1102 1672 1441 1718 tur perseverantiae usque ad finem
1125 1708 1890 1749 RESP. Syllogismus erit talis. Si electorum quidam usque in fi¬
1107 1740 1892 1777 nem non perseverant; tum electi fidem possunt amittere Verum est
1098 1772 1888 1815 antecedens, teste Christo. Ergo & consequens. At prino falsum est
1099 1805 1891 1848 assumtum: Omnes enim electi in finem usque perseverant, sicut
1098 1840 1882 1881 promittit Dominus Jer. 32. v. 49. Reverentia mei indam cordi ipse
1099 1873 1898 1915 rum, ut non recedant a me. Et Joh. 6. v. 37. Quicquid dat mihi Pater,
1101 1907 1891 1946 ad me veniet: & eum qui venit ad me, nequaquam eijciam foras. Se¬
1095 1941 1888 1981 cundo ad probandum assumtum perperam allegatur Christi testi¬
1101 1980 1888 2013 monium: Assumtum enim contendit, electorum quosdam non per¬
1095 2006 1894 2045 severare usque ad finem; at Christus hoc nequaquam testatur, sed
1108 2040 1783 2082 perseverantibus usque in finem promittit duntaxat salutem
1134 2070 1907 2114 INSTAT: Si perseverans usque ad finem, salvus erit: sequitur quos¬
1101 2102 1667 2148 dam non perseverare. Illud verum est: Ergo & hoc
1128 2135 1901 2179 RESP. Concedo totum, recte intellecto consequente, quosdam,
1101 2174 1895 2223 nimirum eos qui non sunt electi, sed hypocritae ac proinde reprobis
1101 2209 1639 2244 non perseverate. At electi omnes perseverant.
1134 2237 1903 2277 INSTAT rursus: Si multorum electorum charitas refrigescet & pla¬
1101 2270 1898 2321 ne extinguetur, sequitur illos non perseverare usque in finem. Prius est,
1111 2305 1435 2347 este Christo. Ergo & posterius.
1131 2335 1895 2373 RESP. Primo falsa est assumtio. Secundo ad illam probandam
1095 2373 1906 2410 non facit Christi dictum, quod non loquitur de electis: nam electi
1114 2408 1895 2442 perseverant usque ad finem. Etsi enim in electis propter multorum
1097 2444 1901 2480 ingratitudinem, perfidiam & improbitatem, beneficentiae studium
1102 2473 1763 2508 interdum languescit: plane tamen nunquam extinguitur
1131 2500 1892 2554 Vv. 1. Cor. 9. v. 27. Castigo corpus meum, & in servitutem redigo
1106 2533 1683 2578 ne forte cum aliis praedicaverim, ipse reprobus efficiar
1125 2566 1898 2616 RESP. Argumentatio talis fuerit: Si electi possunt fieri reprobi, pos¬
1110 2597 1891 2642 sunt etiam fidem amittere. Illud est, teste Paulo: Ergo & hoc. At fal¬
1096 2638 1694 2671 sum est assumtum: Deinde probatio ejus est aligna
1128 2662 1888 2706 VI. Gal. 5. v. 4. Evacuati estis a Christo, qui in Lege iustificami
1108 2695 1901 2738 ni a gratia excidistis. Quomodo possent evacuari a Christo & a gra¬
1104 2736 1814 2774 tia excidere, si in Christo, & in gratia vere nunquam fuissent:
1134 2765 1896 2806 RESP. Objectio erit hujusmodi: Qui possunt evacuari a Chri¬
1107 2797 1900 2837 sto & gratia excidere, ii possunt & fidem amittere: At electi possunt.
1108 2835 1900 2872 evacuari a Christo & gratia excidere; teste Paulo: Ergo possunt & fi¬
1101 2865 1269 2907 dem amittere
1147 2900 1895 2952 At primo est amphibolia in phrasibus, evacuari a Christo & gra¬
1110 2925 1253 2972 tia excidere.
1133 2965 1904 3014 Nam in majore & minore Syllogismi significant separari a Chri¬
1110 2997 1895 3036 sti conjunctione ante revera habita & excidere gratia in qua vero
1104 3033 1894 3069 fueris. At in testimonio Pauli, evacuatum esse a Christo significat
1110 3066 1891 3102 Christum inutilem sibi reddere, excludi a Christi communione, va¬
1108 3102 1904 3147 cuum esse Christi, non esse participem Christi, nullam cum ipso
1101 3138 1895 3178 communionem habere: & a gratia excidisse significat prolapsum
1110 3163 1889 3205 esse ab evangelio antea recepto: (Per gratiam enim hoc loco Pau¬
1099 3197 1897 3234 lus doctrinam Evangelii incelligit, Legi oppositami) repudiaste
