2063 3430
258 158 1066 231 Ex nobis ipsis (inquit Apostolus Actor. 20) exsurgent viri loquentes
258 204 1042 267 perversa. Et. 2. Tim. 2. Hymenaeus & Philetus a veritate exciderunt.
260 242 956 299 Et ad Tit. 3. Haereticum devita, sciens, quia subversus est, &c.
297 269 1024 323 RESP. Primo probatio haec aliena est & locum habere non po¬
261 306 1040 362 test, nisi praesupponatur, tantum electos ad vitam aeternam fieri hae¬
267 334 1039 390 reticos: quam ὑπνθεσιν nunquam concedemus. Secundo si intelliga¬
264 368 1044 423 tur fidei nomine cognitio doctrinae Evangelii, differentia haec inter¬
276 406 1045 455 paganos & haereticos, non erit universe vera. Nam Lucianus factus
271 431 1050 489 est paganus; cum Christianam religionem antea fuisset professus:
273 466 1046 529 ergo cognitionem ejus habuit. Sic Julianus Apostata: nam pagano¬
261 498 1046 551 rum nomine cum Augustino & aliis patribus intelligimus Gentiles
276 530 1053 584 seu Ethnicos. Sin vero fidei nomen capiatur pro firma illa persuasi¬
267 565 1042 623 one de remissione peccatorum propter Christum data, falsa est huju¬
273 598 1040 654 differentiae αυζαποδυσις seu pars altera de haereticis: nam illi fidet
279 631 1047 683 ustificantem nunquam habuerunt: & testimonia adducta illam
265 681 511 728 neutiquam probant
305 693 1047 754 QUA RTA RATIO: Si justi peccare non possunt, vanae sunt ad¬
272 732 1052 785 monitiones Apostolorum ut timeamus, ut caveamus, ut soliciti simus:
279 764 1046 816 frustra Dominus orare jussit, Dimitte nobis debita nostra, &c. superva.
281 806 1046 849 canee resipiscentia, absolutio & reconciliatio lapsorum defenditur con¬
1078 829 1897 872 G Et ego vitam aeternam do eis, nec peribunt in aeternum, neque rapiet ea
267 882 348 923 cedens.
306 893 1057 951 RESP. Primo peccat Bellarminus sophismate τ ἐτεροζητίσεως;,
267 938 1061 988 quia mutat statum controversiae. Non enim questio est inter nos, An¬
272 973 1054 1021 justi peccare possint? Sed, an electi ad vitam aeternam fidem justifican¬
271 995 1058 1049 tem qua semel a Deo donati sunt, possint penitus amittere? Secundo
268 1028 1046 1082 ambigua est dupliciter quaestio Bellarmini, An justi peccare possint
282 1067 1042 1109 prima ambignitas est in subjecto nempe in nomine justi. Intelligi e
277 1099 1046 1146 nim possunt vel originaliter justi, quo sensu Adamus ante lapsum e¬
272 1133 1046 1179 rat justus, vel Evangelice, quo sensu post lapsum credentes in Chri¬
268 1171 1084 1216 stum justi dicuntur: posterius significatum hic locum habet. Altera
274 1194 1050 1250 ambiguitas est in praedicato videlicet in verbo peccare; quod intelli
276 1230 1057 1287 gitur vel de quovis peccato ex infirmitate commisso, vel de peccate
271 1264 1051 1310 ad mortem. Priore significatione non negatur, justos posse peccare
277 1298 1064 1346 Nam ut ait Johannes epistolam 1. cap. 1. vers. 8, 9, & 10. Si dixerimus
271 1331 1051 1376 nos peccatum non habere, nos ipsos fallimus, & veritas in nobis non est?
274 1365 1055 1410 Si confiteamur peccata nostra, fidelis est Deus & justus, ut remittat no¬
274 1397 1061 1442 bis peccata & purget nos ab omni iniquitate. Si dixerimus nos non pec¬
277 1433 1058 1475 casse, mendacem facimus eum, & sermo ejus non est in nobis. Proinde
280 1464 1058 1513 absurda illa a Bellarmino collecta nos non attingunt. Posteriore si¬
275 1499 1064 1551 gnificato negamus justificatos obedientia Christ: & renatos ex Deo.
282 1541 1058 1575 per Spiritum S. posse peccare: quia idem negat Apostolus Johan¬
267 1564 1052 1611 nes epistolam supra citata, c. 3. v. 9. Quis quis natus est ex Deo, peccat,
277 1606 1067 1642 non dat operam, quoniam semen ipsius in eo manet: nec potest peccare,
276 1636 541 1683 eo quod ex Deo natus est?
315 1654 1067 1710 QUINTA RATIO: Quae sententia desperationem inducit, ea
285 1706 1067 1741 non est vera. Haec sententia Electos non posse fidem justificantem amit¬
272 1736 782 1782 tere, desperationem inducit. Ergo non est vera.
316 1762 1064 1804 RESP. Utraque praemissa est falsa. Assumtionem Bellarminus
284 1807 1049 1847 probare nititur: sed a proposito plane discedit. Qui (inquit) de futus
285 1836 1055 1875 ris eventibus nihil sibi certi polliceri nisi temere potest, is cerro sperare
279 1863 1062 1905 non potest se vere justum esse: Atqui nullus sani cerebri de futuris eve¬
285 1900 973 1938 libus quicquam sibi certi polliceri nisi temere potest. Ergo, &c.
310 1929 1062 1970 RESP. Bellarmino opus est helleboro ut cerebrum expurget:
288 1967 1065 2011 quod profecto sanum non est, nam & oratio & ratio ejus aegrotat. O¬
281 2003 1058 2040 ratio quidem, quia verbum sperare usurpat de re praesenti. Atqui fu¬
282 2036 1049 2071 tura speramus: praesentia sentimus vel de illis confidimus. Ratio ve
274 2061 1062 2104 ro Bellarmini plane est insana: quia cum probare debuisset; Sen¬
273 2094 1048 2138 tentiam, de infallibili certitudine & firmitate fidei justificantis despe¬
280 2127 1064 2169 rationem inducere; conclusit, nullum sani cerebri certo sperate pos¬
287 2163 1048 2207 se se vere justum esse. O caput Anticyris dignum tribus? Deinde
283 2193 1057 2235 bat assumtionem prosyllogismi testimoniis, cum eam nemo neget.
276 2232 1054 2267 Refutatis ita omnibus quae Bellarminus artulit; firmum manet, E¬
274 2262 1068 2301 lectos ad vitam aeternam per Spiritum Sanctum regenitos, fidem
279 2296 826 2346 justificantem amittere nunquam penitus posset
294 2338 1048 2386 Tantum de conservatione fidelium in communione cum
408 2380 938 2432 Christo: restat de donatione vitae aeternae.
501 2445 869 2498 CAPUT XLIV.
441 2505 910 2553 In quo de donatione vitae aeternae.
279 2563 1064 2641 TPnobis partum, quum Deus tum in hac vita gustum atque ini¬
358 2627 1060 2663 tia quaedam illius sempiternae vitae exhibet renatis, tum eam
291 2653 1073 2697 plene post universalem mortuorum omnium resuscitationem dabit,
279 2690 1070 2728 ut cum ipso vivant in omnem aeternitatem, Rom. 6. 23. Stipendia pec¬
287 2726 1073 2762 cati, mors: denum autem Dei est vita aterna in Christo Iesu Domino.
288 2754 354 2800 nostro
321 2787 1074 2826 Beneficium hoc recensemus inter illa beneficia Dei quae electis &
285 2820 1061 2862 federatis suis in hac vita largitur. Etsi enim vita aeterna est futurum
297 2855 1064 2890 bonum quoad consummationem: est tamen etiam praesens bonum.
286 2888 1067 2925 tum quoad praesentem voluntatem Dei nobis eam dandi, tum quo-
295 2918 1061 2961 ad ejus initium etiam in hac vita juxta haec testimonia, Joh. 5. v. 24.
298 2954 1072 2985 Amen amen dico vobis, qui sermonem meum audit, & credit ei qui
291 2985 1067 3025 misit me, habet vitam aeternam, & in condemnationem non veniet: sed
297 3015 1058 3053 transivit a morte in vitam. Et cap. 17. v. 3 Haec est vita aterna, ut te
298 3050 1069 3089 cognoscant esse illum solum verum Deum, & quem misisti Iesum Chri¬
303 3074 1061 3119 stum: tum quia opposita ei condemnatio ad mortem aeternam habe¬
300 3115 1060 3158 etiam in hac vita initium, juxta dictum Johannis 3. v. 13. Qui credit in
300 3141 1095 3195 Filium Dei, non condemnatur: qui vero non credit, jam condemnatus
297 3172 844 3221 est, quia non credidit in nomen unigeniti Filij Dei.
1119 165 1885 211 OBJICITUR: Quod speratur, illud est futurum, non praesens:
1104 203 1897 243 rita aterna speratur: Ergo illa est futura, non autem praesens. Major
1104 240 1883 276 probatur testimonio Pauli Apostoli qui ait Rom. 8. v. 24. Spes si cer
1098 276 1898 310 natur, non est spes: quod enim quis cernit; cur speret? Minor etiam
1104 301 1886 352 probatur testimonio Pauli qui cap. & vers. eode ait, Spe seruati sumus
1116 338 1889 376 RESP. Major propositio indefinita est & vera de eo quod tanti
1106 366 1898 415 peratur & nullo modo creditur. At vita aeterna speratur quidem,
1101 412 1894 445 quoad consummationem & hactenus speratur & patienter exspecta.
1111 439 1898 484 ur: eadem tamen etiam creditur, sicut in Symbolo Apostolico¬
1110 470 1826 508 profitetur fidelium unusquisque dicens, Credo vitam aeternam.
1131 498 1900 545 Beneficium hoc confertur a solo Deo, Patre, Filio & Spiritu San¬
1111 533 1895 573 cto, servato ordine operationum personis divinis naturali. Nam Deus
1101 572 1898 613 Pater tanquam autor & fons vitae dat illam per Filium & Spiritum
1102 606 1907 640 Sanctum: Filius dat eam a Patre per Spiritum Sanctum: Spiritus
1098 638 1900 678 Sanctus per seipsum. Huc pertinent testimonia sequentia: Johannis
1104 670 1904 710 5. vers. 21. Sicut Pater suscitat mortuos & vivificat: ita & Filius quos
1111 707 1897 743 vult vivificat. Et vers. 26. Sicut Pater habet vitam in seipso, sic dedit.
1107 736 1896 778 & Filio habere vitam in seipso, id est, uterque pari virtute vivifica.
1113 773 1897 814 quos vult qui in peccatis mortui erant. Johannis 10. vers. 10. ait Fi¬
1107 804 1909 842 lius Dei; Ego veni ut oves vitam habeant & abundent. Et versic. 28.
1111 871 1900 913 quisquam e manu mea. De Spiritu Sancto dicitur Johan. 3. v. 5. Nis¬
1116 901 1903 942 quis fuerit regenitus ex aqua & Spiritu, non potest introire in regnum
1107 932 1900 972 Dei. Haec testimonia observanda probe, de donationis vitae aeterna.
1107 970 1906 1009 causa efficiente principe, ex qua aeterna Deitas Filii & Spiritus San¬
1104 1003 1765 1046 cti & ἐμουσία eorundem cum Deo Patre valide probatur
1146 1037 1898 1075 OEJICITUR: etiam ministri Evangelii dant vitam aeternam.
1116 1069 1900 1113 sicut dicitur Rom. 11. v. 14. ministerium meum illustro, ut experiar,s
1113 1100 1895 1141 quomodo ad amulationem provocem consanguineos meos, & servem a
1107 1133 1907 1178 liquos ex ipsis. Et I. Tim. 4. vers. 16. Id si feceris, & teipsum servabis &
1117 1175 1902 1210 eos qui te audierint. Et in epistola Judae v. 23. alios vero metu servate
1112 1205 1598 1242 Ergo non solus Deus dat vitam aeternam.
1140 1232 1897 1281 RESP. Processus est a dicto secundum quid ad dictum simpli
1111 1268 1910 1309 citer. Nam ministri Evangelii servant alios, ut ministri Dei adducen¬
1123 1304 1904 1346 res alios ad fidei obedientiam per praedicationem Evangelii quod est
1122 1339 1900 1376 potentia Dei ad salutem cuivis credenti, tota virtute & efficacia ser¬
1122 1369 1909 1410 vandi residente pones Patrem, Filium & Spiritum Sanctum, qui dant
1113 1401 1537 1441 vitam propria sua potentia & virtute.
1143 1430 1922 1488 REPLICATUR: Christus dat nobis vitam communicata sibi a¬
1120 1466 1733 1507 Patre potentia: Ergo non propria potentia & virtute.
1147 1500 1910 1541 RESP. Christus dat nobis vitam communicata sibi a Patre po¬
1114 1536 1916 1574 tentia, sed per naturam & generationem aeternam, sic ut vitam habe¬
1123 1563 1915 1618 at in seipso quemadmodum Pater: Ergo dat eam propria potentia.
1116 1603 1237 1643 ac virtute.
1157 1629 1916 1674 Vita aeterna dicitur refrigerium, Act. 3. v. 19. quia refrigerat fessos
1115 1665 1210 1707 & lassos
1198 1717 1829 1770 Hactenus dictum de principalibus bonis fede¬
1432 1763 1583 1818 ris gratiae.
1351 1851 1675 1906 CAPUT XLV.
1210 1917 1801 1984 In quo de accessoriis bonis federis gratiae.
1203 1988 1909 2035 CCESSORIA vero bona federis gratiae, sunt hujus vita.
1192 2029 1918 2062 temporalis adjumenta & commoda quae Deus addit suis fe¬
1197 2056 1922 2093 deratis pro suo sanctissimo arbitrio, & prout saluti cujusque fe¬
1116 2092 1919 2128 derati ac inprimis gloriae suae novit expedire. Sic Deus Abrahamo,
1114 2122 1922 2160 Isaaco & Jacobo atque adeo toti populo Israelitico promisit & dedit.
1120 2158 1910 2195 bona corporalia velut additamentum bonorum spiritualium in fe¬
1119 2189 1906 2232 dere gratiae promissorum, ut passim Vetus Testamentum testatur.
1134 2225 1910 2260 Bona corporalia, inquam, fidelibus Veteris Testamenti a DEC
1119 2255 1923 2292 data, accessoria duntaxat fuerunt: non autem principalia. Fedus e¬
1120 2289 1907 2332 nim gratiae a Deo cum fidelibus Veteris Testamenti initum praeci¬
1116 2320 1910 2365 pue ad bona spiritualia & spem beatae immortalitatis futuramque
1119 2355 1910 2395 vitam aeternam spectabat, ut Petrus docet Actor. 15. vers. 11. cum ait
1113 2391 1906 2432 Per gratiam Domini nostri IESV CHRISTI credimus nos servutum
1114 2421 1916 2457 iri, quemadmodum & Patres: ut item caput undecimum epistolae
1116 2455 1919 2495 Pauli ad Hebraeos, caput quartum, nonum, decimum & undecimum
1116 2490 1918 2541 ad Romanos, caput tertium & quartum ad Galatas & plurima alia
1129 2526 1490 2565 Scripturae Sacrae loca testantur
1140 2557 1919 2598 Proinde graviter errant, qui putant, Deum in federe cum Abra¬
1125 2589 1918 2630 hamo, Isaaco, Jacobo, & posteris illorum inito terrena bona solum¬
1116 2629 1916 2663 modo aut principaliter saltem promisisse, nimirum carnis delicias,
1126 2657 1922 2697 ventris saturitatem, florentes opes, externam potentiam, liberorum.
1122 2690 1912 2730 foecunditatem & quicquid animalis homo in precio habet: non au¬
1123 2723 1916 2762 tem spiritualia bona & coelestem beatitatem; quasi Deo nihil aliud
1131 2759 1913 2793 propositum fuisset, quam populum Israeliticum tanquam aliquem
1134 2793 1916 2832 porcorum gregem in hac terra saginare. Quem errorem prolixe refel¬
1120 2824 1910 2860 lit Ioh. Calvinus Institutionis Christianae religionis secundo libro, ca¬
1120 2852 1253 2897 pite decimo.
1146 2885 1915 2934 Finis autem propter quem Deus bona corporalia spiritualibus in
1131 2919 1912 2958 Veteri Testamento adjecit, erat, ut fideles in spe vitae aeternae melius
1121 2957 1910 2990 alerentur, quam Deus contemplandam sub beneficiis terrenis ad
1128 2984 1923 3030 quodammodo degustandam exhibebat. Quapropter in terrena, quam
1116 3019 1918 3058 fruebantur, possessione terrae Chanaan, veluti in typo, futuram quam
1113 3054 1836 3090 sibi in coelis praeparatam credebant, haereditatem sunt intuiti.
1153 3086 1910 3136 In Novo Testamento Deus fidelibus itidem praeter spiritualia &
1125 3125 1921 3157 aeterna bona quae eis praestat, adjicit etiam in hac vita terrena com¬
1122 3156 1915 3190 moda, non ut nobis sint typi futurae felicitatis quemadmodum fide¬
1116 3187 1912 3225 libus Veteris Testamenti fuerunt, sed ut sint divinae benevolentia
