2063 3433
1040 158 1882 219 h autem ipe Christus. Matth. 3. 11. Ego baptizxo vos aqua, alius est qui
227 230 661 274 nempe Christum cum suis beneficiis.
270 245 1022 296 Atque eadem est Christi sive in simplici verbo; ut Ioh. 6. sive in Sa¬
225 284 1019 329 cramentis perceptio, nempe spiritualis, id est quae Spiritus Sancti vir¬
233 318 1012 364 tute & unico fidei instrumeto peragitur. Non differt perceptio Christ.
231 357 1004 398 in verbo & Sacramentis reipsa: nam utrobique est eadem res, eader
230 384 1013 434 substantia, nempe Christus cum suis beneficiis. Non differt modo
236 418 1016 466 utrobique enim est spiritualis. Non differt instrumento perceptionisi,
225 451 1007 498 nam utrobique instrumentum perceptionis est fides. Quomodo igi¬
226 493 1009 529 tur differt perceptio Christi in simplici verbo & Sacramentis? Exter¬
225 521 1015 562 na tantum forma: quoniam videlicet in Sacramentis signa corpo¬
224 549 1021 595 ralia verbo promissionis adiunguntur. In simplici verbo Deus per¬
230 582 1010 635 praedicationem & autes tantum nobiscum agit: in Sacramentis ve¬
234 614 1022 660 ro adhibet praeterea signa in reliquos sensus etiam incurrentia: unde
231 653 1013 694 sit ut vehementior & expressior sit Sacramentalis, quam nuda per
230 689 601 730 simplex verbum communicatio
259 715 1009 763 Partes Sacramenti federis gratiae voce Sacramenti late accepta
234 747 1013 791 sunt; signa, res & verbum institutionis promissionisque: stricte ve¬
237 778 1018 825 to accepta voce Sacramenti, partes eius duae sunt: res terrena, &
234 819 1013 862 actio externa seu ritus externus, Genes. 17. 11. Exod. 12. 8. & seqque
231 852 985 891 Matth. 3. 11. & 28. 9. Matth. 26. 26. & seq. 1. Cor. 11. 23, 24, 25.
263 884 1025 924 Res terrena sola perfectum & integrum Sacramentum non est:
241 916 1031 958 sed oportet actionem externam seu ceremoniam, & usum rei terrenae
229 952 911 995 a Christo institutum accedere, cum vera fide coniunctum.
268 980 1028 1028 Nihil enim habet rationem Sacramenti extra usum a Christo in¬
237 1017 342 1059 stitutum.
265 1038 1032 1089 Res terrena in Sacramento, est signum seu Symbolum, quo res
234 1088 1015 1122 caelestis fidelibus promissa non tantum similitudine quadam reprae
244 1119 1025 1155 sentatur & significatur, sed etiam simul cum eo exhibetur, ita ut certe
231 1146 1025 1189 reddantur fideles tam certo rem calestem spiritualiter adesse, eisque
232 1175 1054 1226 dari, quam certo corporaliter ante oculos rem terrenam praesentem
232 1215 1024 1257 vident, Gen. 17. 11. Rom. 4. 11 Ezech. 36. 25. Dicitur res terrena¬
244 1256 1034 1298 quia est e terra: & in terris, & terreno modo, hoc est, corporaliter ac¬
237 1288 315 1330 cipitur?
279 1300 1028 1356 ipse Christus, per Spiritum Sanctum fidei nostrae res promissat
231 1351 683 1399 prae sentes facit: fides autem eas accipi¬
271 1375 881 1419 Fides non efficit eam praesentiam: sed ipse Christus.
270 1413 1025 1455 Res caelestis per rem terrenam in Sacramento significata, nobisque
227 1445 1032 1486 obsignata ac confirmata, est novum Testamentum, seu fedus gratiae,
234 1477 1031 1523 sanguine Christi ratum factum: seu, quod eodem redit, Christus
1048 1504 1066 1553 I
238 1545 1027 1595 caelestis, quia in caelis est, & modo caelesti, id est, fide & spiritu percipi¬
237 1585 655 1618 tur: & vitam calestem in nobis alit.
273 1608 1034 1651 Ergo non est in ministro aut terrenis elementis haerendum: sed ad
242 1647 730 1684 res promissas oculi fidei sunt convertendi.
276 1675 1034 1719 Propterea res terrena, more loquendi in Scriptura & Ecclesia tri¬
242 1716 1031 1755 to & perspicuo, etiam saepe nomine rei caelestis appellatur; quia per
234 1749 1037 1784 tem terrenam significatur, intelligitur & obsignatur res caelestis.
234 1776 1032 1818 Exod. 24. 8. sanguis victimarum dicitur sanguis federis. Genes. 17.
250 1819 1032 1853 1o. Circumcisio nominatur fedus. Exod. 12. 11. Agnus paschalis ap¬
236 1852 1040 1896 pellatur transitus. Tit. 3. 5. Baptismus nominatur lavacrum regene¬
237 1879 344 1915 rationis.
288 1907 1039 1953 Quomodo autem hae Sacramentales locutiones intelligi & expli¬
246 1949 1025 1988 cari debeant, ipsa Scriptura declarat: quia res terrena sit signum fede
239 1976 1025 2017 ris, Gen. 17. 11. quia sit sigillum justitiae fidei, Rom. 4. 11. quia sit me¬
240 2013 792 2049 moriale mortis Christi Luc. 22. 19. 1. Cor. 11. 24
267 2037 1040 2082 IIdque sit per metaphoram & metonymiam sacramentalem, quam
241 2077 1045 2114 nempe signum vel ponitur pro re signata, vel appellatur nomine rei
246 2106 350 2160 signatae.
301 2149 966 2202 Sic fuit dere terrena: sequitur de actione externa.
543 2192 746 2234 in Sacramento.
284 2237 1035 2288 Actio externa in Sacramento, hoc est, ritus seu ceremonia quae in
244 2269 1034 2318 Sacramento juxta institutionem Christi observari debet, est signum
247 2312 1031 2347 actionis internae, quae a Deo & anima fidelis hominis perficitur:
240 2344 1028 2387 Deut. 30.6. Matth. 3. 11. Romi6. 3. 1. Cor. 6. 11. Coloss. 2. 11. Act. 22.
250 2373 308 2411 v. 16.
280 2402 1031 2459 Actio haec duplex est: alia ministri Sacramentum administran
246 2432 639 2474 tis, alia fidelis Sacramento utentis:
280 2468 1024 2529 Actio ministri Sacramentum administrantis est duplex: sanctisi
244 2507 758 2541 catio rei terrenae, & administratio ejusdem.
276 2533 1029 2583 Sanctificatio rei terrenae, est actio ministri, quam destinat rem ter¬
250 2569 1045 2617 renam ad sanctum usum ex mandato Dei, ad significandum, aeque
245 2607 1039 2650 certo rem caelestem e Deo ipso ad salutem animarum nostrarum de¬
243 2633 408 2674 stinatam esse.
288 2653 1037 2710 Proinde doctrinae de federe Dei cum hominibus ante omnia ex¬
250 2701 1047 2743 plicatio requititur: & tum recitatio verborum institutionis Sacramenti
250 2742 1035 2775 est necessaria, ut sic verbum Dei proponatur, quo ordinatum & insti¬
247 2769 1046 2804 tutum est a Deo ipso Sacramentum: quo res terrena sanctificetur, &
243 2805 1029 2838 ad sacrum usum consecretur, quia eam verbum mandati & promissio¬
250 2830 1028 2876 nis Dei continetur, Ideo ait Augustinus: Accedit verbum ad ele
258 2865 1031 2906 mentum, & sit Sacramentum 1. Corinth. 11. v. 23, 24, 25. Appel¬
254 2893 1037 2942 latur etiam Consecratio & Confectio Sacramenti, item μεζαβολη, mu¬
256 2930 1031 2970 tatio signorum non quoad substantiam, quantitatem aut qualitatem
255 2958 1035 3005 sed tantum quoad finem, officium seu usum; quia illius usus muta¬
264 2990 1043 3041 tur, qui non amplius est corporalis, & profanus, sed spirituals & san¬
261 3022 722 3072 ctus, ad substantiam signi adjecta gratia,
291 3060 1045 3104 Administratio rei terrenae, est altera ministri actio, qua significa¬
260 3084 1046 3142 tur, tam certo DEUM nobis promissa bona offerre & dare: quam
267 3117 1046 3179 certo rem terrenam a ministro verbi nobis offerri & dari videmus, 1.
278 3146 402 3187 Cor. 11. 23.
302 3178 1045 3235 Rem terrenam dispensat & exhibet minister verbi: rem caelestem
233 175 1051 241 Nihil aliud in Sacramentis percipimus, quam in simplici verbo, τ
1067 209 1351 267 baptizat Spiritu Sancto
1164 236 1790 298 Haec de actione ministri Sacramentum admi¬
1398 292 1538 342 nistrantis.
1101 345 1858 386 Actio fidelis Sacramento utentis, est perceptio rei terrenae, quas
1065 377 1861 426 gnificatur ipsum tam certo spiritualiter promissa bona caelestia acci
1074 411 1870 451 pere, quam certo rem terrenam corporaliter percipit. Rom. 4. v. 11
1069 447 1271 488 Matth. 26. v. 26.
1101 477 1880 522 Verba promissionis gratiae & rem terrenam, accipimus ex ore &
1030 506 1054 554 B
1111 545 1885 590 Externa perceptio sit corpore, interna non nisi per fidem & Spiri¬
1077 584 1876 622 tus Sancti in cordibus efficaciam: complectitur enim interna perce¬
1071 613 1840 659 ptio unionem cum Christo, iustificationem, regenerationem, &c.
1102 646 1878 684 Rem terrenam accipimus corpore, hoc est, membris, actionibus &
1080 674 1887 719 sensibus corporis, oculis, autibus, manibus, ore & stomacho, visu,
1075 714 1886 761 auditu, tactu, gustu & olfactu: res autem caelestes accipimus animo,
1071 743 1526 793 per fidem & Spiritus Sancti efficaciam
1107 773 1890 820 Ideo accipiunt rem terrenam non tantum fideles, sed etiam infide¬
1113 810 1514 846 : sed rem caelestem tantum fideles.
1072 805 1097 851 le¬
1108 844 1889 890 Hae igitur sunt partes Sacramenti, quae ad cuiusque Sacramenti
1077 873 1877 915 stricta significatione sic dicti, quo fedus gratiae obsignatur, perfectio¬
1086 913 1885 951 nem requiruntur: cum quibus si in vero usu res caelestes & actio in¬
1083 948 1888 986 terna & caelestis coniungantur, nominatur haec coniunctio unio Sa¬
1076 980 1812 1026 cramentalis, quae etiam Sacramentalium locutionum causa est.
1120 1013 1895 1055 Vnio Sacramentalis, est spiritualis coniunctio Sacramenti cum
1075 1048 1897 1082 rebus quarum est Sacramentum, seu est coniunctio signorum & re¬
1089 1082 1898 1122 rum, id est, rei terrenae cum caelesti, & actionis externae cum actione
1083 1115 1892 1154 interna, non physica & localis, sed spiritualis, pactionalis & relativa.
1101 1146 1894 1187 uae in ordinatione divina signi ad tem, & spirituali exhibitione &
1088 1175 1613 1224 perceptione signorum, vere coniuncta exsistit.
1121 1212 1897 1257 Ut autem Sacramenti stricte accepti duae sunt partes: ita etiam
1086 1243 1342 1291 unionis sacramentalis
1122 1269 1658 1317 Prima pars est unio rei terrenae cum re caelesti.
1128 1311 1883 1350 Hanc rem caelestem non necesse est substantialiter & corporaliter
1086 1347 1894 1386 esse in re terrena, vel in eo loco in quo res terrena est: quia haec unio
1093 1377 1291 1421 est mere spiritualis
1125 1412 1897 1455 Nec sequitur, si corporaliter praesens non est in terra, in re terrena¬
1098 1446 1895 1498 vel in loco, in quo est res terrena, propterea praesentem non esse: quia
1098 1480 1705 1520 etiam vere praesens est, quod spiritualiter praesens est.
1119 1517 1892 1554 Altera pars unionis sacramentalis est coniunctio actionis externae
1094 1544 1337 1585 cum actione interna.
1120 1574 1898 1619 Nam in legitimo usu Sacramenti conjuncta est exhibitio & per¬
1083 1616 1892 1652 ceptio signi & rei signatae: signi quidem corporalis ex manu mini¬
1089 1647 1895 1683 stri; rei vero signatae spiritualis per fidem veram, ex manu ipsius
1104 1676 1178 1717 Christi.
1121 1709 1897 1749 Sacramentum enim non tantum terrena & corporalis, sed etiam
1092 1749 1889 1782 caelestis & spiritualis actio est in qua non tantum res terrena, quae in
1099 1782 1885 1832 terra est, sed etiam illae res quae in caelo & quae in Deo & quae in cordi¬
1097 1814 1549 1849 bus fidelium sunt, nobis sunt praesentes.
1128 1837 1885 1890 Et Spiritus Sanctus nos cum Christo conjungens, etiam longissi¬
1086 1878 1897 1912 me distantia, quod ad loci intervallum attinet, copulat multo arctius
1092 1913 1901 1946 & propius, quam vel anima cum corpore, vel vitis cum palmite est
1090 1943 1215 1985 coniuncta.
1132 1981 1854 2034 Hactenus fuit de partibus Sacramenti federis gratiae:
1377 2024 1588 2081 sequuntur fines
1113 2069 1897 2114 Sacramenti federis gratiae sunt hi fines, omnibus speciebus Sacra¬
1090 2111 1387 2156 menti federis communes:
1119 2137 1901 2179 I. Ut sit monimentum, signum & sigillum federis gratiae & com¬
1083 2177 1903 2216 munionis cum Christo in federe promissae, atque adeo beneficiorum Dei
1083 2211 1905 2248 tum exhibitorum, tum exhibendorum: id est, ut commonefaciat, cer¬
1092 2244 1891 2282 tos reddat & obsignet fideles de collatis vel conferendis in eos Christ.
1099 2276 1891 2310 beneficiis. Sic Pascha erat memoriale non modo praeteritae liberatio¬
1091 2310 1892 2348 nis ex AEgypto, sed etiam futurae liberationis per Christum. Sic sacra
1090 2343 1898 2377 Coena est memoriale non tantum redemtionis factae in cruce, sed et¬
1099 2378 1895 2417 iam perficiendae, cum veniet judicatum vivos & mortuos, & suos ele¬
1101 2413 1901 2452 ctos plene liberabit a peccato & omnibus hostibus, resuscitans cor¬
1088 2442 1693 2489 pora eorum ex mortuis Luc. 21. 28. 1. Cor. 11. 26.
1135 2469 1897 2515 Hinc etiam intelligitur, quomodo Sacramenta nos servent, nimi¬
1094 2510 1901 2542 rum non ut causae efficientes vel instrumenta conferentia gratiam &
1098 2540 1891 2578 salutem, & quidem ex opere operato, sine bono motu utentis, ut im¬
1096 2576 1895 2617 pie docuerunt Papistae: sed velut signa & sigilla obsignantia creden¬
1090 2608 1697 2642 tibus gratiam & salutem, quae a Deo ipso confertur.
1129 2629 1892 2673 2. Ut nos admoneat obligationis quam nos Deo obstrinximus
1104 2675 1910 2711 hos futuros eius populum; ac proinde ut eo exerceatur, augeatur &
1090 2706 1385 2747 confirmetur fides nostra.
1119 2741 1896 2794 3. Ut eo excitemur ad recordationem Christi & gratiarum actio¬
1096 2771 1471 2810 nem pro beneficiis redemtionis.
1134 2802 1895 2847 4. Ut sit vinculum mutuae dilectionis & concordiae in Ecclesia;
1095 2829 1900 2881 hoc est, ut eius communicatione, mutua charitate magis ac magis in¬
1096 2873 1904 2914 ter nos devinciamur: unus panis, unum corpus multi sumus. I. Co¬
1096 2902 1250 2946 rinth. 10. 17.
1171 2929 1901 2986 Ut sit nervus publicorum congressuum & conservationis mi¬
1094 2972 1678 3005 nisterii Ecclesiastici. Exod. 12. v. 16. 1. Cor. 11. 20.
1125 2997 1895 3045 6. Ut sit nota professionis, qua tanquam tessera, Ecclesia ab infi¬
1098 3030 1894 3083 delibus discernatur. Exod. 12 v. 43. Nullus alienigena vescitor illo
1090 3069 1724 3104 Sic circumcisio discernebat Iudaeos ab aliis Gentibus.
1137 3104 1904 3145 It ab esu Deo immolatorum omnes impuri prohibebantur, com¬
1092 3136 1906 3172 minatione addita, quod quicunque immundus de iis edisset, eius ani¬
1096 3172 1903 3210 ma exscindenda foret e populo suo, Lev. 7. v. 20. ita nomo impurus
1108 3200 1644 3247 & infideli Sacramento federis gratiae uti debet.
