2063 3484
211 165 1016 220 Quapropter vis & efficacia Baptismi a solo Deo, a solo Christo pen¬
183 204 998 257 idet: non a ministro verbi divini, qui haereticus & impius: sse potest.
189 240 1004 291 Nec propterea irritus est Baptismus & reiterandus, quod ab haeretico
183 280 994 318 vel fl igitioso sit administratus, sicut dicitur, Vim Sacramenti nen tollis
192 311 998 364 vita ministri. A notorio tamen haeretico aut notorie flagitioso mini¬
182 341 570 381 stro Baptismus non expetondus.
219 376 1009 420 Min stri autem actio duplex est: sanctificatio aquae & ablutio externes
211 410 989 453 Sanctificatio aquae, est destinatio eius ad hunc usum, ut sit Sacramen¬
188 444 994 487 tum sanguinis & Spiritus Christi non ex Magica aut superstitiosa con¬
177 483 988 529 secratione, sed ex ordinatione Christi, quam verba institutionis Bapti
184 509 356 551 mi exponunt.
217 551 998 595 Ablutio externa est adspersio aquae, ablutionis interioris, quam san¬
190 579 987 627 guine & Spiritu Christi a peccatis absuimur, signum, obsignatio, & pi
191 617 989 664 gniis certissimum credentibus, Apoc. I. 5. Rom. 6. 3 1. Corinth. 6. 11. 1,
180 646 647 683 Petr. 3. 21. Eph. 5. 261. Ioh. 1. 7. Ioh 15.
220 678 989 718 Quemadmodum enim a sordibus corporis aqua purgamur: ita
186 717 996 762 peccatis nostris sanguine & Spiritu Christi liberamur, Apoc. I. 5. & 7.
185 749 767 781 v. 14. 1. Cor. 6. v. 11. Gal. 3. 17. 1. Ioh. 1. 7. Eph. 5. 26.
215 781 862 825 Ablutio interna sit tum sanguine tum Spirita Christi.
219 816 995 858 Ablutio per sanguinem Christi, est justificatio, Marc. 1. v. 4. Actor
188 846 258 882 22. 16.
213 869 887 927 Aplutio per Spiritum Christi, est regeneratio, 1. Cor. 6. v. 11
228 914 956 960 Hae sunt actiones ministri baptismum administrantis:
364 953 824 1009 sequitur actio fidelis qui baptizatur.
220 993 998 1034 Quemadmodum soli illi baptizandi sunt, qui in federe gratiae cen¬
183 1027 1007 1077 sentur: ita fidelis qui baptizatur suscipit externum aquae baptismum, ut
187 1067 993 1099 ei significetur & obsignetur, ipsum ta certo a peccatis sanguine & Spiri¬
180 1101 1001 1143 tu Christi ablui, quam certo aqua corpus ipsius perfunditur & absui¬
177 1134 520 1171 tur. Apoc. 7. 14. Ezech. 36 25.
226 1156 1001 1202 Aolut sanguine & Spiritu Christi, est uniri & coniugi cum Christo
180 1203 1001 1234 arctissime & participem fieri tum personae eius tum beneficiorum fe¬
189 1229 992 1266 deris gratiae, hoc est, reconciliationis, iustificationis, regenerationis:
178 1265 866 1299 adoptionis in filium a Deo, libertatis filiorum Dei, &c.
212 1287 1001 1337 Eternus homo sentit vim aquae, sed internus efficaciam sanguinis
189 1324 407 1374 & Spiritus Christi.
214 1357 1001 1408 Aqua abluuntur etiam infideles; sed sanguine & Spiritu Christi tan¬
189 1398 360 1441 tum credentes.
218 1427 995 1479 Erg: non omnes qui baptizantur, accipiunt remissionem peccato.
184 1467 699 1507 rum & regenerantur, sed tantum credentes
217 1489 1004 1535 Susceptioni baptismum coniuncta debet esse stipulatio bonae consci¬
177 1537 1004 1574 entiae & gratiarum actio, quae vel ab ipso baptizato statim fit, si sit ad¬
193 1568 1007 1603 ultus: vel a parentibus & susceptoribus ejus loco, si est infans, qui tamen
186 1599 1007 1642 deinceps ubi ad annos venerit discretionis, non tantum stipulationem
183 1632 1000 1671 bonae conscientiae in baptismo loco ipsius a parentibus & patrimis fa¬
186 1667 991 1707 ctam ratam habere, sed etiam tota vita sua pro federe gratiae & bene
181 1699 588 1739 ficiis illius gratus DEO esse debet.
220 1735 996 1778 Fines Baptismi particulares sunt: I. Ut nobis sit obsignatio susce¬
180 1766 995 1808 ptionis in fedus gratiae & admissionis ad communionem cum Christo
183 1801 985 1837 & Ecclesia. Act. 2 39 Gal 3. 271. Cor. 12. 13. Gal. 3. 27. Ideo ab Au¬
174 1839 991 1871 gustino baptismus vocatur character regius, item character Imperatori¬
181 1864 989 1906 neuri Christi: quia baptismo tanquam certa nota Christiani ab aliis se¬
176 1901 989 1939 ctis discernuntur, quod Christum pro Rege & Imperatore suo agnos¬
186 1932 986 1970 cant. Baptismus est sigillum efficac: ae & virtutis quae ex morte, sepultur
177 1964 984 2006 & resurrrctione Christi ex mortuis ad nos promanat. Rom. 6. 2. & sed
219 1996 985 2034 2. Ut nobis per ablutionem externam significet seu repraesenter
178 2029 986 2069 confirmet & praebeat sacramentaliter internam mundationem ani¬
184 2066 986 2106 maram in justificatione & regeneratione sitam Ephes. 5. 26. Baptis¬
182 2104 980 2141 mus ergo unicuique nostrum confirmat, tum omnia peccata, origina
179 2130 982 2171 le & actualia, nobis remissa esse propter mortem Christi, Actor. 2. 36.
186 2169 992 2205 & 22. 14. Rom. 6. 3. tum justitia eius nos indutos Galat 3. v. 27. tum
179 2196 995 2239 nos regenerati per Spiritum Sanctum, Tit. 3. 5. Eodem sensu Baptis¬
189 2229 991 2270 mus nos salvos facit, 1. Pet. 3. 21. quia salutem aeternam nobis obsignat.
186 2261 986 2304 & a veteribus peccatis nos purgat 2. Pet. 1. 9. & a peccatis abluit. Act
192 2300 1001 2346 22. 16 quia purgationem & oblationem internam a peccatis per signa
188 2337 706 2378 externa repraesentat & obsignat credentibus.
212 2358 1003 2407 3. Ut nos admoneat de resipiscentia & vita in melius commutanda
187 2396 995 2438 & recordatione sui quotidiana nos excitet ad pietatem & obedientiam
185 2429 989 2468 Deo debitam cum perpetua gratiarum actione, sic ut memores diei quo
192 2467 1005 2503 in militiam Christi adscripti sumus, tanquam fidi milites pugnemus
192 2501 1000 2541 adversus diabolum, peccatum, mundum, Antichristum, carnem pro¬
192 2532 989 2574 priam, militemus bonam militiam, retineamus fidem & bonam con¬
189 2570 507 2611 scientiam, Matth. 3. v 11.
225 2598 1004 2642 4. U. sit vinculum communionis Ecclesiae & reciprocae eorum cha¬
195 2634 773 2677 ritatis, qui eodem lavacro tincti sunt & tinguntur.
189 2655 1003 2706 5. Ut eo obsignemur in certa spe resurrectionis corporum ex mortuis ad
191 2701 995 2739 beata & aeierna vita. Hinc dicimur baptizari pro mortuis. 1 Cor. 15. v. 25.
220 2730 1001 2772 B. pr zandi autem sunt non tantum adulti fidem in Christum pro¬
196 2763 999 2807 fitente, sed etiam infantes Christianorum. Adultis, sed fidem in Chri¬
192 2802 995 2842 stum professis baptismum posse & debere conferri extra controversiam
187 2830 1031 2875 est: na in exempla sunt in Actis Apostolicis, veluti Act. 2. 41 & c. 8. v. 12,
196 2870 612 2914 36. 37, 8. & c. 9 v. 18. & c. 0. 47. 28
224 2896 1007 2942 De infantium autem baptismo & olim controversia fuit & nunc
186 2938 1012 2980 est. Infantes Christianis paretibus natos, esse baptizandos, validissima.
192 2971 483 3017 argumenta confirmant:
222 2995 1009 3042 I. Quia omnes federati Deo. sunt baptizandi At ipsi quoque infantes
190 3028 1008 3073 in foedere gratiae comprehenduntur, 1. Cor. 7. v. 14 Uninersale man¬
193 3065 1001 3106 datum de baptizandis omnib Deo federatis, includit particulare madatis
189 3098 1004 3145 de infantibs qui in federe sunt, baptizandis. Quod ad omnes ex aeque
205 3130 997 3175 pertinet, ad partem seminis adultam restringendum non est. Infan¬
195 3161 1010 3206 tes esse in foedere gratiae verspicue estendit foederis promissio: & quia
191 3193 1004 3240 infantes Deo placent, cui a Christo benedictione & precibus sunt con¬
192 3223 1005 3282 secrati. Ac proinde etiam ipsorum parentum & totius Ecclesiae fides
1043 180 1872 243 confirmatur hoc signo. DaUM esse, ut ipsorum fidelium parentum, sic
1054 225 1849 269 eorum seminis & liberoram DEUM & Servatorem: quam suam pro¬
1056 258 1859 308 missionem implet suo rempore in suis electis. Rom 8. 29, 30. Tit. 3. v. 5.
1081 294 1859 335 2. Quia ad ipsos quoque pertinet promissio remissionis peccatorum
1053 323 1855 365 per sanguinem: hristi. ect. 2 . 8. 3v. Unde in hunc modum scribit O¬
1053 362 1847 409 rigenes secundo tomo homilia decimaquarta in Lucam: Parvuli bapti¬
1055 390 1848 438 zantur in remissionem peccatorum. Quorum peccatorum: vel quo tempo¬
1053 422 1844 471 re peccaverunt? aut quo modo petest ulla lavacri in parvulis ratio subsi
1062 454 1855 500 stere, nisi iuxta illum sensum de quo paulo ante diximus, Nullus mundus
1065 492 1856 538 t sorde, nec si unius dici quidem fuerit vita etus super terram: Et quia per
1044 518 1855 561 baptismi sacramentum nativitatis sordes deponuntur, propterea bapti¬
1053 552 1250 600 zantur & parvuli
1087 573 1847 638 3. Quia pertinent ad Ecclesiam DEI:quia illorum est regnum caelo¬
1049 619 1113 665 rum.
1092 653 1849 706 4. Quia sunt sanguine Christi redemti a peccatis abluti, atque ita vir¬
1046 685 1859 741 tute Spiritus Sancti nabent tem signatam: cur igitur a signi participa¬
1047 720 1265 761 tione excludantur.
1090 749 1850 802 5. Quia ipsis promittitur Spiritus Sanctus: imo & habent Spiritum
1057 786 1679 827 Sanctum: August, epist. 57. ad Dardanum pagina 1So¬
1089 820 1859 872 6 Quia sunt discernendi ab infidelium liberis: ergo discretionis si¬
1066 852 1470 901 gno ilios communicare necesse est.
1077 892 1858 935 7. Quia & Apostoll integras familias baptizarunt: ut familiam Ly¬
1050 918 1852 961 diae purpuratiae, Actor. 16. 15. & Commentariensis, ibid. 37. & Stepha¬
1053 958 1855 1000 nae 1. Cor. 1. v.16. Domus autem familiaeve nomine infantes conti¬
1046 991 1139 1026 nentur.
1088 1013 1747 1057 8. Quia etiam in federe veteri infantes circumcidebantur.
1080 1045 1849 1092 Porro semel tantum baptizari quilibet fidelium debet; 1. quia se¬
1052 1087 1861 1125 mel Israelitae citcumcidebantur. 2. quia semel tantum fedus gratiae
1056 1123 1856 1154 cum uno quoque nostrum Deus init & paciscitur: prima ista pactio se¬
1048 1154 1857 1192 mel a Deo facta, non potest reddi infecta 3. quia semel tantum nasci¬
1056 1190 1855 1232 mur. Ut enim circumcisio erat nativitas Iudaismi: ita Baptismus est na¬
1063 1218 1305 1258 ivitas Christianismi¬
1089 1245 1852 1291 Proinde Baptismus iterari non debet, non quia characterem inde¬
1049 1281 1855 1327 lebilem animae expressit, que characterem nec Scriptura docet, nec ra¬
1053 1321 1857 1364 tio necessaria demonstrat, nec Patrum autoritas probat: sed quia ejus
1063 1352 1850 1397 teratio a Deo mandata non est, & quia rationes jam allatae eam non
1052 1384 1192 1433 permittunt .
1089 1412 1849 1457 Quamvis autem semel duntaxat baptizamur: est tamen baptismus
1059 1453 1856 1488 nobis perpetuum Sacramentum ablutionis a peccatis & regeneratio¬
1056 1485 1858 1533 nis: hoc est, baptismus non tantum evacuat & abluit peccatum origi¬
1054 1522 1861 1555 nale, sed omnino omnia peccata, praeterita ac praesentia. Qui enim ba¬
1062 1554 1850 1594 ptizantur, in Christi mortem baptizantur: mors autem Christi non tan¬
1053 1587 1853 1628 tum valet ad peccata abluenda quae baptisimum praecedunt, sed etiam quae i1
1053 1616 1862 1655 omni vita baptismum consequuntur, ut non sit necesse novum Sacramen¬
1059 1649 1862 1686 tum & secundam tabulam comminisci. Quemadmodum Galatas Apo¬
1056 1684 1859 1721 stolus ad Baptismi gratiam revocat Gal. 3. 27. Quicunque in Christum
1057 1718 1866 1761 baptizati estis, Christo induti estis: non ad novum aliquod Sacramentum.
1080 1751 1865 1786 In baptismo non tallitur radicitus quoad actum, sed abluitur & ab¬
1065 1782 1858 1822 pletur peccatum originale quo ad reatum, hoc est, culpam & poenam.
1047 1818 1858 1858 remanente ipso vitio & morbo, hoc est, pravam concupiscentia & incli¬
1053 1891 1859 1937 peccato & Diabolo peccati autore Dominum interea jugiter implo¬
1053 1925 1540 1957 rantes: & eidem perseveranter adhaerentes.
1086 1941 1850 1991 Concupiscentia mala post baptismum in renatis residua, est vere &
1062 1983 1295 2025 roprie est peccatum
1081 2006 1847 2054 Nec confertur gratia invisibilis ab elemento aquae per se, sed ad
1051 2045 1851 2086 scribenda est sanguini Christi & Baptismo interno Spiritus, qui occula
1050 2085 1856 2124 ta operatione gratiam illam invisibilem confert, quae externo baptismo,
1044 2113 1859 2156 figuratur: nec confertur illa ex opere operato: nec imprimitur animae
1054 2148 1562 2190 indelebilis character, ut Scholastici senserunt
1075 2181 1622 2220 Iohannis & noster baptismus sunt essentia idem.
1080 2204 1860 2247 I. Quia lohannis baptiimus ad Christum duxit, sicut Iohannes Ba¬
1060 2246 1856 2284 tista ait Ioh. 1. v. 31. Ut manifestus fiat Israeli, propterea veni ego bapti¬
1041 2277 1855 2322 zans aqua. Sic Paulus expresse docet, Iohannem baptizasse in resipis¬
1042 2314 1615 2354 centiam & fidem Iesu Christi venturi. Act. 19. 4.
1081 2333 1858 2386 2. Quia lohannes praedicavit baptismum resipiscentiae ad remissio¬
1057 2378 1382 2421 nem peccatorum. Marc. 1. 4.
1076 2397 1853 2456 3. Quia lohannis Baptismus fuit in Christi ipsius persona consecra¬
1060 2451 1667 2486 us: Christus enim baptismo Iohannis est baptizatus
1068 2467 1846 2520 4. Quia Iohannis Baptismus Christi ipsius autoritate & testimonio
1052 2509 1245 2555 fuit approbatus,
1081 2533 1857 2580 5. Quia neque Christus, neque Apostoli usquam leguntur rebapti¬
1057 2576 1373 2624 zasse a Johanne baptizatos.
1089 2597 1850 2650 6. Si Johannis baptismus non esset idem cum nostro, sequeretur Chri¬
1065 2640 1844 2681 tum tantum aqua fuisse baptizatum: item Christum alio baptismo fu¬
1059 2673 1854 2718 isse baptizatum, qua nos baptizamur, vel nos non habere communem ba¬
1062 2704 1853 2748 ptismum cum Christo. item in Christi persona alium baptismum fuis¬
1059 2737 1854 2780 se consecratum, quam nestrum, vel nostrum baptismum in Christi per¬
1059 2772 1849 2818 sona non esse sacrificatum. Item stabiliretur a nabaptismus: nam si ba¬
1066 2810 1846 2847 ptismus Johannis alius fuit, quam Christianorum: sequitur, omnes?:
1066 2835 1860 2883 sohanne baptizatos, debuisse rebaptizari. stm Apostolos non esse
1063 2868 1863 2916 rite baptizatos: nam illi aiohannc fuerunt baptizati, nec postea reba¬
1067 2915 1138 2951 ptizatis
1100 2930 1861 2981 Differt autem Johannis baptismus a nostro tantum in modo signi¬
1059 2973 1856 3014 ficandi, videlicet in circumstantia temporis: quia Johannes baptizabat,
1062 3001 1857 3048 in Christum passurum & resuscitandum: teste Paulo Act. 19. 4. Iohan¬
1063 3038 1856 3078 nes baptizavit baptismo resipiscentiae, dicens populo, ut in eum qui venie¬
1069 3072 1864 3112 nat post ipsum credirent, hoc est, in Christum Iesum. Nunc autem in
1061 3106 1596 3147 Christum passum & resuscitatum baptizamur.
1089 3140 1850 3185 QUAESTIONES aliquot de Baptiinio motas, operaepraetium est
1065 3172 1857 3225 explicari. Quaeritur, An ii parentes qui norunt Papisticam Ectlesiam
1068 3207 1862 3259 in Antichristianis erroribus versari, pessint bona conscientia liberos suos
