2063 3399
272 133 1070 197 Vinum Domini est Sacramentum non rei ullius alterius, quam A¬
229 172 1022 232 sanguinis Domini nostri Iesu Christi, cujus sanguinis perpetuam me¬
237 218 1018 254 moriam retineri & celebrari vult Christus Dominus. Ille enim san¬
234 250 1025 286 guis Domini nostri Iesu Christi est pretiosior sanguine victimarum
237 284 1022 323 Veteris Testamenti, & sanguine sanctorum Martyrum, imo omni¬
231 313 841 354 um hominum; ut sequentia argumenta confirmant
255 345 297 382 I.
321 341 1033 387 Quia est sanguis unigeniti Filii Dei 1. Joh. 1. 7. est sanguis Dei
240 377 1027 434 Actor. 20. vers. 28. Sanguis Agni illius incuipati & incontaminati I.
235 411 338 451 Petr. 1. 15.
248 441 322 482 II.
336 442 1025 488 Quia est sanguis Novi federis, Matth. 26. vers. 28. id est, ser¬
231 477 1033 516 viens ad confirmationem novi federis. Sicut enim in federibus san¬
231 515 1032 555 ciendis olim adhibebantur vini libationes: ita & Christus vinum ad¬
234 543 1031 595 hibuit, sed quod sacramentum esset sanguinis sui quo novum fedus
232 575 383 618 est sancitum.
273 611 1028 655 III. Quia ejus efficacia se extendit inde ab initio mundi, usque
234 651 1028 694 ad finem mundi. Quotquot enim servati sunt unquam & servabun¬
238 678 782 715 tur, sanguine Christi servati sunt & servabuntur
265 709 1019 762 IV. Quia effusus est pro multis, Matth. 26. v. 28, Bonum quo plu¬
226 740 593 787 ribus prodest, eo est pretiosius.
265 776 308 813 V.
355 782 1007 818 Quia effusus est in remissionem peccatorum nostrorum
235 804 431 851 Matth. 26. v. 28.
259 838 1022 882 Est autem vinum Sacramentum sanguinis non contenti invenis
232 871 1031 915 sed effusi ex corpore in cruce, seu quatenus effusus est in remissionem
231 909 1016 949 peccatorum: ut itidem Dominus expresse testatur Matth. 26. v. 28
231 944 1016 977 Hoc est enim sanguis meus novi federis, qui pro multis effunditur in re¬
232 977 1013 1011 missionem peccatorum: Quae verba itidem sunt verbum concionale
235 1006 1025 1059 hoc est, promissio Evangelica de salutari κοινονιαᾳ sanguinis Christi,
232 1040 752 1081 deque salvifica fidelium unione cum Christo¬
265 1069 1013 1115 Cur autem Christus non dixerit, Hoc est signum corporis mei, item
241 1101 1016 1147 Hoc est signum sanguinis mei, ratio est, quia locutio ista non est sacra¬
235 1137 1059 1178 mentalis & mystica, sed propria: in cujus vulgari & literali sensu nul¬
226 1173 1025 1210 la rei signatae promissio, nec virtus, aut energia mysterii inest & con¬
228 1207 1022 1247 tinetur, sed simplex & nuda solum rei signatae adumbratio. At vero
234 1243 1020 1284 quia Dominus noster sacra illa mysteria non tantum ad rerum spiri¬
237 1280 1015 1310 tualium & divinarum significationem, sed ipsarum quoque commu¬
229 1311 1019 1341 nicationem instituta & tradita esse voluit, dixit, Hoc est corpus meum
234 1340 1024 1376 ut hac mystica locutionis forma, quasi promissione gratiae, Sacra¬
228 1379 1034 1411 menti virtutem & efficaciam; ex ipso usu & fine institutionis suae, in¬
234 1410 1024 1441 arcana & spirituali rerum cum signis dispensatione, tanto exprimere.
234 1440 1016 1479 significantius: quo sensu dixit Euthymius, in 26. cap. Matth. Non di¬
235 1474 1028 1510 xit Dominus, Haec sunt signa corporis mei, sed hoc est corpus meum. O.
240 1505 1028 1546 portet ergo non ad naturam eorum, quae proposita sunt, adspicera, sed ad
231 1537 562 1586 ipsorum virtutem & gratiam,
277 1566 1029 1609 Caeterum res terrena duplex in Sacra Coena a Christo est institu¬
238 1606 473 1644 ta duabus de causis:
268 1630 1019 1674 Prima est, ut significaret, sicut vinum hoc a pane distinctum vide
236 1670 1015 1707 mus, ita in cruce sanguinem suum a corpore suo nostra causa separa
237 1705 348 1750 tum fuisse
263 1740 1012 1780 Secunda est, ut doceret & confirmaret nobis, sicut non solum pa
225 1770 1016 1805 ne, sed etiam potu vivimus: ita nos in ipso non modo cibum, sed et
232 1804 1025 1838 iam potum, id est, non unam tantum salutis nostrae & vitae aeternae cau¬
231 1835 1012 1875 sam ac partem, sed quicquid omnino ad eam requiritur, perfecte &
232 1870 422 1914 integre invenire.
267 1907 1015 1941 QUAERITURI. Si Ecclesiae colligerentur in iis orbis regionibus.
226 1930 1018 1975 & in iis locis, ubi nec vini guttula reperiretur, nec haberi passet: num, p¬
228 1973 1012 2010 ptorea communio monsa Domini sepelienda foret? an vero fidelibus pro
232 1996 1000 2036 vino liceret uti aqua simplici qua plerunque illic utuntur, vel alio illis i.
235 2036 464 2076 sitato potus genere:
265 2061 1012 2102 RESP. Considerandum est Christi in instituendo Eucharistiae
222 2096 1015 2134 Sacramento consilium, nempe ut spiritualis alimoniae, id est, suiipsius
234 2138 1016 2172 κοννώνίαν nobis usitati cibi ac potus symbolis repraesentaret: ac pro¬
226 2161 1010 2202 inde si non fuisset tunc in Judaea communis vini usus, procul dubic
228 2193 1004 2234 alia vulgari potione Christus usus fuisset. Itaque nihil a mente Chri¬
225 2235 1016 2271 sti alienum facere viderentur, qui non contemtu Creatoris aut re¬
228 2259 1005 2301 rum creatarum, neque temeritate & novationis studio, sed necessitat,
232 2294 1023 2335 adacti, pro vino ali ud in iis regionibus usitati potus genus usurparet:
229 2324 1011 2371 neque illis esset dubitandum, tam cum hoc potu, quam cum vino san¬
228 2364 1009 2411 guinem Christi communicari, quum promissio sit generalis & ad o¬
219 2394 1014 2440 mnes fideles spectet. Tantum commonefaciendus esset coetus rei i¬
223 2429 642 2475 stius, ne quis infirmus offenderetur.
265 2457 1022 2506 QUAERITUR. II. An non amore & studio sobrietatis liceret in
231 2494 812 2544 Eucharistia a vino abstinere, & aqua loco illius uti?
262 2524 1015 2567 RESP. Quum Coena Domini non sit ebrietatis causa instituta¬
235 2556 1019 2603 & quemadmodum parum panis, ita etiam parum vini sumitur; vino¬
231 2593 1016 2633 cujusdam sanctitatis majorisque sobrietatis praetextu nequaquam
237 2629 1025 2666 abstinendum, sed mandato Christi obtemperandum. Unde haereseos
225 2655 1013 2697 damnati Tatiani, qui hydroparastatae sunt cognominati & Aquariis
226 2687 1010 2732 quod in Eucharistia pro vino aquam substituerent: Theodoretus li¬
231 2730 1015 2767 bro primo haereticarum fabularum, Nicetas Choniates libro quar:
228 2763 1022 2805 to de haeresib. Augustinus de haeresibus ad Quod vultdeum, cap. 64.
264 2788 1023 2828 QUAERITURIII. An non vinum aqua mixtum in Sacra coe¬
231 2830 1019 2873 na usurpandum, ita ut triplex res terrena adhibenda sit, panis, vinum
234 2862 341 2906 & aqua:
267 2883 1015 2931 RESP. Quod Christus panem, item vinum adhibuerit, historis
228 2918 1028 2961 institutionis testatur; aquae nulla prorsus sic mentio: ita ut verisimile
223 2962 1013 2996 sit, Christum ἀκραον bibisse & discipulis porrexisse Itaque non est ne¬
232 2987 1022 3033 cesse aquam sive solam sive vino mixtam addi: sed institutionem &
228 3028 697 3068 exemplum Christi potius sequi oportet.
261 3044 1022 3096 Reclamant Pontificii qui ajunt; Non debere in calice Domini aut.
232 3091 1010 3130 vinum solum aut aquam solam offerri, sed utrumque permixtum. Argus
233 3105 1048 3169 mentis ad opinionem suam stabiliendam sequentibus utuntur, quae
224 3155 457 3203 breviter refellemus.
1107 147 1864 209 I. Quia utrumque ex latere Christi in pussione sua profluxisse lega¬
1087 188 1479 235 tur, can. 1. dist. 2. de Consecratione.
1110 222 1873 266 RESP. Negatur: non enim vinum & aquam, sed sanguinem
1083 255 1870 296 cum aqua e latere Domini profluxisse legimus Joh. 19. 34. quidam
1084 294 1850 330 ex militibus lancea latus ejus fodit, & statim exivit sanguis & aqua¬
1115 322 1865 371 II. Veteres meminerunt calicis diluti seu aqua temperati in ust
1083 354 1870 398 Eucharistiae, ut Iustinus Martyr Apologia secunda pro Christianis: Ire¬
1087 388 1586 435 naeus libro quinto adversus haereses, cap. 3. &5
1106 420 1859 470 RESP. MISCERE sicut Hebraeum :JQU & Graecum ulo¬
1086 462 1865 503 vo aeque significat infundere ac confundere. Itaque calicem mistum
1093 495 1865 538 tino Latini dixerunt, cui infusum vinum, ut noverunt Grammatici:
1086 527 1549 572 Qvidius de Ganymede Metamorph. 10.
1135 575 1676 627 Arripit Iliaden, qui nunc quoque pocula miscet.
1140 614 1592 658 Invitaque Iovi nectar Iunone ministrat
1114 663 1868 719 Cicero de Finibus 2. Dico ergo in eadem uoluptate eum qui alter.
1080 700 1861 741 misceat mulsum ipse non sitiens, & eum qui illud sitiens bibit. Sic Plau¬
1074 740 1865 781 tus, sic alii. Sic Cyprianus ait, calicem mixtum vino Dominicae tradi¬
1084 764 1875 818 tionis esse, hoc est, a Domino traditum ut calici vinum infundatur &
1083 797 1312 850 fidelibus praebeatur.
1107 850 1840 902 Hactenus de rebus terrenis in Sdera Coena: sequitur
1242 892 1690 938 de actione in usu Coenae Dominica.
1410 936 1532 991 requisita.
1113 980 1885 1037 Actio externa in coena Dominica, seu tota illa liturgia & actionum:
1084 1028 1885 1068 Sacramentalium complexus & harmonia, est forma externa quam coe¬
1081 1065 1885 1100 na Domini in coetu fidelium celebratur secundum Christi institutio¬
1087 1098 1886 1141 nem. Vera enim celebrandae coenae Dominicae forma ex solius Chri¬
1079 1123 1886 1176 sti institutione petenda est, exemplo Pauli & aliorum Apostolorum,
1087 1165 1864 1207 1. Cor. 11. v. 23. & sequentibus: non autem ex Romani Pontificis au¬
1078 1196 1699 1232 toritate seu Romanae Ecclesiae consuetudine perversa¬
1110 1224 1867 1266 Actio autem externa in Coena Dominica, ut in aliis Sacramentis,
1083 1258 1870 1299 duplex est: ministri Coenam Domini administrantis, & fidelium sacram
1077 1290 1870 1330 Coena utentium; & quidem utraque actio ad finem a Christo insti¬
1083 1322 1225 1364 tutum relata.
1122 1343 1867 1396 Minister Sacram Coenam administrans, est qui legitima vocatione
1086 1389 1870 1424 Ecclesiastico muneri atque ita Sacrae Coenae administrandae praefe¬
1086 1423 1859 1463 ctus ea externe facit, quae Christus externe fecit instituens Sacrunm
1080 1456 1867 1492 hoc epulum, aut potius per quem Christus adhuc facit externe, quod
1101 1494 1876 1530 psemet in prima Coena externe fecit: quia etiam nunc illa Coena ce¬
1090 1522 1577 1562 lebratur, in qua Christus ipse accumbebat.
1119 1544 1877 1595 Ministri Sacram Coenam administrantis actio est duplex: acce¬
1082 1589 1874 1628 ptio & sanctificatio panis & vini: & administratio utriusque. Has acti¬
1086 1623 1867 1662 ones minister verbi Dei perficiens, dicitur a Patribus sacrificare Sacer¬
1084 1655 1876 1695 dos ergo sacrificat, id est, symbola mensae Domini consecrat & popu¬
1083 1687 1269 1730 lo communicat.
1118 1709 1871 1766 Acceptio & sanctificatio panis & uvini, est actio ministri, quam pane
1080 1753 1862 1794 & vinum accepta e mensa Domini ad sacrum usum destinata esse do¬
1090 1789 1861 1823 cet verbo Christi, invocato Dei nomine & coenae Dominicae institu
1081 1822 1861 1859 tione cum precibus explicata. Eadem etiam consecratio & confecti
1069 1852 1871 1892 sacramenti seu corporis & sanguinis Christi dicitur, quia per verbum
1087 1887 1855 1924 Christi ex communi pane & vino fiunt Sacra symbola corporis
1071 1916 1277 1960 sanguinis Christi¬
1102 1948 1862 1985 CHRVSOSTOMUS in secundam epistolam ad Timotheum
1069 1974 1856 2023 homilia secunda sub finem: Volo (inquit) quiddam adjicere plane mi¬
1068 2016 1873 2052 rabile, & nolite mirari, neque turbemini. Quid vero istud est? Sacra ipsa
1071 2045 1855 2081 oblatio, sive illam Petrus, sive illam Paulus, sive cujusvis meriti sacerdo
1079 2079 1862 2123 fferat, eadem est, quam dedit Christus ipse discipulis, quamque sacerdo¬
1064 2112 1861 2150 tes modo quoque conficiunt. Nihil habet ista quam illa minus. Cur id
1072 2146 1859 2186 Quia non hanc sanctificant homines, sed Christus qui illam ante sacra.
1075 2177 1864 2216 verat. Quemadmodum enim verba quae loquutus est Christus; eadem
1071 2212 1855 2247 sunt quae sacerdotes nunc quoque pronunciant: ita & oblatio eadem es
1065 2242 1853 2280 eademque baptismi ratio, adeo omnia in fide consistunt. Et ide CHRX.
1069 2274 1862 2310 SOSTOMUS homilia de proditione Judae, tomo tertio. pagina octin¬
1084 2314 1862 2350 gentes. viges. secunda. Non enim homo est qui proposita de consecratio¬
1064 2341 1862 2377 ne mense Domini corpus Christi facit & sanguinem, sed ille qui crucifi¬
1065 2373 1853 2411 xus est pro nobis Christus: Sacerdotis ore verba proferuntur, & Dei vir¬
1065 2406 1852 2454 tute confecrantur & gratia Hoc est, ait, corpus meum: hoc verbo prope¬
1076 2439 1270 2484 sita consecrantur.
1102 2469 1859 2511 Recitatio enim verborum institutionis & promissionis fit, non ut
1089 2503 1850 2543 pse minister propria autoritate faciat Sacramentum, sed ut ostendat
1078 2536 1856 2574 Christi institutione & consecratione ex communi pane & vino ficri
1075 2569 1856 2608 sacra corporis & sanguinis Christi symbola. Quae panis & vini ad sa¬
1081 2601 1837 2641 crum usum consecratio, sanctificatio & destinatio a veteribus appella
1075 2632 1868 2674 ta fuit μεζαζολη, id est, mutatio nempe Sacramentalis. Unde verba:
1084 2666 1867 2712 quibus sanctificata sunt a Christo panis & vinum & destinata ad usum:
1084 2697 1868 2738 anctum, sunt OPERATORIA & ETPECTIVA non conver¬
1074 2730 1880 2775 sionis panis in corpus Christi substantialiter, ut Papistae volunt; sed n
1092 2758 1837 2811 quia operantur & efficiunt ut elementum convertatur in Sacramer
1076 2798 1310 2845 tum corporis Christ.
1102 2820 1853 2866 Quae mutatio rerum terrenarum non est substantialis, hoc est, sub¬
1081 2861 1856 2906 stantiae, ut Pontificii cum errore asserunt, sed finis: quia panis & vinum
1072 2897 1850 2939 non sunt amplius profanus cibus & potus, sed sacro fini & usui serviunt,
1113 2941 1850 2981 Nam symbola mystica etiam post sanctificationem non amittum
1073 2975 1856 3021 propriam naturam, id est, substantiam; & Paulus post benedictionem,
1087 3003 1848 3047 panem adhuc appellat panem. 1. Cor. 11. v. 26, 27, 28. Cum veroCy¬
1081 3040 1853 3077 prianus Tractatu de Coena Domini, sectione sexta ait, Panom quem
1078 3068 1847 3113 Dominus discipulis porrigebat, non effigie, sed natura mutatum, omni¬
1087 3106 1856 3150 potentia Vrbi lactum esse carnem: naturam vocat non substantiam
1077 3138 1863 3195 panis, sed proprietatem & conditionem nunis, quia panis cu, us pro¬
