2063 3416
340 180 1069 217 Ile autem a nobis nocte celebretur, necessarium non est; quia tem¬
316 212 1064 251 pjoris circumstantia, sicut & accubitus, vestitus, certus numerus com¬
300 247 1073 283 municartium, materia poculi, non continent mysterium aliquodi ne¬
316 273 1078 317 jue sunt partes substantiales Sacramenti: neque mandatum Christi¬
304 305 1061 344 expressum habent: non enim dixit Christus: Hoc facite coenati, se
303 338 1070 375 dentes aut stantes, aut tot numero: Itaque in temporis circumstan¬
309 372 1075 411 tia observanda in Coenae Dominicae celebratione non est Ecclesia
306 400 1070 441 Christiana obligata. Quae autem Christus expresse mandavit ea o¬
306 436 1082 474 mittere vel mutare vel corrumpere nefas: & quae prohibuit, ea face¬
307 471 458 513 re est impium
343 485 1060 540 Veteres quidem jejunii maxime tempore, quia totum diem pro
307 532 1076 571 cibus, concionibus & hymnis sacris impendebant, sub noctem Coe¬
301 565 1076 606 nam Domini celebrabant: & Augustini tempore in multis Ecclesiis
298 600 1067 641 in Africa, ut ipse refert, die Jovis ante Pascha, ut magis Christi actio
303 630 1073 674 referretur, noctu atque post Coenam Eucharistia fidelibus dabatur
303 663 1072 706 Sed haec consuetudo sublata est per sextant Synodum Oecumenicam
301 695 745 747 quae Constaatinopoli in Trullo habita.
321 731 1070 769 Matutino autem tempore Eucharistiam distribuere commodius
300 762 1064 798 esse observatum. I. quia facilius est matutino tempore coetum
292 795 1073 835 sacrum habere, quum procedente die multa negotia incidant,
295 827 1070 871 quibus homines a sacris abducuntur. II. quia matutino tempore
294 860 1069 902 magis sobrii sumus, & mentem rebus divinis percipiendis magis ido¬
297 893 649 936 neam & attentiorem habemus
327 924 1060 966 Insuper Coena Domini alicubi quotidie, alicubi certis dierum in
291 961 1066 994 tervallis in mensa Daminica praepatabatur & de mensa Dominici
297 993 1060 1036 sumebatur, etiam tempore Chrysostomi ut liquet ex homilia sexage
301 1024 1070 1060 sima-prima ad populum: & tempore Augustini, ut videre est tracta¬
291 1058 1060 1091 tu 26. in Johannem. Unde Christus quotidie immolari dicebatur, si
300 1090 1063 1124 cut Augustinus Bonifacio scribit, secundo tomo, epistolam vicesima.
303 1123 1064 1155 pertia: Nonne semel immolatus est Christus in seipso, & tamen in Sa¬
300 1149 1102 1196 cramento non solum per omnes Paschae solennitates, sed omni die populis
301 1187 1064 1226 immolatur, nec utique mentitur qui interrogatus, eum responderit immo¬
297 1220 1067 1258 lari? Si enim Sacramenta quandam similitudinem earum rerum qua¬
288 1258 1064 1294 rum sacramenta sunt non haberent, omnino sacramenta non essent. E¬
291 1285 1061 1329 hac autem similitudine tlerunque etiam ipsarum rerum nomina accipi¬
291 1320 1072 1359 unt. Sicut ergo secundum quemdam modum sacramentum corporis.
298 1349 1066 1385 Christi corpus Christi est, sacramentum sanguinis Christi sanguis Chri¬
283 1381 1058 1419 sti est, ita sacramentum fidei fides est. Et certe Coena Dominica est il¬
282 1417 1075 1454 lud ipsum sacrificium quod Christus obtulit, sicut panis est illud ipsum
288 1450 1058 1486 corpus quod Christus tradidit pro nobis, verum sacramentaliter u¬
289 1475 1095 1522 trumque, quia Sacramenta habent quandam similitudinem earum
286 1511 665 1554 rerum quarum Sacramenta sunt.
300 1554 1056 1606 Haec de tempore Coenae Dominicae tum institutae, tum cele¬
423 1590 938 1645 brandae: sequitur de praeparatione ad sa¬
556 1632 806 1684 lutarem eius usum.
328 1685 1072 1735 Antecedere debet Christiana praeparatio fidelis hominis, ante u¬
294 1714 1076 1766 sum Sacrae Coenae. Cavendum enim ne anima sordida ad mensam
312 1762 1075 1802 omini accedamus, ne sordidis vestibus ad nuptias Filii magni illius
303 1793 1076 1842 Regis veniamus; ut ne destituti veste nuptiali, jussu Regis in tene¬
304 1823 575 1866 pras exteriores ejiciamur.
328 1852 1060 1898 Praeparatio autem ad usum sacrae Coenae duplex est: interna & ex
288 1885 358 1928 terna.
326 1925 1073 1967 Praeparatio interna, spiritualis est, quae consistit in recta cognitione
294 1950 1069 1993 dignitatis vel indignitatis utentium pane & vino Domini, & proba¬
289 1989 1069 2026 tione sui ipsius, meditatione attenta beneficiorum Christi & seria in¬
297 2018 444 2059 vocatione Dei,
328 2051 1070 2090 Dignitas & indignitas accedentium ad Sacram Coenam, & utrius¬
297 2083 865 2129 que effectus, est duplex; vel personae, vel tractationis.
318 2116 1057 2170 Differunt enim haec, dignum & indignum esse: & digne vel indi¬
291 2150 730 2192 gne panem & vinum Domini accipere.
328 2182 1064 2228 Dignitas personae, est fides, seu imputata per fidem justitia Christi,
298 2213 1061 2258 quam quicunque habent, digni sunt convivae Christi, & sumunt hanc
285 2249 599 2279 escam ad salutem aeternam.
318 2278 1061 2322 Ergo dignitas personae in fide consistit, ejusque effectum est vita¬
278 2310 478 2351 tio poenae aeterna.
316 2333 1066 2393 Indignitas personae, est infidelitas, quam laborantes indigni sunt hac
282 2380 955 2421 mensa, & sumunt sibi judicium & damnationem aeternam.
318 2409 1051 2459 Dignitas tractationis, est vera reverentia, interna & externa, igno¬
289 2436 1051 2485 scentia, dilectio, seria peccatorum deploratio & resipiscentia, medita
288 2476 1059 2522 tio beneficiorum Christi, discretio corporis Domini & gratiatum a¬
289 2505 1066 2552 ctio, & vitatio scandalorum omnium. Eaque locum habet in solis fi¬
283 2536 371 2578 delibus.
323 2556 1061 2620 Ergo digne manducant panem & bibunt poculum Domini, non
287 2601 1062 2649 qui omni peccato carent, quales nulli sunt in terra, & omnes natura
282 2636 1056 2682 sumus indigni tanto beneficio & non idonei ad haec mysteria perci¬
282 2673 1060 2719 pienda: sed 1. qui indignitatem suam nativam agnoscunt & deplo¬
282 2705 1051 2747 rant & e contrario dignitate Christi nituntur. 2. qui corda habem
291 2730 1055 2773 tes fomelica & sitientia Dei gratiam, confugiunt ad Christum tan¬
296 2766 1065 2816 quam unicum promum & condum panis vitae & fontem potus
289 2801 1048 2839 vitae: & hujus fiducia eriguntur, firmaque assensione statuunt, se pro¬
296 2829 1057 2879 pter Christum a Deo in gratiam recipi & bonorum in Evangelio
291 2865 1055 2909 promissorum compotem fieri, videlicet communionis corporis &
292 2894 1057 2942 sanguinis Christi participatione meriti & efficaciae ipsius, justitiae
286 2929 1060 2971 per fidem imputncae, teissionis peccatorum, renovationis per Speri¬
288 2959 1058 3003 tum Sanctum & vita: aeternae. 3. quibus firmum est propositum &
289 2981 1053 3044 serium constaneque studium obediendi Deo tota vita, omnibus que
285 3019 1059 3069 actionibus internis & externis: ac proinde charitatem erga Deum;
295 3049 1042 3103 & proximuni habent atque exercent, omnia sua cogitata, dicta atqui
295 3075 1046 3134 facta ad Dei,aloriam daigunt: tum iras, inimicitias & odia remit
286 3109 1037 3157 tunt, ut praecigitur Hatth. 5. v. 24. Omitte munus tuum corum nita
285 3145 1043 3194 ri, & abi: primum reconcilintor fratrituo, & tunc ubi veneris effer
1109 180 1917 230 munus tuum: proximos suos juvant & pro eis ad exemplum Christi,
1132 210 1907 257 se impendere parati sunt. 4. qui missione Filii Dei in carnem, obedi
1129 246 1916 296 entiam & satisfactionem ejus plenissimam in vita & in morte ejus.
1132 282 1916 326 redemtionisque beneficium totum gratis animis recolunt & pro eo
1134 311 1920 357 Deo gratias agunt. 5. qui confessionem nominis Christi libere &
1128 341 1926 392 intrepide edunt, sic ut promti sint ac non dubitent, si necesse sit, mori¬
1125 378 1910 434 & vitam suam profundere pro Christo qui pro ipsis mori & sanguit
1131 411 1664 450 nem suum pretiosum profundere dignatus est,
1161 438 1919 487 Proinde fideles, propter peccatum originale in quo concepti & na¬
1140 466 1904 516 i sunt, & propter lapsus priores, usum sacrae Coenae refugere non de
1125 506 1911 561 bent, si modo serio resipiscant: quia ipsis ideo hoc tantum pignus:
1128 537 1921 586 Deo datur, ut fides de remissione peccatorum velut ignis in cinere
1141 580 1916 617 opitus accendatur, confirmetur, alatur, augeatur & usque ad finem
1138 610 1922 652 perseveret: & mens reconciliata Deo & de reconciliatione cum Deo.
1138 644 1925 696 per usum Sacrae Coenae confirmata rursus eum invocet & ei in poste¬
1133 667 1469 708 tum bonam conscientia serviat
1158 703 1919 763 Indignitas tractationis, est irreverentia seu irreligiosa tractatio¬
1156 733 1352 770 oenae Dominicae.
1167 766 1909 818 Ea semper quidem in personas indignas, aliquando tamen etiam
1131 796 1409 843 in convivas dignos cadit.
1155 833 1623 878 Ideo duplex est: alia in impiis, alia in piis.
1156 861 1907 915 Indignitas tractationis in impiis, est privatio & absentia verae reve¬
1129 901 1914 950 rentiae internae & externae, ignoscentiae, dilectionis; seriae peccatorum
1119 931 1906 981 deplorationis & resipiscentiae, meditationis beneficiorum Christi &
1135 972 1916 1012 gratiarum actionis, discretionis corporis Domini, & vitationis scan¬
1135 997 1331 1037 lalorum omnium.
1156 1031 1919 1078 Indignitas tractationis in piis, est negligentia & frigidior sensus in
1141 1060 1317 1109 xploratione sui.
1155 1092 1927 1142 Et si enim pii revera edunt panem Domini & panem Dominum,
1128 1129 1927 1168 ac proinde edunt salutem aeternam, immunes a judicio aeterno: ta
1128 1167 1926 1198 men irreverenter accedentes ad mensam Domini, id est, negligenti¬
1137 1202 1926 1233 is & frigidius se explorantes, edunt sibi judicium temporale, hoc est,
1129 1235 1926 1273 offendunt Deum, & castigationibus variis in hac vita revocantur ad
1128 1268 1925 1309 emendationem horum peccatorum, eo quod non discernant corpus,
1137 1293 1924 1339 Domini, id est, non habeant eam illius rationem quam debebant. Ita,
1128 1325 1924 1363 Paulus Corinthios irreverenter accedentes ad mensam Domini, et¬
1125 1358 1903 1407 iam aliquos vere conversos, terret comminatione poenae temporalis
1123 1393 1798 1431 & tamen rursus erigit consolatione 1. Cor. 11. v. 30, 31, 32.
1161 1421 1922 1463 Nam etiam fideles saepe peccant hoc genere negligentiae & secu¬
1128 1454 1922 1498 ritatis: & licet salus eorum aeterna non fit irrita, tamen in hac vita¬
1128 1489 1921 1529 dupliciter castigantur. Docet hoc Apostolus diserte cum Corinthios
1119 1524 1922 1569 irreligiosa tractatione Coenae Domini, sive affectibus, sive ignoran¬
1120 1557 1913 1599 tia peccantes, tamen appellat fratres, & eos dicit castigari a Domino¬
1118 1594 1910 1631 morbis & morte temporali, propter hanc culpam: ne cum hoc mun¬
1128 1618 1909 1664 do condemnentur. I. Cor. 11. 30, 31, 32. sicut 1. Cor. 3. v. 12. dicit, ex¬
1126 1653 1920 1705 struentes foenum & stipulam super fundamentum, quod est Christus,
1131 1683 1667 1734 servandos quidem esse, ita tamen ut per ignem
1155 1717 1909 1761 Hujus indignitatis est quidem aliquid in omnibus fidelibus, sed
1123 1741 1912 1792 in aliis plus, in aliis minus: & habentibus studium eam vitandi, & re¬
1132 1784 1828 1826 tinendi bonam conscientiam condonatur propter Christum
1153 1818 1909 1855 Ideoque requiritur exploratio utriusque dignitatis: ut non modo
1128 1853 1900 1896 aeternam, sed etiam temporariam DEIIram & poenam effugiamus
1116 1879 1291 1925 I. Cor. 11. v. 28.
1225 1932 1802 1992 De probatione suiipsius ante usum Coenae Do¬
1469 1977 1542 2026 mini.
1149 2029 1907 2079 Probatio seu examen suipsius duabus rebus constat: prima, est an
1119 2061 1903 2103 sis in fide, an intelligas articulos fidei, promissionem Evangelii, & do¬
1116 2102 1906 2137 ctrinam de Sacramentis. Hic Lydius lapis est symbolum Apostoli¬
1117 2139 1899 2178 cum, seu doctrina Evangelii. Hic eximenda est populo opinio, qua
1122 2169 1903 2202 multi imbuti sunt, qui arreptis tribus verbis, Hoc EST CORIUS,
1128 2202 1900 2234 MEUM, opinantur non esse necessarium diligentius naturam Sacra¬
1122 2237 1897 2268 mentorum scrutari, se simpliciter credere velle. At hoc non est crede¬
1129 2267 1897 2301 re, sed errare, & quidem obstinate errare, si constituisti, te nolle quic
1125 2301 1905 2334 quam discere, te nolle in veritatis cognitione proficere. Si recte cre¬
1124 2334 1907 2368 dere vis, intelligas oportet quid credas: nam fides est certa notitia.
1123 2362 1897 2402 Quem enim fructum percipient ex usu Sacramentorum ii, qui natu¬
1120 2402 1664 2434 tam & usum eorum nunquam recte didicerunt?
1152 2422 1901 2466 Altera probationis pars versatur in exploranda vita. Hic Lydius
1111 2453 1903 2498 lapis est Decalogus, hoc est, explorandum qualis fuerit vita tua, quam
1110 2495 1904 2533 a Lege Dei aliena, qualis debobat esse: an praestiteris quae Deo in ba¬
1115 2527 1904 2566 ptismo promisisti, an Deum supra omnia diligas, & proximum sicut
1117 2561 1895 2597 teipsum, hoc est, an facias, & deinceps facturus sis quae Deus praecepit,
1116 2591 1894 2623 & fugias atque fugiturus sis quae Deus probibet: an habeas firmum
1113 2623 1901 2662 propositum emendandi vitam, & instituendi eam secundum verbum;
1116 2661 1897 2691 Dei. Si qui talem inclinationem sentiunt, hortandi, ut ad Sacram coe¬
1117 2690 1895 2728 nam eant. Reliqui, qui neque intelligunt doctrinam promissionis E¬
1122 2724 1898 2761 vangelii & Sacrameniorum, nec cupiunt vitam emendare, sed ani¬
1123 2754 1885 2794 mum habent perseverandi in delictis, dehortandi, ne adeant Sa¬
1114 2789 1656 2827 cram Coenam, ne sibiipsis judicium manducent
1147 2811 1886 2852 Praeter probationem sui ipsius necessaria est beneficiorum Chri¬
1117 2842 1898 2883 sti attenta meditatio, ut per illam anima excitetur ad invocationem
1113 2882 1895 2916 Dei seriam & ex intimo affectu proficiscentem, quam exoretur a Deo
1114 2915 1892 2951 peccatorum temissio vera resipiscentia, gubernatio per Spiritum
1113 2950 1895 2994 Sanctum, salutaris usus Coenae Dominicae, & perseverantia in com¬
1101 2980 1315 3018 munione Christi.
1185 3019 1808 3075 Sic fuit de interna praeparatione ad usum Coenae¬
1416 3060 1564 3106 Dominicae.
1140 3093 1889 3138 Externa praeparatio, est quae consistit in lectione Sacrae Scripturae;
1105 3132 1880 3171 & scriptorum utilium de Sacramentis & in specie de Coena Domi¬
1108 3166 1892 3202 ni: in auscultatione concionis proparascevastitae, seu praepatatoriae,
