2063 3403
256 143 1063 201 um idololatri eorum, & superstitionum: qualia illos facturos mitacula A
252 194 1041 235 praedixit Christus Matth. 24. Paulus 2. Thesi. 2. 9. & lohannes Apo¬
261 227 433 267 cal. 13. v. 13, 14.
292 251 1025 299 Nec vera sunt miracula Exorcistarum Papisticorum, qui ad sepul
240 292 1037 322 cra sanctorum & reliquias eorum conantur daemonia ex hominibus.
255 322 1034 354 pellere. Omnia ibi ficte aguntur: absque fide mortui invocantur & dia¬
244 354 1040 397 bolus cum idololatricis colludit, fingitque se exorcismis illorum cede¬
235 386 551 430 TIre, ut idololatria retineatur
285 414 1030 454 Nec sunt miracula, Monachorum maleficia: quale est stigmatiza¬
250 447 1061 498 tio Francisci Bernardonis, item novitii cuiusdam Monachi Domini¬
244 486 530 521 cani Bernae Anno 1509.
285 509 1023 555 Minime omnium sunt miracula qualia plurima a Monachis & ali
249 548 1024 594 is Papistis ementita celebrantur, ut sunt miracula reliquiarum, imagi
253 587 890 618 num ligni crucis, signi crucis, sanctorum mortuorum, &
279 608 1018 658 Miracula non constant magnitudine operum: maius quippe alie
247 652 1028 694 quin est opus, universam hanc machinam orbis gubernate, quam cae¬
248 675 643 720 co visum, quo destituitur, restituere
280 708 1029 746 Miraculorum donum non est gratia salvifica nec homines melio¬
246 741 1033 781 res & Deo gratiores efficit, quia multi qui miracula fecerunt etiam in
253 776 1030 818 nomine Christi, repellentur a Christo & gehennae infernali adiudica¬
253 807 505 850 buntur, Matth. 7. v. 23.
276 837 1033 881 Miracula non sunt sufficiens vel doctrinae verae vel vitae sanctae te¬
243 866 681 912 stimonium, 2. Thess2. 9. Apoc. 16. 14.
259 901 1015 946 Miracula non sunt a verbo Dei separanda. τό γο κηρυγμα δια θκυμο
246 939 1028 980 τονφεζαιθται, τα δα δανματα δια το κηιθγμαςος, ωολλοι γο πολλακισ
244 965 1024 1008 δαυμαλα θποιησαν δο δασκονον, αλο κε δα ἀυτῶν τόκήεθγμα υγιες, δι
241 1005 1034 1046 Sδε τα θεθμαια ωυτν δο θεό, ait Theophyl. in Luc. cap. 9. hoc est,
243 1036 1028 1072 praedicatio enim per miracula confirmatur, miracula vero per praedicatio.
246 1068 1027 1109 nem, Multi enim saepe miracula fecerunt opera demonum, sed non erat
244 1101 1005 1142 praedicatio eorum sana: propterea neque miracula eorum a Deo erant.
274 1127 1028 1178 Miracula non sunt notae ac signa purae atque Orthodoxae Ecclesiae;
238 1164 627 1209 ut sequentia argumenta evincunt.
272 1198 1031 1244 I. Quia communia sunt bonis & malis, Christianis & Ethnicis;
256 1221 944 1273 Orthodoxis & haereticis, Deut. 13 v. 1, 2, 3. Matth. 7. v. 22, 23
277 1268 1035 1314 2. Quia seducunt & ad mendacium pertrahunt illis potius creden¬
238 1291 734 1330 tes quam Sacrae Scripturae, Matth. 24. v 24.
274 1331 1031 1376 3. Quia ab illis ut nobis caveamus praemoniti sumus, Deut. 13. 1,
246 1355 512 1398 2, 3. Matth. 14 v. 24. 2.
265 1397 1035 1439 4. Quia illa ne quide discipuli Christi seu Apostoli. qui certe ortho¬
233 1422 1057 1474 doxa Ecclesia erant, semper facere potuerunt: non enim potuerunt sa¬
239 1454 685 1498 nare lunaticum Matth. 17. v. 16, 17, 19.
337 1500 944 1552 MIRACULORUM COM PARATA
277 1541 1033 1608 Miracula non sunt Sacris Scripturis autoritate paria, multo minus
240 1575 356 1628 superiora.
276 1620 1027 1662 I. Quia a mitaculis Deus ad Scripturas Sacras nos revocat Deut,
246 1653 1028 1698 13. v. 1, 2, 3, 4 Jesa. 8 v. 19, 20. Quum enim edicunt vobis, consulite Py¬
249 1686 1024 1721 thones aut ariolos, qui pipiunt aut qui mussitant: nonne populii Deus sui
253 1718 1034 1763 lum consulturus est? pro viventibus mortuos consulat? Legem & contesta¬
244 1751 1016 1795 tionem consulunto: an non loquuntur in sententiam illam cuicunque
243 1786 1024 1818 nulla est lucis scintilla? Matth. 12. 38, 39. Tunc responderunt quidam?
253 1814 1027 1859 Scribis ac Phariseis, dicentes, Magister, velimus ex te signum videre. Ipse
244 1851 1028 1887 veror spondens, dixit eis, Gens improba & adulterina signum requirit,
244 1881 1020 1926 sed signum non dabitar ei nisi signum illud Ionae Prophetae. Et cap 1624.
255 1909 1025 1952 Sens improba & aduterina signum requirit: sed signum non dabitur ex
244 1939 1020 1985 nisi signum illud Ionae Prophetae. Luc. 16. v. 27. & sequentibus. Dicit di¬
253 1972 1023 2021 ves in inferno, Rogo te igitur pater, ut eum mittas in domum patris mei.
253 2005 1029 2055 Habeo enim quinque fratres, ut hoc attestetur eis, ne & ipsi veniant in
244 2040 1011 2086 hunc locum tormenti: Dicit ei Abrahamus, Habent Mosen & Prophe
253 2075 1019 2110 tas: audiant eos. Ille vero dixit, Non, pater, Abrahame: sed si quis e mor¬
244 2107 1024 2151 tuis abierit ad eos, resipiscent. Abrahamus autem dixit ei, Si Mosen &
247 2138 1020 2191 Prophetas non audiunt, ne si quidem quispiam ex mortuis resurgat, per¬
242 2164 386 2210 suadebuntur.
280 2189 1034 2249 2. Quia in miraculis potest inveniri mendacium & falsitas, sicut
241 2238 1025 2276 Antichristi mitacula a Paulo appellantur signa & prodigia mendacia
253 2269 1028 2314 . Thessal. 2. 9. Sed Scripturae sanctae nequaquam sunt mendaces &
250 2293 305 2330 falsae
276 2332 1029 2381 3. Quia mitacula decipere & seducere possunt, Matth. 24. v. 24.
250 2357 1013 2410 Excitabuntur enim pseudochristi & pseudoprophetae, & edent signa ma¬
247 2399 1022 2457 gna & miracula: ita ut seducant(si fieri possit) etiam electos. At Scriptu¬
243 2428 745 2466 rae Sanctae neminem decipiunt & seducunt.
274 2454 1016 2507 . Quia mitacula revera non sufficiunt ad fidem confirmandam
240 2488 1031 2542 absque Sacris Scripturis: Sacrae Scripturae autem sufficiunt ad fidem
253 2525 1032 2576 & producendam & confirmandam etiam absque miraculis. Sic enim
240 2557 1033 2600 legitur Luc. 16. 31. S: Mojen & Prophetas non audiunt, ne si quidem
246 2588 1037 2643 quispiam ex mortuis resurgat, persuadebuntur. Et Joh. 20. 29. Beati qui¬
249 2617 566 2656 non viderunt & crediderunt.
275 2654 1016 2700 5. Quia doctrina praeite, miracula subsequi debent, ut patet ex in¬
248 2676 1024 2732 stitutione ministerii Ecclesiastici Marc. 16. v. 15. usque ad finem capitis
276 2716 1027 2764 Miracula igitur sunt postponenda doctrinae, sic ut veritas doctrinae
252 2741 1021 2797 & religionis mitaculis ipsis praecat: ideo prius de doctrina judicium ex
250 2777 1028 2828 Saeris literis faciendum: antequam miracula acciperentur: miracula
250 2817 1022 2862 ex doctrina judicanda sunt, non doctrina ex mitaculis: ac si doctrina
259 2847 1027 2892 cum Sacris Scripturis consentiat, illi vel citra mitacula credendum est,
247 2877 1021 2924 qui secerunt qui crediderunt Johanni Baptistae praedicanti, sed nulla mi¬
251 2908 1027 2963 ratum facienti: ut fecerunt Beroeenses; Act. 17. v 11, 12. Iis autem Iu¬
267 2936 1031 2994 lis qui rant Thessalonicae, fuerunt isti generosiores, ut qui receperint
258 2966 1026 3026 Sermonem cum omni alacritate, quotidie examinantes Scripturas an hae
258 3000 1030 3058 ita se habere. t. Multi igitur crediderunt ex eis, & Graecarum mulierum
258 3027 659 3081 hnorat rum & virorum non pauci¬
295 3061 1017 3121 Si vero doctrina a Sacris literis aliena fuerit, & idololatriam sua
261 3084 1027 3161 serit, non est praeconibus eius fides adhibenda, non est eis auscultandum
1052 163 1870 211 Aetiamsi miracula ederent: sic enim praecepit Dominus Deut. 13. versib.
1095 197 1871 242 primis quinque: Quum surgens in medio tui Propheta, aut somnians som¬
1077 237 1877 277 nium, ediderit tibi signum aut prodigium, Quamvis eveniat signum illud
1083 267 1877 314 aut prodigium quod praedixerat tibi dicendo, sequamur Deos alienos quo-
1084 297 1876 342 non noveras & colamus eos: Ne auscultato verbis Prophetae istius, aut ist.
1089 327 1871 376 somnianti somnium: quia tentat Iehova Deus vester vos ad cognoscen¬
1096 358 1880 408 lum an sitis amantes Dei vestri ex toto corde vestro, & ex toto animo ve¬
1092 390 1880 439 tro. lehovam Deum vestrum sequimini, & ipsum timete: & mandata e¬
1084 424 1875 473 ius observate, ac voci eb auscultate, eumque colite & adhaerete ei. Propheto
1087 462 1879 499 autem iste, aut somnians somnium iste plectitor morte, quia suasit apo¬
1090 485 1878 539 stasiam contra Iehovam Deum vestrum: qui eduxit vos e terra AEgypti.
1087 518 1879 563 & qui redemit vos e domo servorum, depulsurus te a via quam praestitu¬
1086 554 1879 605 it tibi Iehova Deus tuus ut ambules in ea: ita sustuleris illud malum e
1078 583 1187 618 medio tui
1122 617 1884 665 Proinde mitacula, si quae eduntur, tum acceptanda sunt, & Deus ob
1087 642 1885 696 illa laudandus quum doctrina cui confirmandae adhibentur, est vera: quum
1080 685 1870 733 aute doctrina falsa est & sacris literis adversas, tu miracula una cum pa¬
1089 717 1862 765 tratore illorum & cum doctrina ipsa falsa aversari & detestari necesse est.
1118 748 1874 802 Miraculis maiora sunt fides, spes, charitas, ut Chrysostomus ait ho¬
1078 784 1576 820 milia quadragesima in Acta Apostolorum
1101 814 1881 865 Miracula sunt aliquo modo Sacramentis similia. Nam I. utraque
1093 850 1886 900 promissionibus divinis confirmandis a Deo ut sigilla quaedam addita;
1086 877 1874 934 fuerunt: proinde utraque sunt promissionum divinarum arrhae &
1077 913 1403 948 fidem nostram confirmant.
1123 950 1882 995 2. Neutra per seipsa sufficiunt absque verbo Dei: quemadmodum
1083 973 1874 1027 sigilla nihil prosunt, nisrapposita instrumento quod authenticum red
1084 1010 1796 1063 dendum. Sacramenta autem & miracula sunt sigilla doctrinae¬
1113 1047 1873 1090 3. Sicut Sacramenta nihil commodi conferunt, sed iudicium affe¬
1082 1083 1880 1122 runt, nisi fide sincera percipiantur: ita mitacula nihil prosunt, sed mul¬
1077 1115 1873 1154 tum nocent, nisi doctrina cui stabiliendae accedunt, sit vera atque sancta
1087 1150 1875 1192 4. Utraque probatione opus habent, ut vera a falsis discernantur. Nam
1089 1180 1880 1225 ut non quaevis miracula sunt acceptanda: ita nec Sacramentis quomo¬
1084 1206 1481 1250 docunque administratis utendum
1123 1241 1873 1293 Eadem disserunt 1. Natura. Nam vera miracula, sunt opera inusita
1077 1277 1879 1322 ta, hoc ipsum quod demonstrant exsistentia & res ipsas exhibentia, ad
1081 1311 1877 1357 quae hominum mentes obstupescunt: Sacramenta autem maxime in
1088 1341 1881 1386 Novo Testamento sunt opera usitata ex usu quotidiano desumta¬
1089 1379 1877 1423 quae nihil stuporis: afferunt, aliud exsistentia, aliud significan¬
1078 1409 1118 1443 tia.
1116 1442 1875 1488 2. Cauta administra. Nam administri miraculorum sunt certi¬
1087 1468 1877 1519 iique tam laici esse possunt quam ministri verbi: sed Sacramentorum.
1083 1510 1880 1554 administri sunt omnes & soli ministri Ecclesiae, veluti Pastores, pres¬
1076 1534 1274 1577 byteri & diaconi¬
1105 1577 1881 1616 3. Fine&. Nam miracula credentibus & incredulis exhibentur, ut
1093 1600 1875 1650 nos vel percellant & ad fidem praeparent: proprio sensu convictos, vel
1081 1630 1876 1674 inexcusabiles reddant, illos in fide confirment: Sacramenta autem in¬
1077 1665 1879 1715 stituta sunt solis fidelibus confirmandis & evehendis a sensu ad spiri¬
1083 1698 1602 1738 tum, ab opinione ad fidem, e terra in coelum
1120 1731 1878 1776 4. Subiecto eνφ. Nam mitaculum ad certam aliquam personam.
1090 1765 1877 1813 pertinet, in qua perpetratur: At Sacramenta ad universam Ecclesiam
1086 1791 1187 1836 spectant:
1116 1829 1871 1881 5. Subjecto citca quod. Nam in mitaculis gratia Dei patet, in Sa¬
1086 1858 1335 1896 cramentis autem later
1108 1897 1883 1945 6. Tempore. Miracula sunt extraordinaria & certi temporis, hoc
1084 1918 1870 1970 est, quae ad tempus in Ecclesia durare debuerunt ac proiude non sem¬
1086 1963 1877 2003 per necessaria sunt: At Sacramenta in primis in Novo Testamen¬
1083 1995 1886 2047 to, sunt opera ordinaria pertinentia ad omnia tempora, ac proinde
1079 2021 1616 2070 in usu usque ad consummationem seculi posita.
1117 2061 1871 2098 7. Relatione ad totum. Miracula non sunt pars ministerii Evan¬
1090 2087 1871 2139 gelici: At Sacramenta sunt pars ministerii Evangelici, in quo Chri¬
1080 2112 1869 2167 stus ordinatione certa ac perpetua agit non faciens mutationem ali¬
1086 2156 1868 2202 quam miraculosam in natura aut naturalibus qualitatibus signo¬
1084 2187 1142 2227 rum,
1191 2237 1753 2289 MIRAGULORUM DISTRIBU,
1382 2280 1536 2323 TIONES
1114 2303 1884 2370 Miracula e causis efficientibus sunt opera Dei vel immediata vel
1075 2343 1179 2379 mediata.
1101 2380 1871 2434 Immediata, sunt quae Deus sola sua virtute absque ullius creaturae
1081 2409 1526 2455 ministerio edidit: ut erat mannae pluvia
1104 2445 1871 2498 Mediata, sunt quae Deus adhibito ministerio Angelorum vel ho¬
1072 2472 1250 2514 minum effecit,
1120 2509 1828 2553 Miracula mediata sunt quadruplicia e formis seu modis illorum
1102 2549 1871 2585 I. quaedam precibus a Deo impetrata sunt, quemadmodum Moses.
1084 2580 1872 2626 tanas & alias quasdam plagas intercedens pro Pharaone abegit, Exod.
1073 2603 1873 2650 8. v. 12, 13. & v. 30, 31. c. 9. v. 23. Elias Propheta a Deo precibus impe¬
1074 2643 1877 2691 travit ignem, qui e coelo decidens holocaustum consumsit, I Regum
1089 2675 1868 2714 18. v. 30, 37, 38. Jesaias Propheta inclamavit Iehovam, ut retrocederet
1089 2708 1881 2761 ambra decem gradibus in solario Achazi, pariter retrocedente Sole,
1085 2732 1361 2780 2. Reg. 20. 11. Iesa. 38. &
1102 2769 1868 2814 2. Quaedam iussu atque imperio Christi aut sanctorum hominum
1089 2796 1865 2853 venerunt: quemadmodum Christus obiurgavit ventum, dixitque
1077 2838 1874 2886 mari. Sile obmutesce: Tum quievit vetus factaque est tranquillitas ma¬
1086 2865 1873 2909 gna, Marc. 4. 39. Iosua Soli & Lunae mandavit. ut subsisterent tantispex
1077 2905 1865 2947 donec vindicata esset gens Israelitica ab hostibus suis Iosu 10 12. Elia;
1073 2930 1861 2971 imperavit ut ignis de coelo descenderet & ministros crudelitatis Iora¬
1077 2961 1867 3006 mi Regis Israe titarum devoraret, 1. Regum 1. v, 9. Sic Petrus sanavit
1085 2995 1875 3047 claudum, dicens ei, In nomine Iesu Christi Nazaraei surge & ambula.
1088 3025 1867 3070 Act. 3. v. 6. Sic Paulus expellens Pythonis spiritum ex ancilla quadam
1081 3055 1872 3109 dixit ei: Mando tibi per nomen Iesu Christi, ut excas ab ea. Extit igitur
1079 3093 1864 3138 eodem illo momento, Actorum decimosexto versiculo decimo octae
1076 3124 1119 3162 vo.
