2063 3433
252 189 1054 242 v. 29. Et prodibunt, qui bona fecerint in resurrectionem vitae: qui vero
252 226 773 276 mala egerint, in resurrectionem condemnationis,
286 245 1038 301 Unde e finibus duplex est resurrectio: alia vitae seu ad vitam, alia
243 291 1040 342 judicii seu ad judicium. Resurrectionis ad vitam causa est meritum
247 323 1041 368 Christi, & vis resurrectionis ipsius, id verbum Dei testatur, Rom. 8.
252 358 1039 399 vers 11. & cap. 6. v. 5. & sequentibus. Idem obsignant & confirmant
241 399 1036 437 nobis Sacramenta Baptismus & Coena Domini. Resurrectionis au¬
243 423 968 473 tem ad judicium causa est decreti divini necessitas & efficacitas
278 454 1040 500 Subjectum resurrectionis sunt omnes homines cujuscunque sexus &
262 489 1028 537 etatis, quicunque inde ab initio usque ad finem mundi fuerint mortur
262 518 1054 564 Joh. 5. vers. 28. Ac proinde abortivi etiam foetus, qui cum jam vixis¬
250 551 1046 597 sent in utero materno, ibi sunt mortui. Vide Augustinum lib. 20. de
258 591 488 638 Civitate Dei, cap. 13.
277 610 1031 665 lique tum pli, tum impii: unde e subjectis resurrectio est tum ju¬
245 652 1039 698 storum, qui nατ εξοχl filij resurrectionis dicuntur Luc. 20. vers. 36.
240 691 592 737 tum injustorum, Act. 24. v. 15.
279 716 1043 759 Non erit autem resurrectio animalium brutorum: quia nec ad
247 756 1030 795 immortalitatem condita sunt, nec illorum animae extra corpus ma¬
236 786 1040 831 nent superstites, sed una cum corporibus ipsis extinguuntur. Quod
243 818 1020 864 vero Rom 8. 21. dicitur, conditum mundum liberatum iri ex servitu.
240 851 1034 894 te corruptionis ad libertatem gloriae filiorum Dei: id non de brutis ani¬
234 891 1028 930 mal bus intelligitur; sed de coelesti machina mundi, & aetherea regio¬
237 918 1034 959 ne, quae asserentur in statum illum felicem incorruptionis a corrupti¬
237 962 901 996 one, cui nunc sunt propter peccatum hominis mancipatae
268 988 1030 1025 Resurget totus quidem homo ολως consideratus, at non totum ho¬
241 1019 1043 1057 minis: quia non anima, sed corpus surget quod ceciderat: ideo in
236 1053 709 1105 symbolo credimus carnis resurrectionem
276 1091 1031 1137 Idem numero corpus uniuscujusque quod in hac vita habuit & ge¬
234 1119 898 1161 stavit resurget ex mortuis, & non aliud, Job. 19. v. 26, 27.
271 1149 1025 1198 Ratio I. Quia unusquisque reportabit in corpore sive bonum,
246 1189 653 1235 ve malum quod fecit, 2. Cor. 5. v. 16.
270 1217 1039 1264 II. Quia absurdum esset aliud corpus ornari corona gloriae
249 1252 1048 1299 quam in hac vita passum est; & aliud puniri, quam peccavit in hac vi¬
276 1314 1039 1365 III. Quia etiam idem numero corpus Christi resurrexit quod
231 1355 809 1399 in cruce mortuum & in sepulcro positum fuerat.
275 1379 1045 1429 IV. Quia sic decretum a Deo, ut hoc mortale corpus resurgat:
236 1420 1036 1457 sic enim Paulus ait 1. Cor. 15. 53. Oportet corruptibile istud induere in¬
231 1458 929 1494 corruptibilitatem, & mortale istud induere immortalitatem
267 1486 1042 1526 Resurgemus autem corporibus immortalibus, incorruptibilibus,
234 1520 1037 1566 gloriosis, potentibus, spiritualibus; quemadmodum Paulus docet, 1
242 1555 1043 1595 Cor. 15. vers. 35. & sequentibus: At dicet aliquis, Quomodo suscitan¬
231 1589 1038 1627 tur mortut? quali autem corpore prodeunt? Desipiens, quod tu seris, non
243 1620 1039 1659 viviscit, nisi mortuum fuerit: Et quod seris, non corpus oriturum seris;
246 1653 1039 1691 sed nudum granum, si casus tulerit, tritici aut alicujus ex reliquis semi¬
239 1685 1039 1718 nibus. Sed Deus ei dat corpus, ut voluit, & singulis seminibus suum cor¬
245 1719 1040 1757 pus. Non omnis caro, eadem caro, sed alia quidem caro hominum, alia
237 1753 1036 1792 autem caro pecorum, alia autem piscium, alia vero volucrium. Et sunt.
246 1785 1037 1823 corpora coelestia, & sunt corpora terrestria: sed alius quidem coelestium
238 1818 1031 1858 decor, alius vero terrestrium. Alius decor Solis, & alius decor Lunae: &
246 1846 1034 1886 alius decor stellarum: stella enim stellae praestat decore. Ita erit & resurre¬
240 1886 1033 1921 ctio mortuorum: seritur corpus cum corruptione, suscitatur cum incor¬
241 1915 1028 1949 ruptione: seritur foedum, suscitatur cum gloria: seritur omnium viri
232 1950 1040 1988 um expers, suscitatur potens: seritur corpus animale, suscitatur corpus
231 1985 1030 2027 spirituale: Est corpus animale& est corpus spirituale. Ita etiam scriptum
229 2017 1033 2051 est: Factus est prior homo Adamus animal vivens: posterior autem
232 2050 1028 2090 Adamus factus est spiritus vivificus. At spirituale non est prius, sed ad
241 2083 1028 2121 nimale, deinde spirituale Primus homo e terra, pulvereus: secundus ho¬
234 2112 1027 2151 mo, ipse Dominus e coelo. Qualis pulvereus ille, tales & pulverei sunt
239 2149 1034 2185 & qualis ille coelestis, tales & qui coelestes erunt. Et sicut gessimus ima¬
231 2184 1046 2233 ginem terreni, geremus etiam imaginem coelestis. Et talia quidem erunt:
231 2212 449 2254 corpora justorum
273 2234 1031 2288 Injustorum vero corpora immortalia quidem & incorruptibilia.
237 2277 1030 2314 resurgent, sed passibilia: quia cruciatibus & doloribus ineffabilibus
235 2314 1043 2354 afficientur ut puniantur. Recipient corpora non ad ornamentum, ut
238 2344 518 2387 justi, sed ad tormentum.
277 2373 1025 2417 Resurrectio universalis erit quidem ultimo die mundi, juxta dicta
246 2411 1027 2445 Joh. 6. v. 44. Ego suscitabo eum in novissimo die: & Joh. 11. 24. Mar¬
248 2444 1033 2480 ha de fratre suo Lazaro dicit, Scio resurrecturum in resurrectione ulti¬
238 2477 1024 2529 mo illo die. Quando autem dies ille futurus sit, occultum nobis est
250 2507 384 2548 Deus voluit
267 2542 1039 2585 Eadem erit manifesta & gloriosa; non occulta, non trepida. Fiet
232 2577 1028 2617 enim spectantibus omnibus, Angelis & hominibus cum letitia pio¬
235 2611 546 2652 rum & horrore impiorum
271 2643 1035 2687 Dicitur resurrectio secunda, ut discernatur a resurrectione prima: haec
240 2676 1034 2722 enim est animarum vivificatio ex morte peccati, & fit in hac vita: illa,
237 2709 955 2742 est corporum vivificatio e pulvere terraa, & fiet in extremo die:
266 2741 1027 2776 Differt a resurrectione particulari, qualis fuit quorundam particu¬
236 2767 1019 2816 larium hominum tum in Veteri, tum in Novo Testamento, ut fili
236 2808 1027 2849 viduae Sareptanae excitati ab Elia 1. Reg. 17. v. 22. filii mulieris Suna¬
234 2842 1019 2880 mitidis 2. Reg. 4. 33. Lazari Bethaniensis Joh. 11. 43. & aliorum quo
237 2873 1031 2917 rundam; quia hi rursus mortui sunt: atqui in ultimo die resurgent,
238 2905 710 2940 corporali morte non amplius morientur.
273 2938 995 2981 Meditatio universalis resurrectionis mortuorum est utilissima:
271 2968 1028 3014 I. Quia resurrectio illa est efficax solatium adversus omnes ca¬
235 2995 1018 3046 lamitates, persequutiones, morbos, contemtum, adversus dolorem
233 3034 1026 3082 nostrum ex morte amicorum, 1. Thess. 4. 13. adversus terrorem mor¬
234 3058 410 3105 tis imminentis:
269 3093 1012 3146 II. Quia nos admonet, ut sanctorum corpora in honore habea¬
234 3129 791 3178 mus, & honorifice sepeliamus spe resurrectionis:
1288 212 1694 267 CAPUT LXVII.
1131 277 1847 340 In quo de immutatione superstitum quos ultimus.
1325 328 1654 396 ille dies deprehendet.
1116 389 1904 441 MMUTATIO superstitum quos ultimus ille dies deprehendet in
1125 437 1904 474 hac vita, est opus Dei, quo illi qui in adventu Domini ad judicium
1128 470 1892 505 universale adhuc vivi in terris reliqui erunt, momento & jactu o¬
1092 508 1897 549 culi, ad ultimam tubam mutabuntur, ut renoventur & deposita cor¬
1098 540 1892 574 ruptione & mortalitate consequantur incorruptibilitatem & immu¬
1090 573 1898 612 tabilitatem. 1. Cor. 15. v. 51, 52, 53. Ecce, mysterium vobis dico, Non o¬
1093 610 1904 643 mnes quidem obdormiemus: sed omnes mutabimur, momento & jactu
1093 635 1892 674 oculi, ad ultimam tubam. Canet enim tuba, & mortui excitabuntus
1090 673 1904 707 incorrupti, & nos mutabimur. Oportet enim corruptibile istud induere
1086 708 1812 738 incorruptibilitatem, & mortale istud induere immortalitatem.
1281 783 1708 841 CAPUT LXVIII.
1162 850 1836 914 In quo de raptu omnium fidelium in nubes in
1360 905 1646 968 occursum Domini.
1156 973 1903 1017 APTUS omnium fidelium in nubes in occursum Domini, est o¬
1161 1007 1894 1055 pus Dei, quo fideles, tum ex mortuis resuscitati, tum vivi sec
1087 1004 1145 1059 R
1167 1050 1897 1082 immutati, simul repente & oculi momento subvehuntur in nu¬
1090 1069 1895 1114 bes in occursum Domini in aera, I. Thess. 4 17. Deinde nos vivi, qui
1099 1114 1911 1154 reliqui erimus, rapiemur simul cum eis in nubes, in occursum Domini in
1090 1144 1146 1178 aera.
1302 1203 1694 1266 CAPUT LXIX.
1223 1277 1766 1343 In quo de iudicio extremo universali.
1126 1342 1895 1386 UDICIUM extremum univer sale, est quo Christus omnes ho¬
1132 1384 1907 1418 mines sine exceptione ex verbo suo judicatos, alios vitae aeternae
1124 1419 1901 1453 haeredes, alios ignis infernalis cum diabolo haeredes declarabit.
1094 1451 1892 1496 Ecclesiastes Salom. 12. v. ult. Nam omne opus Deus ipse adducet in ju¬
1104 1483 1903 1518 dicium cum omni re occulta; sive bonum, sive malum. Matth. 25. v. 31.
1101 1517 1910 1560 Quum autem venerit Filius hominis cum gloria sua, & omnes sancti
1105 1553 1895 1586 Angeli cum eo, tunc sedebit in throno gloriae suae. Roman. 14. v. 10. O.
1090 1582 1907 1618 mnes sistemur apud tribunal Christi. 1. Corinth. 4. v. 5. Proinde ne anter
1096 1616 1889 1655 praestitutum tempus quicquam judicate, id est, usquedum venerit Dei
1092 1651 1892 1689 minus, qui & illustraturus est res tenebris occultatas, & manifesta fa¬
1101 1684 1905 1715 ciet consilia cordium, ac tunc laus erit unicuique a Deo. 2. Corinth. 5. v.
1105 1719 1904 1756 10. Omnes enim nos manifestos fieri oportet coram tribunali Christi, ut
1104 1753 1908 1793 enus quisque reportet quae in corpore fecerit, congruenter adid quod fece¬
1093 1778 1408 1821 rit, sive bonum, sive malum
1134 1810 1900 1858 Illud certo futurum confirmant tum testimonia Veteris & Novi¬
1092 1846 1391 1883 Testamenti, tum rationes.
1132 1871 1895 1915 Testimonia sunt haec, Ecclesiastae 12. v. ult. Matth. 25. 31. Romani
1125 1912 1503 1947 . 10. 1. Cor. 4. v. 5. 2. Cor. 5. v. 10.
1128 1944 1463 1979 Rationes inter alias sunt istae
1124 1972 1897 2017 I. Quia postulat immutabilis justitia Dei, quo tandem bonis
1093 2012 1877 2050 bene sit, & malis male in aeternum, 2. Thessal. 1. v. 6. & sequentibus
1112 2047 1897 2081 II. Quia id futurum indicant persequutiones & afflictiones
1095 2076 1895 2122 quas Christi & Evangelii causa perferimus in hac vita, 2. Thessal. 1.
1094 2116 1153 2155 1. 4.
1132 2135 1911 2179 udex erit Christus Matth. 25. 31 Joh. 5. 27. Act. 10. 42. quoad vi.
1082 2172 1911 2214 sibilem actum judicialem: tota autem individua Trinitas erit judex
1092 2212 1910 2254 quoad consensum & autoritatem. Christus judicabit secundum u¬
1092 2246 1897 2283 tramque naturam, sed servatis utriusque proprietatibus. Nam omnia
1089 2275 1885 2315 occulta hominum scire & producere, est Deitatis: ferre sententiam
1085 2315 1888 2352 etiam humanae naturae. Potentia efficax vel ad vitam, vel ad mortem
1091 2347 1891 2387 rursum Deitatis est. Ita judicabit Christus mundum Deitatis & hu¬
1081 2378 1891 2418 manitatis suae actione, etsi non eaedem partes futurae sint humanita¬
1084 2409 1397 2456 tis, quae Deitatis in Judicio
1119 2435 1895 2489 Quod vero Matth. 19. 28. dicitur, Apostolos in extremo judicio¬
1095 2478 1898 2516 essuros in thronis duodecim, judicantes duodecim trib. Israei, hoc
1082 2512 1888 2555 non est aliter intelligendum, quam quod fides Apostolorum (qui &
1095 2544 1897 2585 ipsi sunt ex Israele, iique viri idiotae, & tamen Christum amplexi, &
1093 2586 1883 2615 ministri regni Dei facti) Israelitis incredulis sit ademtura omnem ex
1090 2611 1890 2650 cusationem. Similiter mundum judicabunt sancti ut & Angelos ma¬
1077 2642 1238 2686 los 1. Cor. 6. 2
1114 2667 1905 2722 Haec extremi judicii consolatio piis est, quod Pater omne judici:
1081 2706 1905 2751 um tradidit Filio, ut conscientias nostras tranquillas redderet, & o¬
1077 2740 1905 2785 mnem condemnationis terrorem eximeret, Johan. 5. 27. Actor. 17. 1,
1085 2774 1167 2819 vers. 31.
1114 2805 1882 2850 Ejusdem universalis judicii ultimi consideratio docet, Deum ju¬
1077 2843 1888 2882 stum esse, qui quum non punit in hac vita impios, demonstrat se eos
1081 2876 1891 2914 reservare puniendos in universali suo judicio. Retinet nos in timore
1087 2910 1888 2948 Dei, revocat a peccatis, Rom. 14 10. 12, 13. impellit ad credendum
1086 2943 1883 2980 Evangelio, 2. 1or. 5. v. 11. Consolatur adversus persequutiones Evan¬
1083 2974 1474 3026 gelii eausa, 2. Thess 1. v. 4. & seqe
1116 3004 1799 3044 Omnes sunt judicandi homines, Rom. 14. 10. 2. Cor. 5. 10.
1120 3039 1901 3083 udicii ultimi partes duae erunt: Processus judicialis, & exsequutio.
1101 3076 1901 3114 Processus judicialis erit tum separatio electorum a reprobis, tum sen¬
1072 3106 1212 3148 tentiae dictio
1104 3134 1882 3179 Separatio electorum a reprobis erit, quam coactis per Angelos ab o¬
1080 3173 1873 3213 mnibus mundi plagis omnibus hominibus, electi ad dexteram, re¬
1077 3212 1676 3258 probi ad sinistram Christi statuentur, Matth. 25. 33.
