2063 3483
201 198 1011 246 Sententiae dictio erit, quam Christus omnibus jus dicet, & attribuet
169 237 985 277 secundum opera ipsorum, quae uniuscuiusque vel fidem vel infideli¬
171 276 986 322 tatem testantur etiam, Matth. 25. v. 32, 33. Rom. 2. v. 6. 1. Cor. 4. v. 5.
174 307 425 349 Apocal. 20. v. 12, 15.
211 334 968 383 Omnes autem judicabuntur aut secundum Evangelium, aut se
175 376 980 409 cundum Legem. Qui Evangelium receperunt, secundum illud & ex
177 407 988 443 illo judicabuntur, Rom. 2. v.16. imo etiam Legis voce absolventur
174 442 980 484 pij quatenus eam Christus pro ipsis implevit: qui vero Evangelium
178 477 974 511 non receperunt, judicabuntur ex Lege, Roman. 2. v. 12. Evangelium
180 508 971 547 exigit, ut credamus in Christum, per illum peccata nobis omnia cor¬
181 540 979 576 donata esse, ac testatur inchoatam, licet mancam & valde imperfe¬
181 572 976 617 ctam obedientiam nostram perinde gratam esse Patri propter Chri¬
174 607 980 650 stum ac si perfectissima fuisset: quoniam Christi justitia & inobediens
174 641 980 678 tia nostra est. Electi igitur, licet opera ipsorum sint imperfecta, ta¬
182 676 983 717 men propterea damnari non poterunt, quia nihil damnationis est
175 705 683 741 his qui sunt in Christo Jesu, Roman. 8. v. 1.
216 739 980 790 Lex vero exigit, ut tota perfectissime impleatur. Quicunque igi¬
175 774 907 814 tur non impleverint eam, ex ea damnabuntur, Rom. 2. v. 12.
208 804 982 848 Christus ergo omnibus occultis hominum, virtute Deitatis sua
173 827 1021 881 in apertum productis, sententiam feret, eamque duplicem: alteram
173 872 580 914 electis, alteram adversus reprobos.
217 903 981 945 Sententia electis ferenda, est: Venite benedicti Patris mei, posside
173 937 982 981 te regnum paratum vobis a jactis fundamentis mundi, &c. Matth.
178 971 320 1017 25. vers. 34.
214 1005 994 1044 Sententia adversus reprobos pronuncianda, est: Ite maledicti in¬
177 1036 999 1082 ignem aeternum, qui paratus est Diabolo & Angelis ejus, &c. Matth.
175 1072 311 1123 25. vers. 41.
397 1100 769 1160 Haec de processu jurediciali.
205 1148 986 1188 Exsequutio judicij, erit altera judicij ultimi pars, nimirum certa
181 1181 985 1216 atque actualis sententiae latae in effectum productio: nam abibun¬
173 1217 989 1256 damnati ad inferos, ad supplicium aeternum, justi vero a Christo as¬
170 1245 988 1290 sumentur in coelum ad possidendam perfecte vitam aeternam, Matti.
175 1280 494 1322 25. v. 46. Psal. 49. v. 15, 16.
435 1325 749 1389 CAPUTII
438 1379 750 1443 In quo de fine mindi.
228 1444 998 1494 TTUNDUM habiturum finem irrisores & Epicuri de grege por¬
264 1476 986 1520 ci negant, sed perpetuum futurum contendunt, quoniam ha¬
272 1508 923 1548 ctenus continuus est naturae cursus qualis ab initio fuit.
204 1541 985 1577 Sed refellit istos prima mundi creatio, diluvium universale & ve¬
177 1574 986 1611 ritas Dei. Nam mundus initio per Dei sermonem exstitit: idem mun¬
178 1608 989 1662 dus olim aqua inundatus periit: eundem igne periturum Dominus
182 1645 988 1684 praedixit: mundus igitur finem est habiturus. Argumenta haec le¬
176 1683 992 1719 guntur, 2. Petr. 3. v. 5, 6, 7. Illud enim volentes ipsos fugit, coelos jam
175 1710 989 1747 olim exstitisse per Dei sermonem, & terram ex aqua & in aquo¬
177 1748 985 1785 consistentem. Quamobrem is qui tum erat mundus, aqua inundatu
183 1777 988 1817 persit. Qui vero nunc sunt coeli & terra, eodem sermone reconditi.
168 1810 970 1858 sorvantur igni in diem damnationis & exitij impiorum hominum.
210 1838 986 1884 Confirmant idem testimonia sequentia, Matt. 5. v. 18. Amen quip¬
180 1872 989 1910 pe dico vobis (ait Christus) usque dum praeterierit coelum & terra, &c.
175 1905 986 1944 Luc. 21. v. 33. Coelum & terra praeteribunt. 1. Cor. 7. v. 31. Praeteris
174 1939 990 1980 hubitus hujus mundi. I. Johan. 2. v. 17. Mundus praeterit & cupidi¬
179 1970 290 2019 tas ipsius.
211 1993 998 2048 Ergo coelum sidereum non est natura sua incorruptibile: sed quod
183 2036 986 2081 jam non corrumpitur, ut elementa, id habet a potentia & voluntato
182 2073 455 2119 Dei, qui illud conserva¬
220 2099 973 2148 Quomodo futurus sit finis & supremus interitus mundi, exponi¬
181 2145 977 2175 tur, 2. Petr. 3. v. 10. Caeli cum stridore praeteribunt, elementa vero ae
184 2172 989 2208 stuantia solventur, terraque & opera quae in ea sunt exurentur. Et vero
177 2213 980 2246 12. coeli conflagrantes solventur & elementa aestuantia liquescent.
176 2244 977 2279 Sententia est: Coeli transibunt a mutabilitate ad immutabilitatem
182 2271 985 2314 a forma priore ad formam & speciem longe augustiorem. Coelum
192 2309 985 2350 proinde seu aetherea regio incendio illo postremo, tanquam autum
183 2344 992 2378 in fornace, purgabitur, abstersisque omnibus maculis & sordibus.
186 2373 986 2417 purior reddetur: praestantioribus qualitatibus exornabitur, ac pos¬
177 2403 984 2442 in omnem aeternitatem durabit, aosque vicissitudine & mutatione
178 2436 983 2474 ulla, ut sanctorum & electorum habitaculum sit, eisque inserviat ad
176 2477 995 2510 sempiternam felicitatem. Ergo coeli praeteribunt & solventur, non
181 2503 993 2544 quod in nihilum redigentur & novi substantia creabuntur: sed quia
187 2545 991 2579 in melius mutabuntur; ut loquitur Hieronymus in Psal. 102. noc
178 2578 992 2611 est, in meliorem ac praestantiorem formam, sublatis iis omnibus,
195 2602 993 2653 quae imperfecta & caduca sunt, quasi quibusdam mortalitatis sordi¬
184 2638 996 2678 bus & fecibus vel scoriis detersis, ac per ignem expurgatis, restituen¬
184 2677 997 2712 tur, alterabuntur & innovabuntur, ac in omnem aeternitatem in¬
181 2707 989 2746 staurabuntur. Sic erunt coeli novi: quia renovati: sed novis qualita¬
183 2734 999 2780 tibus, non substantia. Sic & Patres explicuerunt: ut Augustinus de
190 2776 986 2815 Civitate Dei, lib. 20. cap. 16. Illa conflagratione mundana elemen¬
183 2806 992 2849 torum corruptibilium qualitates quae corporibus nostris corrupti¬
180 2826 1021 2877 bilibus congruebant, ardendo penitus interibunt: atque ipsa sub¬
182 2870 991 2917 stantia eas qualitates habebit, quae corporibus immortalibus mi¬
189 2903 986 2950 rabili mutatione conveniant: ut scilicet mundus in melius innova¬
193 2939 992 2978 tus, apte accommodetur hominibus, etiam carne in melius innova¬
193 2973 995 3015 tis. Eusebius diserte ait: α παθτελῶς ωρος φθρρον ὀ κόσμος χωρήσει, αλ¬
190 3009 440 3050 λα ωρος ανακαινισμόν
423 3051 752 3116 CAPUTTI
304 3115 887 3173 In quo de supplicio aeterno damnatorum.
201 3156 988 3207 UPPLICIUM aeternum, est miserrimus ille damnatorum statu
239 3194 990 3245 post hanc vitam, cujus initia quidem in hac vita sentiunt, incre
238 3230 996 3281 menta vero in animis a corpore separatis, post extremum autem
1045 196 1843 254 judicium plene sentient, cum expulsi a facie Domini & a gloria vit¬
1047 245 1835 289 cutis ejus poenam pendent aeterni exitij, praecipitati & detrusi in ignem
1047 278 1843 321 aeternum, qui paratus est Diabolo & angelis ejus, & torquebuntur
1036 314 1831 353 cruciatibus ineffabilibus in anima & corpore, Johan. 3. v. 36. Qui cre¬
1048 342 1833 385 dit in filium, habet vitam aeternam: qui vero non obtemperat Filios
1041 383 1842 425 non videbit vitam, sed ira Dei manet super eum. Luc. 16. vers. 23. 2.
1050 410 1841 462 Thess. 1. v. 9. Matth. 25. v. 41. Jesa. 30. v. 33. & 66. v. 24. Matth. 8. v. 12,
1047 442 1502 487 22. Apoc. 20. v. 10, 15. Matth, 10. v. 28.
1071 465 1840 523 Gradus supplicij aeterni futuros constat ex Matth. cap. 10. v. 15. A¬
1040 509 1838 554 men dico vobis, tolerabilior erit conditio terrae Sodomorum & Gomor¬
1038 550 1843 586 rhaeorum in die judicij, quam urbis illius. Et c. 11. v. 22. Quin etiam
1042 578 1843 627 dico vobis, Tyro & Sidoni tolerabilior erit conditio in die judicij:
1050 608 1193 659 quam vestra.
1086 628 1844 688 Arbitrium damnatorum hominum erit tantum ad malum in o¬
1035 675 1829 719 mnem aeternitatem; quia hi sine ulla resipiscentia & spe veniae ac li
1035 709 1832 750 berationis semper erunt & manebunt in regno Satanae, & ab eo at
1054 747 1838 794 que cupiditatibus suis impellentur, & adversus Deum ruent, Matth.
1041 775 1330 827 25. v. 46. Marc. 9. v. 43.
1257 865 1642 915 CAPUT LXXII.
1142 916 1760 981 In quo de vita aeterna electorum hominum.
1110 973 1855 1025 VITA aeterna, est beatissimus ille electorum status post hanc
1122 1018 1836 1065 vitam, cujus quidem gustum aliquem etiam in hac vita perci¬
1130 1051 1849 1095 piunt, majorem autem in animabus suis a corpore separatis,
1043 1079 1845 1128 plenum autem & perfectum percipient post universalem corporum
1042 1122 1851 1162 resuscitationem & cum animabus suis iteratam conjunctionem, quum
1041 1147 1841 1196 nimirum animabus & corporibus in coelum suscepti, apud Christum
1041 1186 1850 1230 & beatos Angelos erunt ab omnibus miseriis liberi, & perfecta at¬
1058 1217 1840 1259 que aeterna felicitate fruentes, Psal. 16. v. 11. Notam facis mihi semi¬
1053 1253 1855 1292 tam vitae: satietatem gaudiorum in conspectu tuo amoenissimorum;
1049 1283 1849 1321 dextera tua, in aeternitatem. Et 17. v. 15. Ego in justitia videbo vul¬
1047 1318 1849 1357 tum tuum: satiabor quum expergiscar similitudine tua. Psal. 21. v. 5.
1046 1348 1849 1401 & 22. v. 27. Joh. 5. v. 25. & 6. v. 47. & c. 13. v. 3. & 17. v. 3. Philipp. 1. v. 23.
1053 1379 1373 1420 Luc. 23. v. 43. Apoc. 21. v. 4.
1087 1398 1844 1457 Ea gratis a Deo nobis datur. I. Quia id testatur Scriptura Sacra¬
1057 1446 1850 1498 Donum autem Dei est vita aterna in Christo Iesu Domino nostro.
1054 1478 1237 1522 Roman. 6. v. 23.
1082 1508 1853 1555 II. Quia per gratiam Jesu Christi datur. Act. 15. v. 11. ait Petrus.
1046 1541 1850 1589 Per gratiam Domini Iesu Christi credimus nos servatum iri. Ephes
1050 1587 1862 1632 2. v. 839. Gratia estis servati per fidem: (& hoc non est ex vobis: sed
1054 1614 1649 1650 Dei donum est:) Non ex operibus, ne quis glorietur
1086 1643 1850 1688 III. Quia gratia vocatur, 1. Pet. 1. v. 13. Succinctis lumbis menti
1058 1684 1854 1727 vestrae, sobrij, integre sperate in eam quae vobis defertur gratiam, in
1045 1716 1862 1758 patefactione Iesu Christi. Si autem gratis non datur, gratia quare
1051 1751 1861 1789 vocatur? ait Augustinus decimo tomo; Sermone undecimo de ver¬
1047 1775 1193 1820 bis Apostola
1106 1808 1852 1853 IV. Quia est haereditas, quae nobis obvenit, quia filij DEI su
1053 1841 1862 1893 mus, non natura quidem, non meritis, sed adoptione gratuita; sicut
1050 1878 1861 1920 legitur, Matth. 25. v. 34. Adeste benedicti Patris mei, κλnρονομήσμτε,
1053 1914 1858 1953 hoc est, haereditario jure possidete regnum paratum vobis a jacto mundi
1046 1949 1852 1990 fundamento. Vita aeterna igitur manat ex gratuita misericordia Dei,
1047 1978 1610 2015 non autem meritis nostris, aut dignitate nostra.
1078 2006 1843 2051 Eaque fruentur electi tum in anima, tum in corpore, post univer
1044 2038 1847 2082 salem omnium resurrectionem ex mortuis, in quod tempus differ¬
1047 2083 1856 2123 tur plena beneficij & victoriae Christi fruitio. Job. 19. vers. 25, 26, 27.
1050 2114 1847 2149 Equidem ego novi redemtorem meum vivere; & posteriorem super
1057 2149 1856 2187 pulverem resurrecturum: Et postquam vermes confoderint istud, e¬
1043 2179 1859 2218 vigilante me; tum carne mea me visurum esse Deum. Idem qui sum,
1045 2213 1848 2259 ac non alienus visurus sum mihi, & oculi mei adspecturi. Et I. Cor.
1046 2237 1244 2288 15. v. 54, 55, 56, 53.
1076 2268 1844 2312 Idque in coelo, in quo erit Sabbatismus ille aternis, de quo Hebr
1051 2311 1847 2352 4. v. 9. hoc est; quies illa vera, beata, solida, finem nunquam habitura.
1050 2348 1840 2388 cujus typus fuit quies illa quam populus Dei post diuturnam peregri¬
1044 2377 1850 2419 nationem & multa bella, certamina & pericula tandem consequutus
1047 2402 1424 2444 est in terra Canaan, Psal. 95. v. 11
1071 2422 1847 2484 In coelum nullus ingredietur injustus, sed tantum scripti in libro
1050 2476 1739 2514 vitae & justi, Apoc. 21. v. 27. & c. 22. v. 3, 14, 15. 2. Petr. 3. v. 13
1077 2510 1831 2563 Hactenus de universali judicio: restat de manifestatione
1212 2556 1678 2610 gloria Dei in omnem aternitatem.
1252 2646 1635 2698 CAPUT LXXIII
1121 2698 1778 2774 In quo de manifestatione gloriae Dei post hanc
1400 2755 1497 2808 vitam.
1114 2806 1841 2855 (ANIPESTATIO gloriae Dei in omnem aeternitatem, erit opu¬
1062 2827 1853 2892 DIDEI post hanc vitam, quum Christus regnum tradet DEO &
1053 2880 1848 2926 Patri, & ipse quoque Christus secundum humanitatem se subjiciet
1053 2927 1851 2959 DEO Patri, ut DEUS Pater sit omnia in omnibus, 1. Cor. 15. vers. 24.
1063 2955 1850 2991 Deinde erit finis, quum regnum tradiderit Deo ac Patri: quum ab¬
1062 2984 1847 3025 pleverit omne imperium, & omnem potentiam & virtutem. Et vers.
1062 3026 1855 3058 28. Postquam vero subjecta fuerint oi omnia, tunc & ipse Filius sub¬
1056 3050 1850 3095 ficietur ei qui subjecit ipsi omnia, ut Deus sit omnia in omnibus. E¬
1055 3082 1373 3139 phes. 2. v. 7. 2. Thess. 1. v. 16.
1108 3107 1848 3158 Quum Apostolus dicit, Deus erit omnia in omnibus, non docet
1057 3152 1850 3196 quodnam sit coelum electorum, sed qualis futura sit conditio Eccle¬
1062 3194 1856 3226 liae post resurrectionem, disserit: nempe talis, ut Deus ipse, resigna¬
1053 3221 1850 3262 to jam per Christum Mediatorem regno, in omnibus electis, sine
