2063 3495
238 165 1025 219 λεγεος ζοθληθεις, o γο λξγον αυυοισ, φκησι, χειρειν, κοενωνεί τοι, epγοις αυ¬
234 213 1025 251 τον τ κς πονηρσις. εγεικοτως, σσκ εσι φο χαιρειν τοῆς ἀσελεσι, λογεικυριος,
233 244 1032 286 hoc est, Iohannes vero discipulus Demini, condemnationem eorum.
232 278 1021 323 longius extendit, cum ne salutari quidem a nobis velit. Qui enim
242 308 1020 350 ficit illis Ave (inquit) communicat operibus eorum malis. Ac meri¬
245 346 1016 386 to. Non est enim salus impiis, ait Dominus. Haec autem verba Johan¬
234 373 1016 419 nis non habentur in prima epistola, sed in secunda versu decimo &
249 405 1019 450 indecimo. Tertullianus libro de Praescriptionibus adversus haereti¬
240 440 1012 485 cos capit. tricesimo tertio allegans versum septimum ex epistola ex
238 477 1034 517 dem secunda eum tribuit Johanni autori Apocalypseos, quem non
235 510 1022 555 alium cognoscit quam Johannem Evangelistam, ut passim citatio¬
247 539 1025 581 nes ejus ostendunt. Aurelius episcopus Chullabensis in Concilio
235 571 1022 618 Carthaginiensi cui Cyprianus praefuit, citans ex eadem opistola se¬
240 607 1021 652 cunda versum decimum & undecimum, expresse Johannis Apostol
249 642 1031 684 eam esse dicit. Athanasius in Synopsi Sacrae Scripturae omnes tres
244 672 1013 716 epistolas Johannis tribuit Johanni Evangelistae: & Concilium Lac
241 708 1025 752 dicenum easdem Canonicas esse agnoscit & in Ecclesia oportere le¬
262 740 1030 785 i & in autoritatem recipi pronunciat: ut de aliis Conciliis & Patri¬
249 780 446 826 bus nihil addam:
279 797 1022 851 Qui vero has duas epistolas negant esse Johannis Apostoli & Ca¬
250 839 1028 890 nonicas, infirmis argumentis utuntur, quae recitabimus & paucis di¬
250 883 350 924 luemus:
283 898 1028 951 PRIMUM est: Autor harum epistolarum: non Apostolum, sed
249 939 1031 983 Presbyterum seu seniorem se nominat: Ergo non sunt Apostoli Io¬
252 977 610 1026 hannis, ac proinde nec Canonies
276 1005 1037 1057 RESP. Negatur consequentia: qui etiam Petrus 1. epist. 5. 1. se¬
246 1042 817 1088 vocat compresbyterum, & tamen erat Apostolus.
279 1069 1031 1117 SECUNDUM: Duo fuerunt Iohannes, quorum alter Apostolus.
261 1114 1021 1148 alter senior vocabatur teste Papia, ut refert Eusebius lib. 3. Histor
252 1143 1027 1184 cap. 39. & Hieronymus de viris illustribus in Iohanne: Ergo non A¬
255 1184 935 1222 postolus Iohannes, sed alter fuit istarum epistolarum author
300 1201 1022 1247 RESP. Negatur antecedens: nam hoc Papias non testatur. Euse
250 1243 1027 1281 bius male intellexit Papiam, & Eusebium male praecuntem impru¬
264 1276 1046 1316 lenter sequutus est Hieronymus, Melior interpres Papiae est Ireneaeus
256 1310 1030 1354 Papiae discipulus, in illis ipsis verbis quae Eusebius allegat & male in
265 1341 638 1386 perpretando subvertere conatur.
379 1388 917 1442 DE EPISTOLA IVDAE.
285 1445 1043 1492 Epistolam hanc non esse vere divinam & Canonicam quidam se¬
256 1485 1037 1524 quentibus argumentis evincere conantur, quae breviter confuta¬
252 1520 350 1562 bimus:
291 1546 1034 1587 PRIMUM;: Epistolae hujus autor non est Apostolus: Ergo non est ve¬
261 1585 1039 1633 re divina & Canonica. Antecedens probatur ex inscriptione, quia
259 1620 638 1661 Iudas non nominat se Apostolum:
285 1641 1030 1691 RESP. Negatur antecedens: nam autorem hujus epistolae est
259 1684 1036 1719 Apostolum, patet ex eo quod fuerit servus JESUCHRISTI
251 1718 1042 1756 frater Jacobi, inter Apostolos JESU CHRISTI diserte nu¬
265 1752 1036 1789 meratus, & distinctus a Juda Iscariote Luc. 16. vers. 16. Actor. 1.
255 1784 1045 1820 vers. 13. a Matthaeo capite decimo vers. 3. Thaddeus, quod Syrum:
256 1818 1037 1852 nomen est & idem significat quod Hebraeum Iudas; utrumque enim
262 1851 1046 1890 confessorem significat: vnde qui Hebraeis Judas, is Syris Thaddai
261 1883 1039 1927 vel Thaddeus dicitur. Cognomento nuncupatus fuit Lebbaeus,
265 1914 1040 1961 Matth. 10. 3. id est, cordatus vir seu corculum. Johan. 14. v. 22. voca¬
255 1953 667 1992 tur δaxριlixώs Judas non Iscariotes
291 1981 1040 2028 Quod vero seipse in inscriptione non vocat Apostolum, inde ma¬
256 2013 1046 2063 se infertur, ipsum non esse Apostolum. Vide supra ad calcem capitis
258 2055 362 2103 vigesimi.
283 2090 1040 2130 SECUNDUM: Epistola scripta ab eo qui post omnes Apostolos vixit.
253 2123 1033 2166 & ex illorum scriptis citat, non est divina & Canonica. At talis est
253 2156 1039 2195 haec epistola. Ergo, &c. Assumtio probatur, quia Iudas iste asserit, se¬
254 2192 1040 2224 post Apostolos vixisse, cum ait vers. 17. Vos autem dilecti, memores.
252 2228 1038 2266 estote verborum quae praedicta fuerunt ab Apostolis Domini nostri
253 2256 1027 2292 Iesu Christi. & versu sequente citat quae habentur 1. Tim. 4. 1. & 2.
250 2290 1024 2324 Tim. 3. 1. & 2. Petr. 3. vers. 3. Quod videlicet dixerunt vobis, in ex
256 2323 1033 2361 tremo tempore futuros irrisores, qui in impiis suis cupiditatibus in¬
250 2352 359 2396 cederent.
276 2381 1036 2434 RESP. Primo major propositio laborat fallacia secundum plu¬
253 2425 1037 2454 ra interrogata: Nam epistolam scriptam ab eo qui post omnes Apo¬
253 2452 1051 2496 stolos vixit, non esse Canonicam, conceditur: sed scriptam ab eo qui
247 2491 1034 2528 aliquid ex Apostolorum literis citat, propterea non esse Canonicam
253 2523 1031 2563 negatur. Nihil enim impedit, quo minus Spiritus Sanctus inspire¬
253 2557 1039 2591 alicui Prophetae aut Apostolo illud idem quod aliis Prophetis aut
249 2590 1039 2635 Apostolis inspiraverat; nihil etiam impedit quin ex instinctu Spiri¬
250 2621 1030 2660 tus Sancti aliquis Apostolorum repetat & confirmet tum repetitio¬
245 2655 1032 2697 ne sua tum aliis argumentis id quod ab aliis antea scriptum est. Si¬
258 2687 1039 2728 enim Jacobus in Synodo Apostolica Actor. 15. vers. 14. & sequenti¬
255 2719 1033 2772 bus repetivit & confirmavit quod a Petro dictum erat: & 2. Petr. 3
252 2749 755 2794 15. citatur quod Paulus scripsit Rom. 2. v. 4.
276 2787 1046 2830 Secundo negatur assumtio ex parte: nam Judas hic non vixit post
253 2829 1039 2867 omnes Apostolos, sed simul cum Apostolis & ipse cum Johanne Ev¬
262 2856 1043 2894 ingelista Apostolis aliis omnibus supervixit, ut Patres omnes uno
262 2893 1036 2931 consensu tradiderunt; ac propterea clausulam uterque fecit Cano
253 2931 1037 2969 nis divini: certe ad tempora usque Traiani Imperatoris hic Juda
259 2958 1039 2998 vixit. Ex parte vero conceditur: nam quia posterius epistolam scri¬
262 2995 1039 3033 psit quam Petrus & Paulus, ideo potuit merito eorum epistolas cita¬
256 3029 1040 3068 re: sicut & Micheas cap. 4. vers. 1, 2, 3. adducit Prophetiam ex Jesaia.
255 3061 1045 3090 cap. 2. de verbo ad verbum. Etiam Prophetae alii acceperunt a Mo¬
257 3087 1031 3138 se, Apostoli a Prophetis: sed omnes inspirati a Deo ad haec dicta sua
255 3120 348 3162 menda.
300 3150 1040 3202 TERTIUM: Iudas non inGraecia, sed in Perside praedicavit. Igitur
265 3181 830 3234 si quid scripsisset, non Graece, sed Persice scripsisset.
1114 157 1886 207 RESP. Negatur consequentia. Etsi enim in Petside praedicave¬
1083 201 1880 234 rit Evangelium, si creditur Eusebio libro secundo Historiae Ecclesia¬
1084 228 1874 270 sticae, capite primo: tamen quia non ad Petsas, sed communiter ad fi
1081 270 1889 304 deles per orbem terrae dispersos epistolam suam scribebat, unde e
1089 300 1886 342 Catholica appellatur, merito Graeca lingua eam scripsit, quae tuno
1084 328 1873 369 communissima erat. Deinde non est necesse, ut quis in epistolis scri¬
1084 364 1892 407 bendis ea lingua utatur quae recepta est in ea urbe vel regione in qua¬
1083 397 1889 438 versatur, sed ea potius quam intelligunt ii ad quos scribit. Alioquim
1083 431 1877 474 si valere debeat ista argumentatio, Judas in Petside praedicavit; Igi¬
1068 466 1883 506 tur Persica lingua scribere debuit: tum valebit & haec, Matthaeus
1095 501 1883 540 praedicavit in AEthiopia Evangelium, Ergo debuit AEthiopica lin¬
1093 532 1876 577 qua illud scribere: Item & haec: Paulus Roma scripsit ad Timotheum
1084 571 1883 605 ad Philemonem, ad Hebraeos, Ergo debuit Latine scribere, non
1085 595 1895 638 Graece. Quod vero Graeca potius lingua quam Hebraea vel Latina
1090 630 1889 666 vel aliam totum Novum Testamentum scribi debuerit, infra cau¬
1089 666 1894 707 sae exponentur, quum de authentica Novi Testamenti editione.
1083 708 1171 748 agetur.
1113 726 1879 778 QUA RTUM: Epistola haec olim a nonnullis non fuit recepta, ut ter
1092 764 1892 805 statur Eusebius Historia Ecclesiasticae secundo libro, capite vigesi¬
1070 805 1658 842 motertio: Ergo non est vere divina & Canonica¬
1120 830 1895 877 RESP. Ex puris particularibus nihil sequitur: Etsi enim a qui¬
1081 873 1885 909 busdam non fuit recepta, a pluribus tamen, imo ab omnibus pene
1089 907 1882 947 Ecclesiis approbata fuit & recepta, ut ibidem Eusebius testatur. Pri¬
1081 940 1895 978 vatum ergo quorundam factum non est publico Ecclesiae consensui
1080 973 1885 1014 & judicio anteponendum. Illi judicia sua suspenderunt quibus non¬
1083 1008 1879 1046 dum liquebat esse divinam, alii & quidem plures qui animadverte
1085 1045 1562 1086 runt esse divinam certa fide susceperunt.
1119 1070 1886 1123 INSTANT: At dubitatur utrum sit Iudae Apostoli epistola
1098 1115 1886 1155 RESP. Ergo dubitamus credere, quod ille non dubitavit scribere: ea¬
1097 1156 1885 1194 que ratione aut notarii publici, quo Christus usus est fidem in du¬
1101 1182 1889 1222 bium vocamus, aut falsarium aliquem autorem & impostorem im¬
1108 1221 1886 1258 udentem, qui sub alieno nomine, sua Ecclesiis obtruserit crimina¬
1092 1247 1889 1291 mur? Faciamus ergo quod prisca Ecclesia fecit, & epistolam hanc
1090 1282 1892 1322 cum aliis Apostolicis comparemus, & vere Apostolicam esse episto¬
1095 1318 1319 1359 lam comperiemus.
1125 1349 1894 1387 QUINTUM: Quaecunque epistola res adducit, nusquam alibi in
1096 1380 1885 1419 Scripturis traditas, sed ex libris apocryphis petitas; ilia non est divine
1098 1417 1248 1456 ac Canonica.
1126 1434 1892 1490 At haec epistola id facit: nam refert historiam altercationis inter¬
1099 1482 1895 1519 Michaelem Archangelum & diabolum de corpore Mosis, & va¬
1105 1512 1886 1549 ticinium quoddam Enochi: quorum nihil legitur in probati¬
1089 1544 1897 1586 Scripturis, sed in libris apocryphis. Non est igitur divina & Ca¬
1102 1586 1178 1620 nonica.
1137 1611 1892 1651 RESP. Primo major propositio est falsa: nam etiam quaedam ex
1092 1643 1890 1693 libris prophanis sumta sanctificantur a Spiritu Sancto & ad pium
1098 1684 1892 1720 usum accommodantur, per Prophetas & Apostolos in libros sacros
1092 1716 1898 1755 relata, veluti programmata & decreta regum Chaldaeorum & Pet¬
1105 1749 1895 1781 icorum in Danielis & Ezrae libris, Arati senteutia Actor. 17. Me¬
1098 1781 1892 1819 nandri I. Corinth. 15. Epimenidis sive Callimachi Tit. 1. & de Janne
1107 1815 1894 1849 Jambre qui Mosi obstiterunt vel ex tractatu Talmudico de obla¬
1095 1851 1885 1892 tionibus, cap. Omnes oblationes publicae, vel ex traditione ex or¬
1096 1880 1888 1916 Patrum excepta 2. Timoth. 3. 8. & oratio Mosis Psalm. 90. libro
1099 1912 1894 1950 Psalmorum inserta: & verba Mosis Hebr. 12. vers. 21. quae in libris
1099 1949 1901 1982 Mosis nusquam exstant: Quis tamen libros illos Propheticos, &
1101 1982 1891 2025 nas epistolas Apostolicas numero divinorum & Canonicorum li¬
1095 2011 1315 2051 brorum excluserit
1125 2046 1883 2093 Secundo historia de disceptatione Michaelis Archangeli & diae
1085 2084 1892 2133 boli de corpore Mosis non est petita ex libro aliquo apocrypho, sed
1092 2124 1888 2159 ex capite tertio Zachariae, versu1 & 2. ut collatio ostendit. Juda,
1095 2156 1891 2190 enim non loquitur de illo corpore Mosis quod in monte Nebonea
1092 2186 1888 2222 DEO ipso sepultum est, sed de eo de quo Moses vaticinatus est &
1098 2226 1898 2264 quod praefiguravit ceremoniis & typis variis, cujus antitypus fuit Je¬
1098 2256 1894 2298 noschvah Sacerdos Zach. 3. 1, 2. Corpus illud & Mosis est & Christis
1099 2289 1889 2323 Mosis quidem, quatenus is de eo prophetavit oraculis, figuris, sacrifi¬
1090 2325 1891 2364 ciis: Christi vero corpus appellatur Coloss. 2. vers. 17. quatenus in
1090 2355 1903 2402 CHRISTO est complementum Mosaicorum vaticiniorum, typo¬
1090 2389 1325 2429 rum, sacrisiciorum.
1126 2414 1894 2468 Tertio prophetia Enochi procul dubio a Patribus ad posteros
1099 2456 1885 2496 per traditionem & viva voce propagata est, donec visum fuit Spiri
1092 2492 1891 2530 tui Sancto eam per Apostolum Judam in Scripturam Sacram res
1098 2517 1897 2559 ferre: sicut & oratio Mosis quae exstat Psalm. 90. diu per manus a
1095 2556 1901 2602 majoribus ad posteros propagata est, donec in Psalmorum librum;
1090 2584 1214 2625 referretur.
1126 2619 1905 2663 Quum igitur liberum sit Spiritui Sancto, libris sacris inserere &
1098 2645 1901 2699 sanctificare per Prophetas & Apostolos etiam quae scripta non sunt,
1099 2685 1891 2730 imo etiam quae a prophanis autoribus profecta sunt: non sequitur ex
1086 2723 1891 2762 scripta quibus inserta sunt, e quibus etiam haec epistola est, divina
1090 2756 1633 2794 rum & Canonicarum numero esse eximenda
1131 2790 1898 2843 INSTANT. Imo Iudas Prophetiam Enochi ex libro scripto sum¬
1092 2826 1898 2867 sit: nam Tertullianus libro de habitu muliebri contendit, librum.
1098 2862 1900 2906 Enoch esse Canonicum; & Augustinus libro decimoquinto de Civi¬
1096 2898 1901 2944 tate Dei, capit. 23. affirmat, Enochum quaedam scripsisse, quum hoc
1101 2922 1900 2967 in epistola sua Iudas dicat: & Beda in hanc epistolam dicit, tempore
1099 2960 1904 3002 Iudae librum Enochi verum & Canonicum in manibus homi¬
1095 2996 1900 3045 num fuisse, etsi modo non exstet: similiter Cajetanus inquit, quod
1098 3022 1895 3081 Iudas librum Enochi non ut apocryphum, sed ut Propheticum
1090 3056 1163 3092 citet.
1128 3090 1900 3140 RESP. Id ex hoc Judae testimonio colligi non potest: non enim
1089 3128 1892 3177 ait Judas, Enochἐγραψε, id est, scripsit, sed ωροεφηισυσε, id est, pro¬
1097 3158 1889 3209 phetavit. Deinde librum aliquem ab Enocho scriptum, tempore Ju¬
1101 3185 1900 3234 dae exstitisie, dicendum non est, fuisset enim Canonicus, utpote ad
