2063 3449
217 189 959 234 Secundum est; quia Episcopus vocatus est a Davide Psalm. 10
217 231 978 274 RESPON. Syllogismus est: Quicunque Episcopus vocatus est a
181 255 974 301 Davide, is fuit membrum Ecclesiae Catholicae: At Iudas Iscariotes E¬
177 301 967 341 piscopus vocatus est a Davide Psalm. 108. nempe juxta numeratio¬
183 333 973 368 nem Vulgatae versionis Latinae, & juxta supputationem Hebraeam
189 364 527 410 Psalm. 109. vers. 8. Ergo: &c.
218 387 971 438 At primo falsa est propositio major propter elenchum adjunct.
183 422 967 466 signi. Nomen enim Episcopi alicui tributum, non est essentiale si
177 459 970 498 gnum, ex quo concludi possit necessario aliquem esse de Ecclesia Ca¬
177 491 977 537 tholica: Non enim magis vera est ista propositio, atque haec: Qui¬
175 533 973 564 cunque ab Evangelistis nominatur Summus Sacerdos seu Pontifex.
186 567 980 601 is est de Ecclesia. Sic enim Hannas, & Cajaphas, & ipsorum similes.
182 595 973 634 de Ecclesia fuissent. Bellarminus observantissimus est praeceptorum
186 623 983 665 Aristotelicorum de Sophistica, e quibus etiam hoc unum est, locum a
183 665 974 703 mominibus ad sophisticationem esse aptissimum. Nam quum pau¬
193 696 974 735 ciora sint nomina quam res; ac proinde unum idemque nomen oμω¬
187 719 974 765 γυμως diversis rebus tribuatur: facit maxime ad artificium sophisti¬
190 763 974 803 cum, ut sub nomine eodem res confundantur, ne ab imperitis & in
193 790 551 838 circumspectis distingui possint
219 828 974 861 Deinde assumtio est infirma: nam Judas Iscariotes a Davide non
187 855 977 909 fuit vocatus Episcopus. Verba Hebrea sunt: ITIN PID? ITPIDλ
185 897 981 938 ad verbum sonant, Visitationem, seu curationem, functionem, munus
190 930 393 980 ejus accipiat alter
226 957 983 1003 Petrus quidem Actor. 1. ver. 20. loquens de Juda Iscariote, & hunc
189 994 986 1034 locum allegans dixit Episcopatum, quum ait, Episcopatum ejus acci¬
189 1030 977 1076 piat alter. At quis non videt, si sit attentus Petrum allegare locum, it
183 1061 986 1102 quo de Doego Davidis proditore agitur? Atqui Doegus non fuit.
183 1092 987 1130 Episcopus Ecclesiasticus, sed praefectus bubulcorum, & opilionum,
191 1132 985 1168 Itaque si argumentatio Bellarmini ex hoc loco valeat de Juda pro¬
187 1158 979 1202 ditore Christi, valebit etiam de Doego proditore Davidis: nam hum
193 1192 983 1233 non minus Episcopum vocavit David, atque illum. Vanum igitur &
197 1234 535 1273 hoc Bellarmini argumentum
231 1245 991 1298 Tertium est: quia fuit filius Christi: ut loquitur Augustinus in
197 1298 283 1347 Psalm. 3
222 1311 992 1365 RESPON. Argumentatio talis erit. Quisquis est filius Christi, est
193 1354 999 1402 membrum Ecclesiae Catholicae: Iudas Iscariotes fuit filius Christi; ut
195 1391 705 1434 testatur Augustinus in Psalm. 3. Ergo: &c.
231 1411 985 1464 Primo, JMajor est ambigua. Filius enim Christi dupliciter die¬
205 1455 992 1509 quis potest: nimirum, vel κατ ἀληθειαν, vel κγ δδζαν κατ ἀληθειασ
201 1484 999 1531 dicuntur filii Christi qui vere sunt justificati, & spiritualiter ab ipso¬
205 1517 994 1568 legeniti, quemadmodum paralyticus ille ad quem, ut est Matthaei 9¬
195 1551 992 1600 vers. 2. Christus dixit, Confide fili, remissa sunt tibi peccata tua, & δe
196 1590 989 1633 ζαν filii Christi dici possunt, qui vel ob externam fidei Christi pro¬
192 1621 1001 1665 fessionem videntur esse tales, quum revera non sint: quemadmodum
194 1649 995 1697 filii regni dicuntur, qui tamen eiiciendi foras Matthaei 8. v. 12. vel ob
194 1685 992 1740 perceptam a Christo externam institutionem, quemadmodum in ve¬
190 1715 1002 1759 teri federe filij prophetarum dicuntur, quicunque a Prophetis insti¬
202 1748 995 1796 tuebantur. Si prima significatione accipiatur in majore, vera est illa
194 1790 452 1836 sin posteriore, falsa est
225 1811 998 1859 Deinde, Minor est falsa, si filius Christi intelligatur, qui a Chri¬
195 1846 991 1894 sto est regenitus: hoc enim de Juda Iscariote dici non potest. Praeter
201 1879 989 1926 ea in Scriptura sic non appellatur, sed ab Augustino. Ideo hoc argu¬
205 1911 985 1959 mentum non est petitum & δξχών oἰκειών, ex principiis propriis, sed a
198 1949 989 1991 lienis. Patres enim non sunt nobis principium disputandi de contro¬
201 1976 992 2027 versiis Theologicis, sed sola Scriptura Canonica: Igitur ex hac argu¬
199 2007 998 2059 mentum petendum erat. Quod vero ad Augustinum attinet, nomi¬
207 2039 1003 2090 nat ille Iscarioten filium Christi, non iἰδέως, proprie, sed κατα χρηστικώς
209 2074 1010 2122 abusive: constituens Absalomum filium Davidis typum quendam
203 2115 859 2169 Judae proditoris. Quam apte, non est necesse nunc dicere.
240 2139 997 2188 Quartum Bellarmini argumentum est: quia Augustinus dicit.
213 2177 991 2221 libro de Vnitate Ecclesiae cap. 13. Iudam in Ecclesia fuisse, in qua cran¬
207 2215 389 2263 caeteri Apostoli.
240 2239 985 2298 RESP. Syllogismus hic erit: Quem Augustinus dicit in Eccle¬
219 2282 1001 2332 sia fuisse, in qua erant caeteri Apostoli, is fuit membrum Ecclesiae Ca¬
210 2307 1005 2367 tholicae quae est corpus Christi: At Iudam proditorem Augustinus di¬
214 2345 775 2401 cit in Ecclesia fuisse, in quae erant caeteri Apostoli:
250 2388 359 2433 Ergo: &c.
248 2403 1001 2457 At primo peccatur petitione principii: rursus enim probatio peti¬
216 2439 1001 2493 tur ἐζ αρχον ἀλλοτριον, σσκ oίκειών, ex principiis alienis, non propriis
225 2474 1003 2523 Deinde, Major universe intellecta est falsa. Minor est vera de Eccle¬
220 2505 1001 2558 sia externa, in qua Judas Iscariotes fuit: at nos jam agimus de mem
220 2535 1009 2599 bris Ecclesiae internae, quae corpus est Christi mysticum & spirituale,
249 2570 1000 2627 Ex his constat, quam vana sint Bellarmini argumenta, quibus e¬
229 2602 1016 2658 vincere conatus est Judam Iscariotem Christi proditorem, Ecclesiae
222 2636 1016 2695 Catholicae membrum fuisse. Quod vero Jesuitae Judae Iscariotae pa¬
213 2677 1016 2722 trocinium suscipiunt, & membrum Ecclesiae Catholicae fuisse con¬
223 2702 1016 2755 tendunt, in eo proxime ad veteres haereticos accedunt, qui Cainitae
223 2734 1011 2787 dicti sunt: nam & illi Judam Iscarioten defendebant, ut testis est Ire¬
225 2776 1003 2827 naeus libro primo adversus haereses, capite trigesimo quinto: & Tes
232 2802 1016 2853 tullianus libro de praescriptionibus adversus haereticos, capite qua¬
228 2832 1014 2886 dragesimo septimo. Quis non videt; homines istos, non Jesu, sed Judae
236 2875 1013 2920 proditoris socios esse, quem suae Ecclesiae membrum fuisse profitem
222 2906 1013 2955 tur. Hanc refutationem probationis ab exemplo Judae proditoris pe¬
237 2936 1010 2984 titae concludo sententia huc faciente, quae exstat in concione quae
240 2972 1016 3019 lam Ambrosii nomen praeferente: Qui debaerant esse vicarij Apo¬
239 3009 579 3058 golorum, facti sunt socij Iudae.
257 3062 1001 3130 Refutata est probatio ab exemplis ducta: sequitur probatio
384 3108 875 3170 a ratione, quam his verhis Bellarmi¬
559 3149 740 3206 nus proponit.
1063 189 1811 248 Accedat quoque ratio; nam si sola praedestinatio facit hominem es.
1035 225 1814 271 se de Ecclesia, sequitur Turcas, Iudaeos, haereticos, & queslibet impies.
1039 265 1823 303 i praedestinati sint, nunc esse de Ecclesia, & viva membra Christi; &
1041 302 1817 340 contra, quoslibet sanctos & pios baptisatos, si non sint praedestinati,
1038 332 1816 371 non esse de Ecclesia, nec de corpore Christi: at utrumque est faliissimum.
1038 366 1820 408 & contra expressas Scripturas. Nam quod non baptisati, & haeretici:
1034 400 1819 438 non sint de Ecclesia. supra ostendimus: quod autem impij non sint vi¬
1032 431 1817 467 va membra, dicitur Rom. 8. [Qui Spiritum Christi non habet, hic
1040 466 1826 505 non est ejus,]nimirum vivum membrum. Quod autem impij ncu¬
1029 496 1815 532 habeant Spiritum Christi, sed spiritum diaboli, patet ex operibus eo¬
1042 531 1820 569 um. Non enim sunt patientes, casti, &c. quae sunt opera spiritus. sea
1044 560 1822 602 sunt adulteri, homicidae, blasphemi, &c. quae sunt opera carnis ad Ga¬
1036 592 1106 628 lat. 6.
1061 628 1823 682 RESP. Multi sunt in hac ratione errores. Primus error est igno¬
1035 663 1816 706 rationis elenchi: nam quum elenchus sit Syllogismus contradictio¬
1038 704 1811 738 nis: Bellarminus autem in hac ratiocinatione non contradicat no¬
1032 732 1820 770 strae Thesi, ignorat elenchum. Non contradicit autem nostrae The¬
1030 765 1831 806 si, quia mutat quaestionem. Nam quaestio initio proposita, & quam
1032 801 1816 836 nos tuemur, est; Solos praedestinatos ad vitam aeternam esse nambr
1039 831 1829 871 Ecclesiae Catholicae quae est corpus Christi mysticum. At Eellarminus
1038 866 1825 905 perinde in hac ratione disputat, ac si statueremus; Solam proedestina¬
1029 899 1820 939 tionem facere hominem esse de Ecclesia. Hinc absurda deducit qua
1032 939 1832 971 nos non attingunt, quum non sint ex nostra sententia collecta, sed ex¬
1041 965 1816 1000 monstro quod ipse sibi adversarius confinxit Ideo totam hanc ratio¬
1041 996 1822 1033 cinationem, tanquam extra oleas vagantem, jure reiicimus. Quod s
1041 1034 1831 1071 quaestio vere controversa revocetur, sic argumentatio constituenda
1050 1065 1825 1100 erit: Si soli praedestinati ad salutem sunt membra Ecclesiae Catholicae,
1051 1094 1823 1135 sequitur Turcas, Iudaeos, haereticos, & quoslibet impios, si praedestina¬
1045 1127 1829 1168 ti sint ad sulutem, nunc esse de Ecclesia & viva membra Christi: &
1054 1160 1825 1199 contra, quoslibet sanctos & pios baptizatos, si non sint praedestinati ad
1051 1190 1825 1228 salutem, non esse de Ecclesia, nec de corpore Christi. At utrumque
1050 1227 1832 1265 posterius est falsissimum & contra ex:ressas Scripturas. Ergo &
1045 1260 1110 1299 prius
1071 1279 1841 1340 Ast ita secundus errorBellarminus erit τeρι τό ἐπο ιsι ον. Primum.
1054 1332 1828 1367 enim confectarium, absurdum quod adversatius infint, ex nostro do¬
1060 1365 1831 1402 gmate non sequitur: quia etsi dicimus solos praedescimatus ad salutem
1057 1404 1832 1435 esse membra Ecclesiae Catholicae quae est corpus Christi, camen noon
1060 1430 1853 1460 impliciter id dicimus de quibusvis praedestinans, s1 P. lapraedestinu¬
1049 1460 1853 1507 tis, vocatis, justificatis, regeneratis. Nam quum Ecclesia sit coetu
1059 1494 1854 1530 vocatorum, justificatorum, & sanctificatorum, nemo actu est mere¬
1057 1525 1855 1559 brum Ecclesiae, nisi efficaciter vocatus, justisirares, & rgeneraiis.
1053 1561 1856 1591 Proinde Turcae, Judaei, haeretici, & alii impii, duim tales manent, non
1047 1591 1856 1631 sunt Ecclesiae Catholicae membra, etiamsi sint ad vitam praedestinati:
1057 1630 1858 1667 quum vero conversi sunt ad Christum, vocati, justificati, sanctificati,
1063 1665 1858 1700 um demum actu Ecclesiae Catholicae, ac proinde corporis Cristi.
1062 1691 1859 1730 vera membra fiunt, non ante. Secundum confectarium, quod tan¬
1064 1732 1861 1763 quam absurdum infertur, quale a Bellarmino ponitur, vere est absur¬
1050 1763 1862 1801 dum, non vitio nostri antecedentis, sed culpa Bellarmini, qui partimi
1027 1786 1862 1826 P ambigua, partim ἀουσειτα profert, quum fingit quosdam sanctos &
1062 1822 1862 1860 nios baptizatos, non esse praedestinatos ad salutem. Et hic tertius est;
1053 1855 1864 1892 istius ratiocinationis error. Sancti enim αμανυμως dicuntur; propria
1056 1894 1864 1929 quidem soli sanctificari Spiritu adoptionis: improprie vero & na¬
1056 1918 1866 1956 πaχρκσιϰώς ij qui sanctam fidem Christi ore profitentur, licet non sint
1057 1953 1867 1997 Spiritu Sancto sanctificati, Jam omnes proprie dicti sancti sunt prae¬
1053 1987 1850 2024 destinati ad salutem: improprie vero appellati sancti, ad vitam prae¬
1053 2018 1855 2054 destinati non sunt. Deinde quod pios quosdam baptizatos ait non
1060 2052 1841 2094 esse praedestinatos ad vitam, est ἀτυσαlον & falsum. Omnes enim pi¬
1065 2083 1841 2124 pietatis quippe simulatores non pios, sed hypocritas nominamus
1050 2117 1843 2153 sunt praedestinati ad vitam. Quod si inferatur: quoslibet baptizatos
1054 2144 1844 2185 si non sint praedestinati, non esse de Ecclesia nec de corpore Christi.
1056 2179 1852 2211 concedimus id sequi, sed absurdum esse negamus. Nam si soli praede¬
1050 2211 1850 2251 stinati ad vitam sunt de Ecclesia & membra corporis Christi, tum
1052 2248 1848 2291 quicumque eaissunt praedestinati ad vitam, non erunt de Ecclesia &
1056 2273 1364 2314 membra corporis Christi.
1098 2301 1841 2356 Pergit Bellarminus, & utrumque consectarium probat esse falsis.
1056 2347 1838 2392 simum. Ait: Nam quod non baptizati & haerotici non sint de Ecclesiae
1062 2385 1837 2422 supra ostendimus. Ita Quartus error Bellarmini in hac ratione est
1065 2411 1850 2458 quod falso universos non baptizatos negat esse de Ecclesia Catholi¬
1072 2449 1849 2487 ca. At non est eadem omnium non baptizatorum ratio. Alii enim fi¬
1069 2480 1856 2515 dem Christi pertinaciter contemnunt, & a religione divina prorsus.
1075 2513 1849 2547 lieni manent; tales & nos negamus esse de Ecclesia Catholica. Alii
1074 2550 1840 2587 pero fide viva in Christum praediti sunt, etiamsi externo baptismo no
1071 2573 1841 2616 sint tincti: ut fuerunt vere fideles ante institutum baptismum exter¬
1078 2618 1850 2649 num: ut fuit latro in cruce invocans Christum: ut multi olim Cate¬
1065 2645 1843 2690 chumeni ante baptismum mortui: ut multi vi externa a baptismi sus
1078 2674 1295 2722 reptione prohibita.
1105 2711 1862 2756 Hos quis audet negar: esse de Ecclesia CATHOLIC A quae est
1079 2754 1853 2786 corpus CHRISTI, nisi iste cum suis sociis adversus JESUM con¬
1084 2786 1850 2820 turatis? Sed audiant saltem ipsummetjus Canonicum, quod de Con¬
1077 2820 1847 2855 secrat. Distinct. quarta, capit. Baptiimi vicem, in hunc medum pro¬
1087 2852 1859 2888 junciat: Etiam atque etiam considerans invenio, non tantum passio¬
1080 2885 1862 2919 nem Christi id quod baptismo deerat posse supplere, sed etium fidem
1086 2920 1860 2962 confessionemque cordis, si forte ad celebrandum mysterium baptismi in
1086 2945 1529 2993 angustiis temporum succurri non potest.
1109 2971 1853 3017 Et mox: Quartum itaque valeat, etiam sine visibili Sacrament.
1080 3006 1859 3051 baptismi, quod ait Apostolus, corde creditur ad justitiam, ore autem
1083 3052 1856 3083 confessio sit ad salutem, in illo latrone declavatum est: sed nunc im¬
1086 3073 1852 3121 pletur invisibiliter, quum mysterium baptismi non contemtus reli¬
1083 3113 1868 3154 ganis, sed articulus necessitatis excludit. Ex quibus verbis ita
1084 3140 1865 3192 colligo: Quicunque servantur, ii sunt de Ecclesia Catholica quae est.
