2063 3473
160 202 972 242 sus, fons signatus, puteus aquae vivae, &c. Item lib. 6. de Baptismo con¬
166 246 965 278 tra Donatistas cap. 3. ubi ait de malis: Quos non pertinere ad sanctam
160 276 968 311 Ecclesiam Dei, quamvis intus esse videantur, ex hoc apertissime ap¬
169 311 965 354 paret, quia isti sunt avari, raptores, foeneratores, invidi, malevoli &
165 348 955 386 caetera ejusmodi: Illa autem columba unica, pudica & casta, sponsa si
160 376 968 411 me macula & ruga, hortus conclusus, fons signatus, paradisus cum fru¬
163 420 961 453 ctu pomorum & quae de illa similiter dicta sunt, quod non intelligitur
162 453 971 486 nisi in bonis & sanctis & justis, id est, non tantum secundum opera¬
180 478 965 518 tiones munerum Dei bonis malisque communes, sed etiam secundum
178 509 968 544 intimam & supereminentem Spiritus Sancti gratiam habentibus.
182 544 959 581 quibus Dominus dicit, Si cui dimiseritis peccata, dimittuntur ei, &
172 582 968 620 si cui tenueritis, tenebuntur. Gregorius Magnus Episcopus Roma.
177 610 980 651 nus in Comment. in Cantic. Ganticor. similiter ait: Hortus sancta
172 641 971 683 Ecclosia exsistit, quia dum populos multos in fide gignit, quasi flore:
177 676 967 715 pulchros bona terra emittit. Qui hortus conclusus bene esse dicitur
175 708 977 750 quia charitas vallo circumquaque munitur, ne intra numerum ele¬
183 742 608 786 ctorum reprobus aliquis ingrediatur:
210 773 968 816 Respondet Bellarminus dupliciter. Primo, saepe Scripturam per fi¬
180 807 964 847 guram intellectionis attribuere aliquid toti, quod solum convenit.
180 843 965 882 parti, sicut Matth. 27. dicuntur latrones qui erant cum Domino cru¬
183 877 973 911 cifixi, blasphemasse contra eum, cum tamen constet ex Luc. 23. unum
175 913 983 949 tantum eorum blasphemasse: & Philipp. 2. 21. Omnes quae sua sunt
180 942 974 984 quaerunt: Et tamen tales non fuerunt permulti sancti, qui tunc vi¬
174 975 964 1012 vebant, & praecipue Philippenses. Secundo dico quae dicuntur in Can¬
177 1014 987 1045 ticis de sponsa, non necessario intelligenda de Ecclesia quidam enim ea
180 1038 980 1080 intelligunt de Ecclesia, quidum de B. Virgine, quidum de qualibet
184 1081 980 1113 inima perfecta, quod probabilius videtur. nam cap. 6. dicitur: Sexa¬
189 1108 977 1148 ginta sunt reginae, & octoginta concubinae, & adolescentularum non
171 1142 971 1178 est numerus, una est columba mea, perfecta mea, una est matri suae
180 1171 986 1210 electa genetrici suae. Quo loco si per unicam illam sponsam intelligas.
186 1203 986 1242 Ecclesiam, quid intelliges per reginas, concubinas & adolescentulas,
189 1236 973 1272 quas omnes fovet sponsus & diligit? igitur per matrem intelligitus
179 1269 976 1310 Ecclesia, per reginas, concubinas & adolescentulas intelliguntur ani¬
180 1307 979 1346 mae imperfectiores, fideles tamen & bonae. Dicitur enim cap. 1. Propter
177 1338 989 1380 rea adolescentulae dilexerunt te, at per unicum perfectam, sponsam &
183 1376 986 1413 columbam intelligitur anima perfecta. Sic etiam in eo quod dicitur:
189 1405 973 1446 cap. 2. Sicut lilium inter spinas: sic anima mea inter filias. Si per ami
192 1442 988 1475 am intelligas Ecclesiam, quid intelliges per caeteras filias? num con¬
183 1475 988 1515 gregationem infidelium? absit, loquitur igitur de anima perfecta, quo
183 1508 988 1543 inter multas peccatrices in eodem horto Ecclesiae commoratur. Au¬
191 1534 989 1584 gustinus epist. 48. Dicuntur, inquit, spinae, propter malignitatem
184 1572 964 1618 morum; dicuntur filiae propter communionem Sacramentorum.
214 1597 995 1642 REPL. Summa responsionis Bellarminianae est: Esse prime
196 1635 980 1681 Synecdochen quam ille figuram intellectionis vocat, in loco Cant
183 1671 997 1709 corum: quia toti tribuatur, quod solum convenit parti. Deinde quae
195 1700 988 1742 in Canticis dicuntur de sponsa, non esse necessario de Ecclesia intel¬
189 1734 997 1780 ligenda, sed posse intelligi vel de B. Virgine, vel de qualibet anima
186 1772 991 1818 perfecta; ac ut de qualibet anima perfecta intelligantur, probabilius
184 1804 264 1850 videti
228 1829 992 1872 Ad utramque responsionem replico primum communiter, eas s
195 1870 1004 1910 mutuo evertere: nam prima concedit, hunc locum intelligendum de¬
194 1906 994 1944 Ecclesia, sed esse in eo Synecdochen: altera vero negat intelligendum
193 1936 998 1972 de Ecclesia: quomodo haec conveniunt? cur respondet tam asystata;
183 1962 992 2003 Disputatoris veritatem amantis est, unam certam responsionem af¬
199 1995 995 2039 ferre, non plures dissentietes & se mutuo destruentes. Deinde ad qua¬
199 2028 991 2073 libet responsionem distincte replico. Prima responsione Bellarmi,
195 2058 993 2108 nus principium petit: Synecdochen in loco citato statuens, sed id non
208 2092 989 2139 probans, imo nequidem declarans. Exempla vero Synecdoches duo
201 2124 998 2175 quae adducit plane sunt aliena, quia cum praesente loco convenientia.
198 2163 991 2203 & analogiam nullam habent. Nam quum plures sint species Synec.
201 2192 1001 2236 doches, si in hoc loco Canticorum esset Synecdoche (quod tamen non
198 2226 1001 2267 concedimus, Jesset Synecdoche integri, quia Ecclesiae Catholicae non
202 2262 992 2304 sunt multae species, sed unum est ejus corpus pluribus constans mem
208 2289 989 2340 bris: at in locis illis duobus si itidem est figura intellectionis, est Syr¬
203 2328 995 2374 ecdoche generis, quam id quod generatim dicitur, speciatim de uno
207 2356 1010 2405 vel quibusdam intelligitur. Verum nec in priore exemplo necesse est.
210 2389 1001 2439 Synecdochen statuere. Nam ersi Lucas affirmet, unum latronem
210 2424 1016 2475 blasphemasse, tamen nihil impedit quo minus initio uterque latronum
213 2455 1001 2501 Christum blasphemarit, ut Matthaeus scribit plurali numero diserte
209 2491 1001 2542 διλησαι ωνείδιςον: deinde vero alter resipuerit & Christum pro Serva.
214 2518 998 2572 tore mundi agnoverit, de quo Lucas commemorat. Hoc Theophy¬
216 2554 1018 2604 aperte ait, docens hos duos latrones fuisse typos duorum populorum,
222 2586 1012 2636 Ethnici & Judaei: utrumque populum primo multis contumeliis Chri¬
223 2621 1011 2674 stum affecisse, sed Ethnicum postea resipuisse, Judaicum in sua contu¬
219 2654 1016 2703 macia perstitisse. Hugo Cardinalis de S. Charo explicans Matthae
226 2681 1022 2738 locum ait: Hic ponitur plurale pro singulari. Vel potest dici & melius.
222 2717 1020 2779 quod primo conviciatus est cum alio latrone: sed Christo Domino mi¬
222 2761 1028 2812 serate visitatus est & poenituit. In loco vero Pauli Philip. 2. 21. Syn¬
228 2787 1030 2842 ecdoche est generis: omnes enim intelligit Paulus scil. quos tunc co¬
238 2820 1019 2875 udjutores in praedicando Evangelio secum in contubernio suo habe¬
231 2851 1032 2908 bat; illi enim ad sua commoda attentiores erant, quam par esset, ex¬
233 2898 437 2953 cepto Timotheo¬
266 2915 1043 2971 Secunda responsione triplicem affert interpretationem eorum quae¬
231 2957 1034 3009 de sponsa in Canticis dicuntur. Quosdam ait intelligere de Ecclesiae
242 2993 1033 3046 quosdam de B. Virgine, quosdam de qualibet anima perfecta. Primi
234 3020 1036 3071 interpretationem, quae est Orthodoxorum veterum Patrum Cyprian¬
232 3048 1046 3103 & Augustini, imo etiam Pontificis Romani Gregorii Magni, reiicit;
237 3092 1028 3142 ita discedit a consensu patrum, quem tamen alibi normam interpre¬
235 3117 1032 3178 tationis Scripturarum Si constituit, imo dissentit a capite suo vel Ec¬
246 3146 1066 3205 clesiae Romanae, nempe Papa, & tamen consensionem cum Pontifice
250 3180 1046 3238 Romano audet statuere notam verae Ecclesiae: viderit jam utrum ipse
246 3215 1046 3278 sit membrum Ecclesiae, cum a capite suo dissentiat. Dissentit etiam ab¬
1015 196 1827 250 aliis Papistis: nam Eccius in Enchiridio per sponsam in Canticis, in¬
1018 245 1805 291 telligit Ecclesiam: item Turrianus Jesuita in disputationibus adversus
1026 277 1804 318 Antonium Sadeelem. Secunda interpretatio est nonnullorum super¬
1022 313 1817 358 stitiosorum Papistarum qui Mariae divinos attribuunt honores, & ad
1020 346 1814 387 eam accommodant quae ei nequeunt aptari. Tertia interpretatio ci¬
1030 378 1802 417 probabilior videtur: Ait, quidam de anima perfecta intelligunt: Isto
1023 415 1807 450 rum interpretationem confirmat hoc argumento. Quia si per spon¬
1025 442 1802 484 sam intelligatur Ecclesia, & quaecunque in Canticis de sponsa dicuntur
1035 476 1820 517 de Ecclesia sint accipienda, quorundam locorum absurdus evadet
1023 511 1816 549 sensus. Duos vero locos adducit: Prior est c. 6. v. 5, 6. Sexaginta sunt.
1032 546 1819 574 reginae, & octoginta concubinae, & adolescentularum non est nume¬
1035 577 1826 619 rus: UVna est columba mea, perfecta una est matri suae electa genetrict
1038 607 1812 656 suae. Ex hoc loco sic argumentatur: Si per unicam illam sponsam in
1032 647 1823 689 telligas Ecclesiam, quia intelliges per reginas, concubinas, & adolesce¬
1033 676 1826 711 tulas, quas omnes fovet sponsus & diligit? Igitur per matrem intelli¬
1039 708 1826 745 gitur Ecclesia, per reginas, concubinas & adolescentulas intelligun¬
1038 742 1820 781 tur animae imperfectiores, fideles tamen & bonae. Dicitur enim cap. 1.
1038 770 1819 815 Propterea adolescentulae dilexerunt te; at per unicam, perfectam.
1038 805 1616 849 sponsam & columbam intelligitur anima perfecta¬
1075 837 1820 876 REPL. Aut ἀσυλλδγισον est, aut Syllogismus sic formandus erit
1071 873 1820 915 Per sponsam unicam in Canticis intelligitur vel Ecclesia, vel ani¬
1039 905 1819 944 ma perfecta: Non Ecclesia: quia alioquin incertum foret, quid esset
1036 937 1826 983 intelligendum per reginas, concubinas, & adolescentulas: Ergo ani¬
1036 968 1215 1012 ma perfecta, &c.
1064 991 1834 1041 At primo, propositio non est vere disjunctiva: quia non constat
1044 1037 1829 1079 membris immediate oppositis. In omni autem enunciato disjuncto
1044 1068 1831 1107 bimembri contraria membra esse oportet, hoc est, quorum unum u¬
1044 1102 1831 1139 ni tantum vere opponitur. At Ecclesia & quaelibet anima perfecta no¬
1047 1134 1833 1180 unt vere contraria: quia Ecclesia illa Catholica ex animab. perfectis
1043 1168 1831 1202 velut ex partibus constat & componitur, ut corpus e membris: anime
1040 1202 1841 1246 perfectae sunt materia Ecclesiae Catholicae. Tum non potest intelligi
1041 1242 1836 1275 una tantum anima perfecta, sed omnes & singulae animae perfectae: ea
1043 1267 1834 1301 autem nihil sunt aliud quam ipsa Ecclesia. Eandem propositionem
1050 1299 1841 1340 non concedent alii Papistae qui negabunt disjunctionem esse ἀμοσον,
1054 1331 1829 1372 quum tertium dari possit; & contendent per sponsam illam intelligen
1050 1365 1831 1399 dam potius B. Virginem: Disceptet igitur prius Bellarm litem suam
1047 1399 1837 1432 cum illis Papistis. Secundo, falsum est assumtum: & dissentit in eo Bel¬
1041 1431 1844 1467 larminus, ut nuper dictum, ab Orthodoxis patribus & ab ipso Pon¬
1054 1462 1841 1498 cifica Romano; ab aliis etiam Papistis velut Eccio & Turriano. Ter¬
1056 1497 1850 1534 tio, probatio assumti vitiosa est παρα τόἐπόμυον. Non enim sequitur:
1058 1529 1838 1566 Si per sponsam intelligatur Ecclesia, incertum futurum quid sit in¬
1056 1564 1837 1598 telligendum per reginas, concubinas, puellas. Nam sive literalite
1053 1596 1840 1642 interpretemur, sive allegorice, certum erit quid sit per illas intellis
1059 1631 1158 1683 gendum.
1088 1645 1868 1697 Siliteralem sensum requiras, per reginas, concubinas & puellas
1053 1693 1869 1732 intelligentur proprie reginae, concubinae, & puellae quales sunt in re¬
1056 1728 1869 1773 gnis mundanis: & sententia erit: Haec sponsa & columba, quae est Ec¬
1056 1772 1868 1803 clesia Christi, longissime praestat quibuscunque reginis, & concubi¬
1066 1796 1855 1839 nis cum toto comitatu puellarum quas habent: spiritualis haec sponsa
1053 1828 1852 1870 & columba omnes corporales antecellit: Propterea omnes Regina
1062 1863 1861 1902 & concubinae Regum hujus mundi & puellae quae sunt inearum co¬
1065 1894 1855 1930 nitatu beatam praedicabunt & laudabunt Ecclesiam, cam admira
1053 1928 1864 1965 buntur & honorabunt; quemadmodum praedixit & Jes. Proph. c. 49.
1060 1963 1856 1997 23. Et erunt reges nutricij tui, & foeminae principes eorum nutrice.
1050 1992 1849 2025 tuae, vultu in terram demisso incurvabunt se honorem habentes ti¬
1056 2023 1851 2067 bi, pulveremque pedum tuorum lingent: ut experiaris me esse Iehovam,
1054 2060 1859 2093 non erubescere eos qui exspectant me. Haec igitur sponsa & columba,
1065 2092 1856 2130 ut hoc Canticorum loco appellatur, est Ecclesia, interprete quoqui
1060 2123 1858 2161 Cypriano, qui epist. septuaμ. sexta quae est ad Magnum, juxta edit.
1053 2155 1862 2194 Pamelianam sect. 2. ait: Quod autem Ecclesia una sit, declavat in
1052 2193 1856 2237 Cantico Canticor. Spiritus Sanctus ex persons Christi dicens: Unes¬
1053 2218 1853 2264 columba mea, perfecta mea, una est matri suae, electa genitrici sus. Et
1059 2253 1856 2291 in lib. de Unitate Ecclesiae Catholicae sect. 3. Quam unam Ecclesiam
1068 2287 1857 2329 in Cant. Cantic. Sparitus Sanctus ex persona Domini designat e di¬
1068 2319 1865 2358 cit, Vna est columba mea, &c. Interprete etiam Ccegorio Magno
1066 2352 1856 2387 Pontifice Romano qui tomo 2. in Exposit. cap. 6. Cantic. super hae¬
1074 2385 1880 2418 perba ait: Mater nostra est regeneratrix gratiae, apud quam una co¬
1078 2421 1880 2453 umba eligitur, quia illos solos colligit, qui in simplicitate permanent,
1071 2451 1881 2488 & ab anitate non scinduntur. Multi quippe fideles dum in id ipsum
1068 2482 1881 2518 intendunt: dum uno desiderio Christi se invicem nutriunt, dum ha¬
1068 2516 1882 2555 bentes cor unum & animam unam in charitate se uniunt, ex multis
1068 2555 1882 2591 membris unum corpus efficiunt; Omnesque in unitatis simplicitate &:
1078 2580 1859 2618 unitate viventes, una columba exsistunt. Similiter & Bernatdus pe¬
1086 2613 1861 2650 hanc columbam intelligit Ecclesiam Sermon. sexages. secundo super
1077 2645 1855 2682 Cantica: Ecclesiasinquit) columba est & ideo requiescit. Columba¬
1090 2678 1862 2720 quia innocens, quia gemens. Columba inquam, quia in mansuetudi¬
1078 2709 1400 2761 nesuscipit insitum verhum.
1108 2733 1871 2783 Et requiescitin verbo, hoc est, in petranam petra est verbum. Hie¬
1090 2779 1868 2818 tonymus tomo &homidl. 1. in Cant. Cantic. per sponsam jubet intel¬
1084 2808 1880 2850 ligere Ecclesiam: Ait enim; Christum sponsum intellige, Ecclesiam
1089 2847 1867 2893 sponsam sine macula & rugn. Epiphanius contra haereses haeres. tri¬
1088 2884 1873 2928 ges. tert. hunc ipsum Cantieorum locum allegans ait: Columba mea,
1093 2907 1877 2956 perfecta mea, noc est, ipsa suncta sponsa Catholica Ecclesia; columba¬
1089 2950 1873 2989 quidem propter mansdeiudinem, innocentiam at vitae puritatem
1102 2975 1880 3016 perfecta vero, quia perfectam ex Deo accepit aratiam acscientiam ab¬
1099 3006 1880 3060 ipso Salvatore per Spiritum Sanctum. Rursum bernatdus Sermone
1099 3039 1875 3082 sextages. octavo super Cantic. ait: Quae est sponsa, & quis est sponsus.
1096 3083 1889 3116 Hic Deus noster est: & illa, fi audeo dicere, nes sumus, cum reliqua
1098 3108 1876 3157 quidem multitudine captivorum quos ipse novit. Et paulis post: Ipso
1105 3148 1877 3187 est enim Ecclesia electorum: de quibus Paulis: Omnia, inquit, pro¬
1108 3173 1882 3216 pter electos. Et rursum paulo post: Quid est sponsae, nisi congregatis
1108 3212 1893 3258 justorum? Per hanc unam colambam & purfectam, intelligit
