2063 3371
251 156 1028 195 Ecclesiam & Eccius in Enchiridio. Sic iterum dissentit Bellar. ab
254 193 944 234 Orthodoxis Patribus, a Pontifice Romano, ab aliis Papistis
277 220 1022 262 Si vero allegorice interpretemur hunc locum: per reginas, concu¬
243 253 1024 297 binas & puellas intelligi possunt vel particulares Ecclesiae in urbibus
244 290 1031 330 regiis, in civitatibus regiarum urbium aemulis, in oppidis & pagis
253 317 1023 354 tanquam puellis illarum: vel possunt intelligi per reginas anime san¬
246 351 1034 400 ctorum, per concubinas praedicatores falsi, per adolescentulas anime
250 384 753 435 vagae, ut interpretatur Gregorius Magnus.
520 430 768 498 Hec de priore loco.
274 476 1021 530 Posterior locus est Cantic. 2. vers. 2. Vt lilium inter spinas, ita es
250 521 1027 560 amica mea inter filias. Ex hoc loco sic argumentatur adversarius: Si
262 562 1025 597 er amicam intelligas Ecclesiam, quid intelliges per caeteras filias
246 593 1021 627 num congregationem infidelium? absit. Loquitur igitur de anime
237 618 1016 663 perfecta, quae inter multas peccatrices in eodem horto Ecclesiae com¬
231 661 1015 697 moratur. Et citat locum Augustini ex epist. 48. Dicuntur spinae pro¬
227 685 1027 730 pter malignitatem morum, dicuntur filiae, propter communionem sa¬
234 721 398 763 cramentorum.
267 745 1019 791 REPL. Quale artificium fuit prioris argumentationis, tale est &
243 781 1030 823 stius posterioris. Nam vel Syllogismus nullus est, velhoc modo erit,
228 818 387 859 formandus:
273 846 1013 891 Per amicam cap. 2. Cant. intelligitur vel Ecclesia, vel anima per
233 883 691 924 fecta. Non Ecclesia; Ergo anima perfecta.
261 906 875 950 Non esse Ecclesiam intelligendam probat hoc modo
261 937 1025 991 Si per amicam esset intelligenda Ecclesia, tum per filias intelligi
225 978 599 1025 deberet congregatio infidelium.
267 1013 1022 1057 At per filias non debet intelligi congregatio infidelium, sed anima
230 1042 797 1090 fideles, verum peccatrices, exponente Augustino:
261 1074 794 1114 Ergo per amicam non est intelligenda Ecclesia.
270 1093 1016 1146 At primo propositio non est vere disjunctiva, ut in superioris loc¬
221 1147 1021 1179 vindicatione est dictum. Secundo falsum est assumtum. Nam locum
227 1176 1013 1210 illum Cant. 2. vers. 2. de sancta Ecclesia dictum esse, omnem Chri¬
228 1210 1010 1243 stianum agnoscere docet Augustinus septimo tomo, libro de Unita.
225 1245 1011 1276 te Ecclesiae, cap. 13. Verba Augustini sunt: Est in Canticis Cantico
228 1274 1021 1310 rum, quod de sancta Ecclesia dictum omnis Christianus agnoscit, sicut
225 1308 1013 1342 lilium in medio spinarum, ita proxima mea in medio filiarum. Ter¬
219 1338 1010 1378 tio etiamsi concederetur, animam perfectam intelligi debere per a
220 1370 1025 1410 micam sponsi Christi: non tamen sequeretur, Ecclesiam non esse in¬
225 1405 1018 1442 telligendam. Nihil enimampedit quo minus de tota Ecclesia rectu
222 1437 1016 1475 dici possit, quod de anima perfecta dicitur, quum omnium vere cre¬
225 1470 1023 1508 dentium sit cor unum & anima una. Sicut enim totus Oceanus est a¬
219 1502 1015 1542 qua & quaelibet gutta Oceani est aqua; sicut tota massa auti est au¬
229 1535 1019 1572 rum & quaelibet pars auti est autum: ita tota Ecclesia illa Catholica
237 1568 1028 1608 quae est corpus Christi est amica Christi & quaelibet anima perfecta
232 1598 1012 1643 quae est pars corporis illius mystici est amica sponsi Christi. Nam qui
225 1631 1013 1673 sunt communia, possunt de toto & de partibus praedicari. Privilegia
224 1665 1010 1699 cujusque animae perfectae, sunt privilegia totius sanctae Ecclesiae Ca¬
219 1700 1026 1738 tholicae. Quaelibet anima perfecta amatur a Christo: & tota Ecclesia
227 1731 1025 1767 Catholica amatur a Christo. Quaelibet anima perfecta est gloriosa
229 1762 1018 1804 sine macula & ruga in Christo: & tota Catholica Ecclesia est gloriosa
222 1795 1022 1830 sine macula & ruga in Christo. Proverb. 8. versic. 17. dicit Christus
225 1829 1012 1873 de qualibet anima perfecta: Ego amantes mei amo: & de discipuli,
219 1862 1019 1895 suis Johan. 3. vers. 1. dicitur: Quum dilexisset suos illos qui erant in
228 1896 1012 1935 mudo, usque ad finem dilexit eos, & de tota Ecclesia Paulus ait Ephes¬.
222 1925 1009 1961 5. vers. 25. Christus dilexit Ecclesiam & semetipsum exposuit pro ea
222 1961 1016 2003 Ut eam sanctificaret, postquam eam purgasset lavacro aquae per Ver¬
220 1992 1016 2028 bum: Vt sisteret eam sibi gloriosam, Ecclesia non habentem maculam.
228 2024 1010 2063 aut rugam, aut quicquam ejusmodi, sed ut esset sancta & inculpata.
235 2056 1013 2090 Quaelibet anima perfecta in Christo, quae non est inquinata impieta¬
230 2093 1013 2134 te, idololatria, superstitione, injustitia, scortatione, luxu, est virgo: u
234 2121 1018 2155 dicitur Apoca. 14. vers. 4. Hi sunt qui cum mulieribus (nimirum im¬
237 2155 1019 2193 judicis, scortantibus, meretricibus, id est, urbibus idololatricis, a qui¬
227 2185 1022 2220 bus idololatria & abominatio varia ad alios quoque propagata, cu¬
238 2222 1024 2254 usmodi sunt Babylon, Roma, &c) non sunt inquinati: virgines enim
237 2251 1019 2290 sunt: hi sequuntur Agnum quocunque ierit: hi emti sunt ex homini¬
222 2282 1009 2323 bus primitiae Deo & Agno sacrae. Et quaelibet particularis pura ac ve¬
228 2319 1014 2359 ra Ecclesia est sponsa Christi propter electos qui sunt in ea: sicut Pau¬
227 2349 1022 2385 lus dicit de Ecclesia Corinthiaca 2. Corinth. 11. versic. 2. Ambio vos
219 2384 1022 2419 Dei Zelotypia: praeparavi enim vos quos uni viro, ut virginem pura
234 2412 1022 2457 sistam, nempe Christo. Et ipsa tota Ecclesia Catholica est virgo & spo¬
222 2447 1021 2483 sa Christi, ut dicit Johannes Apocalyp. 21. versic. 2. Et ego Iohannes
222 2486 1011 2519 vidi sauctam illam civitatem Hierusalem novam, descendentem.
237 2511 1020 2546 Deo e coelo, paratam ut sponsam ornatam viro suo. & vers. 9. dixit An¬
228 2542 1010 2586 gelus Johanni: Veni, ostendam tibi sponsam uxorem Agni. Et Apocal
238 2578 1010 2613 22. versic. 17. Et Spiritus & sponsa dicunt, Veni. Quarto in prosyllo¬
241 2608 1016 2647 gismo seu probatione Minoris concedo propositionem: at nego as¬
225 2630 1010 2681 sumtionem. Nam per filias alias intelligit Salomon alios omnes coe¬
222 2676 1012 2711 tus sive aperte infidelium,; sive clam, velut hypocritatum: hi enim col¬
227 2703 1015 2743 lati cum Ecclesia, sunt spinae. Sic ut sententia sit: Tam superat Ecclesia.
228 2739 1009 2775 alios omnes coetus dignitate, praestantia, bonitate, quam lilium spi¬
229 2773 1007 2810 nas: caeteri omnes coetus sunt spinae, si cum Ecclesia comparentur: ut
234 2803 1000 2838 optime interpretantur Tremellius & Junius. Quod autem Bellar
235 2838 1001 2880 minus negat per filias alias intelligi debere congregationes infide
237 2869 1004 2902 lium: ex eo sequitur, sententia ejus esse intelligendos etiam fideles.
231 2892 1012 2938 Nam inter fideles & infideles nullum est medium. Jam vel vere fide¬
240 2932 1006 2969 ses sunt intelligendi, vel externa tantum professione. Non vere fide¬
231 2956 1020 3014 les: hi enim sunt animae perfectae, sunt lilium: ergo externa tantum
237 2985 444 3032 professione fideles.
261 3027 1011 3071 At isti sunt hypocritae, sunt improbi, qui non sunt Ecclesia, etiamsi
238 3049 1016 3106 in illorum medio sit Ecclesia, sicut spinae non sunt lilium, etsi inter spi¬
240 3088 1004 3136 nas sit lilium. Atque hanc ob causam reprobos: filias dici censet Au¬
237 3116 1009 3170 gustinus epist. 48. quem locum ipsemet Bellarminus citavit. Causam
1045 143 1886 198 Aeandem repetit Augustinus libro de unitate Ecclesiae capite decimo¬
1077 186 1883 226 tertio: Unde appellat spinas, nisi propter malignitatem morum? Et
1085 221 1883 256 easdem unde filias, nisi propter communionem Sacramentorum:
1089 253 1874 289 Quem locum si inspexisset Bellarminus, reperisset immediate prae¬
1086 286 1876 323 cedere, locum in Canticis de quo jam agimus de sancta Ecclesia di¬
1084 317 1870 351 ctum ab omnibus Christianis agnosci. Ita Bellarminus in hujus et
1087 351 1884 387 iam loci explicatione ab Augustino, imo ab omnibus Christianis
1084 384 1873 420 dissentit. Etsi enim Gregorius Magnus & Bernatdus etiam de ani¬
1076 414 1886 451 ma perfecta eum exponunt, non negant tamen de Ecclesia sancta
1082 446 1886 484 intelligendum, cum haec non pugnent: imo si quis recte verba eorum
1092 481 1883 516 perpendat tam de Ecclesia sancta quam de anima perfecta accipiunt.
1082 519 1876 557 Ac revera lilium inter spinas sunt & singuli & universi fideles in ha cvita
1077 550 1878 594 versantes. Undique enim septi sunt spinis tentationum & tribulationum;
1083 577 1514 618 suos aculeos hinc inde intendentibus.
1116 605 1892 656 Ergo spinae, tentationes sunt: spinaetribulationes sunt: Quin et¬
1080 636 1894 689 iam spinae, peccata sunt: spinae poenae peccatorum sunt, spinae falsi¬
1077 677 1894 711 fratres sunt: spinae, mali vicini sunt, increduli, subversores, perso¬
1080 710 1895 745 cutores, hostes: spinae, pravi sunt & malignantes. Singuli proinde & S
1078 743 1867 778 universi vere fideles, siquidem sponsa & amica Christi esse volunt, vi¬
1099 774 1870 814 iles & soliciti esse debent super custodia sui. Ut enim nec vel levissi
1079 808 1880 848 mam spinae punctionem sustinet lilij teneritudo, sed mox ut modice
1083 840 1879 884 premitur, perforatur: ita fidelis, nisi cum timore & tremore suam,
1086 874 1876 913 ipsius salutem operetur & ab improbis sibi caveat, facile perfo¬
1081 909 1142 941 ratur.
1263 957 1691 1024 Hactenus de primo argumento.
1106 1014 1883 1060 SECUNDUM argumentum, quod adversarius nostrum esse di¬
1087 1057 1883 1093 cit, & sibi refutandum proposuit hoc est: Arca Noe figura fuit Eccle¬
1086 1089 1879 1122 siae, ut Augustinus docet libro quinto de Baptismo, capite ult. At in
1086 1121 1886 1162 Arca non fuerunt nisi qui salvandi erant ex aquis, ergo in Ecclesiae;
1083 1155 1374 1200 non sunt nisi praedestinatis
1116 1188 1877 1225 Respondet Bellarminus duo: Primum est, similitudines non in o¬
1071 1226 1877 1262 mnibus convenire, alioquin omnis baptizatus esset etiam praedestina¬
1087 1252 1881 1288 tus, quia I. Petr. 3. comparatur Baptismus cum Arca Noe, & non so¬
1074 1285 1879 1322 lum boni, sed etiam mali salvarentur, quia in Arca salvata sunt
1080 1319 1873 1353 animalia munda & immunda. Alterum est, in eo Arcam convenire.
1080 1355 1868 1395 cum Ecclesia, quod sicut extra Arcam nemo salvari potuit, ita ne¬
1088 1386 1867 1429 extra Ecclesiam, ut Augustinus loco notato, Cyprianus libro de Vni¬
1087 1416 1880 1450 tate Ecclesiae, & Hieronymus in Epist. ad Damasum de tribus hypo¬
1083 1450 1732 1485 stasibus docent, nec esse quaerendam aliam similitudinem
1110 1487 1877 1525 REPLICATIO nostra: Annotare Bellarminus debuit, qui nostro¬
1080 1513 1877 1554 rum doctorum hoc argumento vsi sint. Nam cum argumenta vere
1080 1548 1877 1581 Theologica & δπρδεικτικα, unanimi consensu statuant ducenda non
1081 1579 1883 1620 esse ex ipsis allegoriis, nisi allegoriarum illarum interpretatio locis
1073 1612 1880 1650 expressis Scripturae nitatur: tum magni Theologi ex nostris non
1078 1652 1874 1688 concedunt, a Petro Ecclesiam cum Arca Noe comparatam, ut An¬
1081 1682 1874 1715 tonius Sadeel in disputat, adversus Turrianum: sed docent, nostrum.
1074 1712 1875 1745 Baptismum ἀνπτυπον dici Baptismo Noe, id est, correspondentem
1077 1743 1874 1782 fine seu usu; ut patet ex Commentariis Johannis Calvini in locum 1.
1084 1779 1861 1816 Pet. 3. Nostrum Baptismum & liberationem Noe in Arca per me¬
1071 1804 1878 1848 dias aquas, adumbrasse Ecclesiae sanctificationem & emersionem a
1077 1846 1856 1884 peccati & mortis gurgite ut explicat Th. Beza in majoribus Annc¬
1068 1877 1863 1915 tationibus. Si vero Arcae Noe veritas sit explicanda, rectius dicitur
1081 1907 1863 1942 Arcam Noe fuisse figuram CHRISTI. Nam ut extra Arcam Noc
1073 1946 1857 1977 non erat ulla salus, pereunte mundo in diluvio: ita credimus extra
1077 1972 1867 2014 Christum, qui se electis in Ecclesia fruendum praebet, nullam esse sa¬
1080 1985 1901 2045 lutem certam, ut loquitur Confessio Helvetica posterior in capite, se¬
1077 2033 1860 2070 de Ecclesia. Proinde reiicere poteramus argumentum, & ejus defen¬
1077 2067 1880 2107 sionem omittere, cum non sit nostrum. Verum quia Cyprianus epist.
1080 2103 1879 2140 septuages. sext. ad Magnum; sect, secunda, Augustinus item, Hiero¬
1077 2137 1873 2177 nymus, Cyrillus, Nazianzenus Ecclesiam cum Arca Noe compara¬
1072 2165 1880 2210 runt, item Arcam Noe typum & figuram Ecclesiae esse docuerunt,
1076 2199 1871 2246 aliquid dicendum. Argumentum ex allegoria Patrum tale uffert ad¬
1081 2232 1194 2270 versarius:
1104 2259 1870 2309 Arca Noe fuit figura Ecclesiae: At in Arca Noe non erant nisi qui
1074 2292 1876 2343 salvandi erant ex aquis: Ergo in Ecclesia non sunt nisi praedestinatis
1077 2331 1184 2371 ad vitam.
1104 2363 1869 2410 Si quis hoc argumento usus est, non observavit ambiguam esse
1086 2405 1873 2441 onclusionem. Nam etsi praedestinati ad vitam ita sint in Ecclesia, ut
1076 2437 1876 2484 ipsi etiam sint Ecclesia super petram aedificata: tamen & reprobi pos¬
1083 2477 1873 2515 sunt dici esse in Ecclesia, sed ita ut non pertineant ad compagem Ec¬
1077 2502 1867 2547 clesiae; quod discrimen explicat Augustinus tomo septimo, de Baptis
1078 2534 1867 2577 mo contra Donatistas lib. sept. cap. quinquages. prim. Hinc est illuc
1078 2570 1721 2609 tritum: Non omnes qui sunt in Ecclesia, sunt de Ecclesia.
1102 2606 1866 2641 Sed videamus exceptionem Bellarmini. Respondet, similitudines
1077 2632 1861 2665 non in omnibus convenire. Hoc libentissime damus, & adversus
1071 2664 1863 2701 ipsum usurpare possumus in refellendis plurimis argumentis ejus ali¬
1077 2705 1875 2738 legoricis. Suam responsionem, luabus confirmat rationibus ab ab¬
1059 2733 1864 2776 surdo ductis. Prima est: quia alioquin omnis baptizatus esset etiam
1074 2765 1871 2806 praedestinatus, quoniam 1. Petr. 3. comparatur Baptismus cum Arca¬
1067 2798 1864 2836 Noe. Haec ratio partim adversatur Bellarmino, partim falsa est. Ad¬
1064 2828 1861 2864 versatur in eo, quod docet, non omnem baptizatum esse praedestina¬
1077 2861 1861 2899 lum ad salutem: Cur igitur omnibus baptizatis alibi tribuit, quoc
1074 2895 1870 2926 cantum est electorum? Adversatur etiam in eo, quod ait 1. Pet. 3. com¬
1074 2925 1869 2971 parati Baptismum cum Arca Noe: falsum igitur est quod in tomi¬
1065 2962 1855 2999 pri, part. tert. libro pri,cap. nono ait, Ecclesiam comparati 1. Petr. 3. Ar¬
1068 2995 1854 3036 cae Noe, ut inde probet Monarchicum regimen in Ecclesia esse de
1065 3021 1856 3068 bere. Fieri enim non potest, ut in uno & eodem loco disparata cum
1071 3056 1850 3093 re eadem comparentur. Praeterea neutrum ex loco Petri colligi po¬
1069 3092 1865 3131 test. Falsum vero in hac ratione est, quod dicit, Baptismum cum Arca¬
1065 3119 1256 3170 Noe comparatis
