<?xml version="1.0" encoding="UTF-8" standalone="yes"?>
<PcGts xmlns="http://schema.primaresearch.org/PAGE/gts/pagecontent/2013-07-15" xmlns:xsi="http://www.w3.org/2001/XMLSchema-instance" xsi:schemaLocation="http://schema.primaresearch.org/PAGE/gts/pagecontent/2013-07-15 http://schema.primaresearch.org/PAGE/gts/pagecontent/2013-07-15/pagecontent.xsd">
    <Metadata>
        <Creator>prov=University of Rostock/Institute of Mathematics/CITlab|PLANET AI GmbH/Gundram Leifert/gundram.leifert@planet-ai.de:name=cod-MkL9py-m2(htr_id=30048)::::v=2.6.7
prov=University of Rostock/Institute of Mathematics/CITlab|PLANET AI GmbH/Tobias Gruening/tobias.gruening@planet-ai.de:name=de.uros.citlab.module.baseline2polygon.B2PSeamMultiOriented:v=2.6.7
prov=University of Rostock/Institute of Mathematics/CITlab|PLANET AI GmbH/Tobias Gruening/tobias.gruening@planet-ai.de:name=/net_tf/LA73_249_0mod360.pb:de.uros.citlab.segmentation.CITlab_LA_ML:v=2.6.6
Transkribus</Creator>
        <Created>2021-01-14T09:11:29.619-05:00</Created>
        <LastChange>2021-02-14T03:54:12.901+01:00</LastChange>
        <TranskribusMetadata docId="572044" pageId="23601768" pageNr="78" tsid="52625351" status="IN_PROGRESS" userId="25065" imgUrl="https://files.transkribus.eu/Get?id=PVAYNAMOUAEDUXWSNCGRICQP&amp;fileType=view" xmlUrl="https://files.transkribus.eu/Get?id=EBFASIXPXUHAAFGTISEWJXPQ" imageId="18118026"/>
    </Metadata>
    <Page imageFilename="cod-MkL9py-0078.jpg" imageWidth="2063" imageHeight="3450">
        <ReadingOrder>
            <OrderedGroup id="ro_1613393911559" caption="Regions reading order">
                <RegionRefIndexed index="0" regionRef="TextRegion_1612241610894_1058"/>
                <RegionRefIndexed index="1" regionRef="TextRegion_1612241629054_1070"/>
            </OrderedGroup>
        </ReadingOrder>
        <TextRegion orientation="0.0" id="TextRegion_1612241610894_1058" custom="readingOrder {index:0;}">
            <Coords points="233,192 1060,192 1060,250 1047,3178 1046,3255 233,3255"/>
            <TextLine id="line_1612241611096_1063" custom="readingOrder {index:0;}">
                <Coords points="261,274 1064,274 1064,244 879,231 261,242"/>
                <Baseline points="266,266 347,266 428,267 509,267 591,267 672,267 753,267 835,267 916,267 997,267 1059,267"/>
                <TextEquiv>
                    <Unicode>religionis autoritatem a Propheta conscriptus, &amp; fuisset in Canone</Unicode>
                </TextEquiv>
            </TextLine>
            <TextLine id="r2l4" custom="readingOrder {index:1;}">
                <Coords points="258,305 1052,307 1044,277 258,277"/>
                <Baseline points="263,299 302,299 341,300 380,300 419,300 459,300 498,300 537,300 576,300 615,300 655,300 694,300 733,300 772,300 811,300 851,300 890,300 929,300 968,302 1007,302 1047,302"/>
                <TextEquiv>
                    <Unicode>divino tradito Judaeis, quibus concredita fuerunt eloquia DEI, Ro¬</Unicode>
                </TextEquiv>
            </TextLine>
            <TextLine id="r2l6" custom="readingOrder {index:2;}">
                <Coords points="264,342 1039,340 1015,306 264,311"/>
                <Baseline points="269,333 307,333 345,333 383,333 422,333 460,333 498,333 536,333 575,333 613,333 651,333 689,333 728,333 766,333 804,333 842,333 881,333 919,334 957,335 995,335 1034,336"/>
                <TextEquiv>
                    <Unicode>man. 3. 2. Sed Judaei librum hujusmodi nullum in Canone suo ha¬</Unicode>
                </TextEquiv>
            </TextLine>
            <TextLine id="r2l8" custom="readingOrder {index:3;}">
                <Coords points="256,372 1055,377 1055,347 961,340 256,340"/>
                <Baseline points="261,362 300,364 339,365 379,366 418,366 458,368 497,368 537,368 576,368 616,368 655,368 694,368 734,368 773,368 813,368 852,368 892,368 931,368 971,368 1010,369 1050,369"/>
                <TextEquiv>
                    <Unicode>buerunt. Ergo non est necesse verbum ωροιφητοbοε de scriptione</Unicode>
                </TextEquiv>
            </TextLine>
            <TextLine id="r2l10" custom="readingOrder {index:4;}">
                <Coords points="249,409 312,409 320,418 352,418 353,372 336,379 329,373 307,371 294,380 250,369"/>
                <Baseline points="254,399 285,398 316,399 347,402"/>
                <TextEquiv>
                    <Unicode>intelligi</Unicode>
                </TextEquiv>
            </TextLine>
            <TextLine id="r2l13" custom="readingOrder {index:5;}">
                <Coords points="453,474 847,474 847,432 806,426 453,427"/>
                <Baseline points="458,458 483,458 509,458 534,458 560,458 586,459 611,459 637,459 662,459 688,459 714,459 739,458 765,458 790,458 816,457 842,456"/>
                <TextEquiv>
                    <Unicode>Haec de epistola fudae: sequitur </Unicode>
                </TextEquiv>
            </TextLine>
            <TextLine id="r2l16" custom="readingOrder {index:6;}">
                <Coords points="396,530 910,529 910,484 546,484 496,502 479,485 396,477"/>
                <Baseline points="401,515 426,515 451,515 476,516 501,516 527,516 552,516 577,516 602,516 627,516 653,516 678,516 703,516 728,516 753,516 779,516 804,518 829,518 854,518 879,518 905,519"/>
                <TextEquiv>
                    <Unicode>DEAPOCALTPSI</Unicode>
                </TextEquiv>
            </TextLine>
            <TextLine id="r2l18" custom="readingOrder {index:7;}">
                <Coords points="532,586 549,576 574,579 590,571 644,577 664,570 698,578 714,570 728,577 766,572 766,533 618,532 606,525 585,534 532,530"/>
                <Baseline points="537,560 565,561 593,561 621,560 649,560 677,560 705,560 733,560 761,561"/>
                <TextEquiv>
                    <Unicode>POHANNIS</Unicode>
                </TextEquiv>
            </TextLine>
            <TextLine id="r2l21" custom="readingOrder {index:8;}">
                <Coords points="291,618 1006,634 1038,627 1039,597 291,581"/>
                <Baseline points="296,612 332,612 369,611 406,611 443,611 480,611 517,611 554,612 591,612 628,612 665,612 701,614 738,614 775,614 812,615 849,615 886,617 923,617 960,617 997,618 1034,618"/>
                <TextEquiv>
                    <Unicode>Qui Apocalypsin Johannis oppugnant &amp; neque Johannis Apo¬</Unicode>
                </TextEquiv>
            </TextLine>
            <TextLine id="r2l23" custom="readingOrder {index:9;}">
                <Coords points="246,651 1024,671 1017,624 246,613"/>
                <Baseline points="251,644 289,644 327,644 366,644 404,644 443,644 481,644 519,644 558,645 596,645 635,645 673,647 711,647 750,648 788,648 827,649 865,650 903,650 942,650 980,651 1019,651"/>
                <TextEquiv>
                    <Unicode>stoli neque divinum &amp; Canonicum librum esse contendunt, conje</Unicode>
                </TextEquiv>
            </TextLine>
            <TextLine id="r2l25" custom="readingOrder {index:10;}">
                <Coords points="253,682 538,694 578,683 626,696 731,686 721,654 691,665 253,652"/>
                <Baseline points="258,675 284,677 310,677 336,678 362,678 388,678 414,678 440,678 466,677 492,677 518,677 544,677 570,677 596,677 622,677 648,678 674,679 700,680 726,681"/>
                <TextEquiv>
                    <Unicode>cturis potius ducuntur quam argumentis</Unicode>
                </TextEquiv>
            </TextLine>
            <TextLine id="r2l27" custom="readingOrder {index:11;}">
                <Coords points="282,714 1027,729 1034,692 282,685"/>
                <Baseline points="287,710 324,708 361,708 398,708 435,708 472,708 509,708 546,710 583,710 620,710 658,710 695,711 732,711 769,713 806,713 843,713 880,714 917,714 954,715 991,716 1029,716"/>
                <TextEquiv>
                    <Unicode>Primo ajunt, Gajum vetustum autorem in Disputationum sua¬</Unicode>
                </TextEquiv>
            </TextLine>
            <TextLine id="r2l29" custom="readingOrder {index:12;}">
                <Coords points="246,746 1046,760 1046,727 1010,721 246,717"/>
                <Baseline points="251,741 290,741 330,740 369,740 409,740 448,740 488,741 527,741 567,741 606,743 646,743 685,743 725,744 764,744 804,746 843,746 883,747 922,747 962,748 1001,749 1041,749"/>
                <TextEquiv>
                    <Unicode>rum dialogo affirmare, librum hunc esse Cerinthi haeretici, ut refert</Unicode>
                </TextEquiv>
            </TextLine>
            <TextLine id="r2l31" custom="readingOrder {index:13;}">
                <Coords points="246,781 970,789 970,764 916,753 247,746"/>
                <Baseline points="251,774 286,774 322,773 358,773 393,773 429,773 465,773 500,773 536,774 572,774 608,774 643,774 679,776 715,776 750,776 786,777 822,777 857,778 893,779 929,780 965,780"/>
                <TextEquiv>
                    <Unicode>Eusebius lio. tertio Ecclesiast. historiae, capite vigesimo octavo.</Unicode>
                </TextEquiv>
            </TextLine>
            <TextLine id="r2l33" custom="readingOrder {index:14;}">
                <Coords points="273,809 1009,828 1025,781 941,798 273,787"/>
                <Baseline points="278,807 315,807 352,807 389,807 426,807 463,807 500,807 537,807 574,807 611,807 648,807 685,807 722,808 759,809 796,809 833,809 870,810 907,811 944,812 981,813 1019,815"/>
                <TextEquiv>
                    <Unicode>Secundo, Tionysium Alexandrinum &amp; Eusebium Histor. Eccle¬</Unicode>
                </TextEquiv>
            </TextLine>
            <TextLine id="r2l35" custom="readingOrder {index:15;}">
                <Coords points="252,846 1033,858 1033,826 980,817 305,824 252,805"/>
                <Baseline points="257,840 295,840 334,840 372,840 411,840 449,840 488,840 526,840 565,840 603,840 642,842 681,842 719,842 758,842 796,842 835,843 873,843 912,845 950,845 989,846 1028,848"/>
                <TextEquiv>
                    <Unicode>siast. septimo, libro, capite vicesimotertio subdubitare, sit ne Johan¬</Unicode>
                </TextEquiv>
            </TextLine>
            <TextLine id="r2l37" custom="readingOrder {index:16;}">
                <Coords points="250,882 641,882 641,848 520,855 507,845 484,856 464,846 404,859 389,846 340,857 250,851"/>
                <Baseline points="255,873 280,873 305,873 331,873 356,873 382,873 407,873 432,873 458,873 483,873 509,873 534,873 559,873 585,873 610,873 636,873"/>
                <TextEquiv>
                    <Unicode>nis Apostoli, an alterius Johannis</Unicode>
                </TextEquiv>
            </TextLine>
            <TextLine id="r2l39" custom="readingOrder {index:17;}">
                <Coords points="285,909 1037,928 1038,883 987,879 286,881"/>
                <Baseline points="290,906 327,906 364,906 401,906 438,906 475,905 512,905 549,905 586,905 623,905 661,905 698,906 735,906 772,906 809,906 846,906 883,908 920,908 957,909 994,910 1032,911"/>
                <TextEquiv>
                    <Unicode>Tertio, I Graecis librum hunc non fuisse receptum, ut testis est</Unicode>
                </TextEquiv>
            </TextLine>
            <TextLine id="r2l41" custom="readingOrder {index:18;}">
                <Coords points="250,946 674,946 674,917 361,920 250,907"/>
                <Baseline points="255,935 280,936 306,938 332,938 358,939 384,939 410,939 436,939 462,939 487,939 513,938 539,938 565,938 591,938 617,938 643,938 669,938"/>
                <TextEquiv>
                    <Unicode>Hieronymus epistolam ad Dardanum.</Unicode>
                </TextEquiv>
            </TextLine>
            <TextLine id="r2l43" custom="readingOrder {index:19;}">
                <Coords points="277,985 887,992 1037,980 1037,939 277,949"/>
                <Baseline points="282,971 319,971 357,969 394,969 432,968 469,968 507,968 544,968 582,968 619,968 657,969 694,969 732,969 769,970 807,971 844,971 882,971 919,972 957,973 994,974 1032,974"/>
                <TextEquiv>
                    <Unicode>Quarto, autore libri beatos asserere, qui servant ea quae in eo scri¬</Unicode>
                </TextEquiv>
            </TextLine>
            <TextLine id="r2l45" custom="readingOrder {index:20;}">
                <Coords points="256,1007 1040,1012 1020,979 256,981"/>
                <Baseline points="261,1001 299,1001 338,1002 377,1002 415,1002 454,1002 493,1002 531,1002 570,1002 609,1002 648,1002 686,1002 725,1002 764,1004 802,1004 841,1004 880,1004 918,1005 957,1005 996,1006 1035,1007"/>
                <TextEquiv>
                    <Unicode>pta sunt, &amp; i nprimis cap. 1. &amp; uliimo dicere, Beatus qui servat verba¬</Unicode>
                </TextEquiv>
            </TextLine>
            <TextLine id="r2l47" custom="readingOrder {index:21;}">
                <Coords points="244,1041 1045,1048 1045,1017 994,1011 244,1015"/>
                <Baseline points="249,1034 288,1035 328,1035 367,1035 407,1035 446,1035 486,1035 525,1035 565,1035 604,1035 644,1035 684,1037 723,1037 763,1037 802,1037 842,1037 881,1038 921,1038 960,1040 1000,1040 1040,1041"/>
                <TextEquiv>
                    <Unicode>Prophetiae hujus, cum tamen propter obscuritatem nemo intelligat </Unicode>
                </TextEquiv>
            </TextLine>
            <TextLine id="r2l49" custom="readingOrder {index:22;}">
                <Coords points="250,1081 285,1071 306,1078 325,1068 367,1087 395,1072 458,1078 458,1052 425,1042 404,1051 382,1040 360,1051 313,1039 297,1051 250,1048"/>
                <Baseline points="255,1065 283,1067 311,1067 339,1067 368,1067 396,1067 424,1068 453,1070"/>
                <TextEquiv>
                    <Unicode>hanc Prophetiam</Unicode>
                </TextEquiv>
            </TextLine>
            <TextLine id="r2l51" custom="readingOrder {index:23;}">
                <Coords points="276,1116 1040,1114 1040,1077 276,1076"/>
                <Baseline points="281,1103 318,1101 356,1101 394,1100 431,1100 469,1100 507,1100 544,1100 582,1100 620,1100 658,1100 695,1100 733,1100 771,1100 808,1101 846,1101 884,1101 921,1103 959,1103 997,1103 1035,1104"/>
                <TextEquiv>
                    <Unicode>Quinto, Dorotheum Tyri episcopum ac mattyrem in compen¬</Unicode>
                </TextEquiv>
            </TextLine>
            <TextLine id="r2l53" custom="readingOrder {index:24;}">
                <Coords points="243,1136 1033,1146 1034,1116 244,1101"/>
                <Baseline points="248,1130 287,1130 326,1131 365,1131 404,1132 443,1133 482,1133 521,1133 560,1133 599,1134 638,1134 677,1134 716,1134 755,1134 794,1134 833,1136 872,1136 911,1136 950,1136 989,1137 1028,1137"/>
                <TextEquiv>
                    <Unicode>dio vitatum iin quo de Johannis Evangelio scribit, &amp; Anastasium hu¬</Unicode>
                </TextEquiv>
            </TextLine>
            <TextLine id="r2l55" custom="readingOrder {index:25;}">
                <Coords points="253,1178 283,1170 295,1178 340,1170 349,1178 517,1178 527,1176 528,1140 494,1140 484,1149 473,1139 432,1151 350,1149 339,1137 326,1147 305,1137 254,1142"/>
                <Baseline points="258,1163 284,1164 310,1164 337,1166 363,1166 390,1166 416,1166 442,1166 469,1167 495,1167 522,1166"/>
                <TextEquiv>
                    <Unicode>us libri non meminisse</Unicode>
                </TextEquiv>
            </TextLine>
            <TextLine id="r2l57" custom="readingOrder {index:26;}">
                <Coords points="270,1206 1042,1220 1042,1188 1013,1181 270,1181"/>
                <Baseline points="275,1203 313,1203 351,1202 389,1202 427,1202 465,1202 503,1203 541,1203 579,1203 617,1203 656,1205 694,1205 732,1205 770,1206 808,1206 846,1206 884,1208 922,1208 960,1209 998,1209 1037,1211"/>
                <TextEquiv>
                    <Unicode>Sexto, aut orem libri passim nomen suum inculcare, dicendo, Ego¬</Unicode>
                </TextEquiv>
            </TextLine>
            <TextLine id="r2l60" custom="readingOrder {index:27;}">
                <Coords points="240,1255 1033,1249 1033,1222 972,1214 240,1205"/>
                <Baseline points="245,1236 284,1236 323,1236 362,1236 401,1236 440,1236 479,1236 519,1236 558,1236 597,1236 636,1236 675,1238 714,1238 753,1238 793,1238 832,1239 871,1239 910,1240 949,1241 988,1241 1028,1242"/>
                <TextEquiv>
                    <Unicode>Johannes, ego Johannes, quasi syngrapham scriberet, non librum.</Unicode>
                </TextEquiv>
            </TextLine>
            <TextLine id="r2l62" custom="readingOrder {index:28;}">
                <Coords points="247,1285 1027,1280 1027,1254 988,1246 247,1254"/>
                <Baseline points="252,1271 290,1269 329,1269 367,1269 406,1268 444,1268 483,1268 521,1268 560,1268 598,1268 637,1269 675,1269 714,1269 752,1271 791,1271 829,1272 868,1272 906,1273 945,1274 983,1274 1022,1275"/>
                <TextEquiv>
                    <Unicode>praeter mor em Apostolorum qui visiones suas narrantes a talilo¬</Unicode>
                </TextEquiv>
            </TextLine>
            <TextLine id="r2l64" custom="readingOrder {index:29;}">
                <Coords points="251,1319 1025,1313 1025,1280 987,1278 252,1283"/>
                <Baseline points="257,1302 295,1302 333,1301 371,1301 409,1301 447,1301 485,1301 524,1301 562,1302 600,1302 638,1302 676,1302 714,1302 752,1304 791,1304 829,1304 867,1304 905,1305 943,1305 981,1307 1020,1307"/>
                <TextEquiv>
                    <Unicode>quendi more abstinent, ut Petrus &amp; Paulus: &amp; quum alioquin Jo¬</Unicode>
                </TextEquiv>
            </TextLine>
            <TextLine id="r2l66" custom="readingOrder {index:30;}">
                <Coords points="250,1347 1040,1345 1040,1319 978,1312 250,1317"/>
                <Baseline points="255,1335 294,1335 333,1335 372,1334 411,1334 450,1334 489,1334 528,1334 567,1334 606,1335 645,1335 684,1335 723,1335 762,1337 801,1337 840,1337 879,1338 918,1338 957,1338 996,1340 1035,1340"/>
                <TextEquiv>
                    <Unicode>nannes Apostolus modestiora de se narrans nomen suum nusquam </Unicode>
                </TextEquiv>
            </TextLine>
            <TextLine id="r2l68" custom="readingOrder {index:31;}">
                <Coords points="236,1374 911,1396 1026,1385 1027,1346 237,1346"/>
                <Baseline points="242,1370 281,1369 320,1368 359,1368 398,1367 437,1367 476,1367 515,1367 554,1367 593,1368 632,1368 671,1368 710,1369 749,1370 788,1370 827,1371 866,1371 905,1371 944,1373 983,1373 1022,1373"/>
                <TextEquiv>
                    <Unicode>exprirnat in Evangelio, sed notis quibusdam indicet, nempe, discipu</Unicode>
                </TextEquiv>
            </TextLine>
            <TextLine id="r2l70" custom="readingOrder {index:32;}">
                <Coords points="237,1410 577,1407 577,1379 557,1375 320,1382 292,1373 269,1383 237,1374"/>
                <Baseline points="242,1400 267,1401 292,1401 318,1401 343,1401 368,1401 394,1400 419,1400 445,1400 470,1400 495,1400 521,1400 546,1400 572,1400"/>
                <TextEquiv>
                    <Unicode>lus illse quem diligebat Iesus.</Unicode>
                </TextEquiv>
            </TextLine>
            <TextLine id="r2l72" custom="readingOrder {index:33;}">
                <Coords points="267,1437 1031,1456 1031,1399 267,1412"/>
                <Baseline points="272,1433 309,1433 347,1433 385,1433 422,1433 460,1433 498,1433 535,1434 573,1434 611,1434 649,1434 686,1434 724,1434 762,1436 799,1436 837,1436 875,1436 912,1437 950,1437 988,1437 1026,1439"/>
                <TextEquiv>
                    <Unicode>Siptimo, in Graecis codicibus titulum non esse Johannis Apostolis</Unicode>
                </TextEquiv>
            </TextLine>
            <TextLine id="r2l74" custom="readingOrder {index:34;}">
                <Coords points="241,1489 354,1473 526,1486 526,1446 515,1440 451,1446 424,1438 374,1450 318,1439 299,1451 273,1437 241,1441"/>
                <Baseline points="246,1470 271,1469 296,1467 321,1467 346,1467 371,1466 396,1466 421,1466 446,1467 471,1467 496,1467 521,1466"/>
                <TextEquiv>
                    <Unicode>sed Johannis Theologi.</Unicode>
                </TextEquiv>
            </TextLine>
            <TextLine id="r2l76" custom="readingOrder {index:35;}">
                <Coords points="279,1519 1012,1520 1030,1478 279,1485"/>
                <Baseline points="284,1506 321,1506 358,1506 395,1506 432,1506 469,1506 506,1506 543,1506 580,1506 617,1506 654,1506 691,1506 728,1506 765,1506 802,1505 839,1505 876,1505 913,1505 950,1505 987,1506 1025,1506"/>
                <TextEquiv>
                    <Unicode>yctavo, Librum hunc nihil habere Apostolicae gravitatis, sed</Unicode>
                </TextEquiv>
            </TextLine>
            <TextLine id="r2l79" custom="readingOrder {index:36;}">
                <Coords points="241,1550 1036,1543 990,1512 241,1523"/>
                <Baseline points="246,1541 285,1539 324,1539 363,1539 403,1539 442,1539 481,1538 520,1538 560,1538 599,1538 638,1538 677,1538 717,1538 756,1539 795,1539 834,1539 874,1539 913,1539 952,1539 991,1538 1031,1538"/>
                <TextEquiv>
                    <Unicode>vulsgatam tantum rerum historiam figuratum involueris adumbra¬</Unicode>
                </TextEquiv>
            </TextLine>
            <TextLine id="r2l81" custom="readingOrder {index:37;}">
                <Coords points="237,1579 1030,1584 1030,1552 989,1544 237,1553"/>
                <Baseline points="242,1574 281,1574 320,1572 359,1572 398,1572 437,1572 476,1572 516,1572 555,1572 594,1572 633,1572 672,1572 711,1572 750,1572 790,1572 829,1572 868,1572 907,1572 946,1572 985,1572 1025,1572"/>
                <TextEquiv>
                    <Unicode>tami; deinde nec in sententiis esse quicquam Apostolica gravitate </Unicode>
                </TextEquiv>
            </TextLine>
            <TextLine id="r2l83" custom="readingOrder {index:38;}">
                <Coords points="244,1618 257,1617 269,1624 300,1610 322,1621 330,1613 347,1610 347,1589 280,1588 271,1587 265,1581 244,1578"/>
                <Baseline points="249,1608 280,1604 311,1606 342,1608"/>
                <TextEquiv>
                    <Unicode>dignum.</Unicode>
                </TextEquiv>
            </TextLine>
            <TextLine id="r2l85" custom="readingOrder {index:39;}">
                <Coords points="279,1646 1016,1646 1030,1607 511,1597 279,1617"/>
                <Baseline points="284,1638 321,1638 358,1638 395,1638 432,1638 469,1638 506,1638 543,1638 580,1638 617,1637 654,1637 691,1637 728,1637 765,1637 802,1637 839,1637 876,1637 913,1638 950,1638 987,1638 1025,1638"/>
                <TextEquiv>
                    <Unicode>Nono, magnam esse styli dissimilitudinem, in hoc libro &amp; Evan¬</Unicode>
                </TextEquiv>
            </TextLine>
            <TextLine id="r2l87" custom="readingOrder {index:40;}">
                <Coords points="246,1685 1034,1680 1034,1655 968,1644 246,1644"/>
                <Baseline points="251,1670 289,1670 328,1671 367,1671 406,1671 445,1671 484,1671 523,1671 562,1670 601,1670 640,1670 678,1670 717,1670 756,1670 795,1670 834,1670 873,1670 912,1670 951,1670 990,1670 1029,1670"/>
                <TextEquiv>
                    <Unicode>gelio atque epistola Johannis Evangelistae, qua Dionysius ille Alexan¬</Unicode>
                </TextEquiv>
            </TextLine>
            <TextLine id="r2l89" custom="readingOrder {index:41;}">
                <Coords points="238,1710 875,1717 1028,1711 1028,1682 238,1687"/>
                <Baseline points="243,1703 282,1704 321,1704 360,1704 399,1704 438,1704 477,1704 516,1703 555,1703 594,1703 633,1703 672,1703 711,1701 750,1701 789,1701 828,1701 867,1701 906,1701 945,1703 984,1703 1023,1703"/>
                <TextEquiv>
                    <Unicode>drinuus tribus argumentis confirmat, ut refert Nicephorus Eccle¬</Unicode>
                </TextEquiv>
            </TextLine>
            <TextLine id="r2l91" custom="readingOrder {index:42;}">
                <Coords points="228,1745 1007,1745 1030,1719 228,1721"/>
                <Baseline points="233,1734 272,1735 312,1736 351,1736 391,1737 431,1737 470,1737 510,1736 549,1736 589,1736 629,1736 668,1734 708,1734 747,1734 787,1734 827,1734 866,1734 906,1734 945,1734 985,1736 1025,1737"/>
                <TextEquiv>
                    <Unicode>siast. IHistor. lib. 6. cap. 23. Primum ex tota orationis indole &amp; ductus</Unicode>
                </TextEquiv>
            </TextLine>
            <TextLine id="r2l93" custom="readingOrder {index:43;}">
                <Coords points="231,1783 1040,1774 1021,1740 231,1744"/>
                <Baseline points="236,1767 278,1769 320,1769 362,1769 404,1769 446,1769 488,1769 530,1769 572,1769 614,1768 656,1767 698,1767 740,1767 782,1767 824,1767 866,1767 908,1767 950,1767 992,1767 1035,1767"/>
                <TextEquiv>
                    <Unicode>deintse quod quum Evangelio &amp; epistolae Johannis Catholicae mul¬</Unicode>
                </TextEquiv>
            </TextLine>
            <TextLine id="r2l95" custom="readingOrder {index:44;}">
                <Coords points="240,1810 992,1812 1036,1806 1036,1776 240,1777"/>
                <Baseline points="245,1800 284,1800 323,1802 362,1802 402,1802 441,1802 480,1802 520,1802 559,1801 598,1800 638,1800 677,1800 716,1800 755,1800 795,1799 834,1799 873,1799 913,1799 952,1800 991,1800 1031,1802"/>
                <TextEquiv>
                    <Unicode>ta sinnt communia, hic liber ne syllabam quidem ullam habeat cum</Unicode>
                </TextEquiv>
            </TextLine>
            <TextLine id="r2l97" custom="readingOrder {index:45;}">
                <Coords points="243,1842 1017,1843 1030,1806 243,1816"/>
                <Baseline points="248,1833 286,1833 325,1833 364,1833 403,1833 442,1833 481,1833 519,1833 558,1833 597,1833 636,1833 675,1833 714,1833 753,1832 791,1832 830,1832 869,1832 908,1832 947,1832 986,1833 1025,1833"/>
                <TextEquiv>
                    <Unicode>eis communem: Postremo quod sermonis etiam dono excelluerit,</Unicode>
                </TextEquiv>
            </TextLine>
            <TextLine id="r2l99" custom="readingOrder {index:46;}">
                <Coords points="237,1881 1028,1881 1028,1848 995,1839 237,1840"/>
                <Baseline points="242,1868 281,1868 320,1868 359,1868 398,1868 437,1866 476,1866 515,1866 554,1866 593,1866 632,1866 671,1866 710,1866 749,1866 788,1865 827,1865 866,1865 905,1865 944,1865 983,1866 1023,1866"/>
                <TextEquiv>
                    <Unicode>Johunnes, alicubi hic noster rusticis barbarismis &amp; soloecismis u¬</Unicode>
                </TextEquiv>
            </TextLine>
            <TextLine id="r2l101" custom="readingOrder {index:47;}">
                <Coords points="245,1914 259,1914 270,1904 285,1909 296,1904 302,1909 313,1910 314,1882 304,1883 296,1876 289,1882 279,1881 276,1877 272,1880 257,1877 252,1881 247,1881"/>
                <Baseline points="251,1899 279,1899 308,1902"/>
                <TextEquiv>
                    <Unicode>tatuir. </Unicode>
                </TextEquiv>
            </TextLine>
            <TextLine id="r2l103" custom="readingOrder {index:48;}">
                <Coords points="277,1937 1031,1938 1031,1908 983,1894 277,1908"/>
                <Baseline points="282,1932 319,1932 356,1932 393,1932 430,1932 468,1932 505,1932 542,1932 579,1932 616,1931 654,1931 691,1931 728,1931 765,1931 802,1931 840,1931 877,1931 914,1931 951,1931 988,1931 1026,1931"/>
                <TextEquiv>
                    <Unicode>DDecimo, hunc librum a Concilio Laodiceno in Catalogo libro¬</Unicode>
                </TextEquiv>
            </TextLine>
            <TextLine id="r2l105" custom="readingOrder {index:49;}">
                <Coords points="234,1979 649,1970 649,1947 611,1937 565,1948 234,1940"/>
                <Baseline points="239,1962 264,1963 289,1964 314,1964 340,1964 365,1965 390,1965 416,1965 441,1965 466,1965 492,1965 517,1964 542,1964 568,1964 593,1964 618,1964 644,1965"/>
                <TextEquiv>
                    <Unicode>ruim Canonicorum praetermissum.</Unicode>
                </TextEquiv>
            </TextLine>
            <TextLine id="r2l107" custom="readingOrder {index:50;}">
                <Coords points="273,2003 1018,2002 991,1958 632,1981 273,1970"/>
                <Baseline points="278,1995 314,1996 351,1997 388,1997 425,1998 461,1998 498,1998 535,1998 572,1998 608,1997 645,1997 682,1997 719,1997 755,1995 792,1995 829,1995 866,1994 902,1994 939,1994 976,1994 1013,1995"/>
                <TextEquiv>
                    <Unicode>Undecimo, hunc librum habere cap. 22. 18 &amp; 19 terribilem obter</Unicode>
                </TextEquiv>
            </TextLine>
            <TextLine id="r2l109" custom="readingOrder {index:51;}">
                <Coords points="243,2035 1021,2034 1021,2005 957,2001 588,2017 243,1997"/>
                <Baseline points="248,2028 286,2030 324,2030 363,2030 401,2030 440,2030 478,2030 516,2030 555,2030 593,2029 632,2028 670,2028 708,2028 747,2028 785,2028 824,2027 862,2027 900,2027 939,2027 977,2028 1016,2028"/>
                <TextEquiv>
                    <Unicode>stcationem cum exsecratione conjunctam ad veritatem libri inte¬</Unicode>
                </TextEquiv>
            </TextLine>
            <TextLine id="r2l111" custom="readingOrder {index:52;}">
                <Coords points="243,2077 1018,2070 1017,2036 962,2030 242,2037"/>
                <Baseline points="248,2063 286,2063 324,2063 362,2063 401,2063 439,2063 477,2063 515,2063 554,2063 592,2063 630,2063 668,2063 707,2063 745,2063 783,2063 821,2061 860,2061 898,2061 936,2061 974,2060 1013,2060"/>
                <TextEquiv>
                    <Unicode>gram conservandam, qualis obtestatio in nullo libro divino &amp; Ca¬</Unicode>
                </TextEquiv>
            </TextLine>
            <TextLine id="r2l113" custom="readingOrder {index:53;}">
                <Coords points="244,2105 306,2100 316,2106 345,2103 359,2112 373,2107 423,2113 445,2106 445,2073 392,2067 383,2074 304,2074 295,2067 244,2077"/>
                <Baseline points="249,2093 276,2094 303,2094 330,2094 358,2094 385,2096 412,2096 440,2097"/>
                <TextEquiv>
                    <Unicode>n onico reperitur. </Unicode>
                </TextEquiv>
            </TextLine>
            <TextLine id="r2l115" custom="readingOrder {index:54;}">
                <Coords points="276,2144 1018,2144 1018,2108 978,2102 276,2107"/>
                <Baseline points="281,2135 317,2135 354,2135 390,2135 427,2135 464,2135 500,2135 537,2135 573,2135 610,2135 647,2135 683,2135 720,2135 756,2135 793,2135 830,2135 866,2135 903,2135 939,2133 976,2133 1013,2133"/>
                <TextEquiv>
                    <Unicode>Ad primam conjecturam respondemus, peti in ea principium</Unicode>
                </TextEquiv>
            </TextLine>
            <TextLine id="r2l117" custom="readingOrder {index:55;}">
                <Coords points="236,2178 1010,2179 1025,2145 235,2150"/>
                <Baseline points="240,2166 279,2166 318,2166 357,2166 396,2168 435,2168 474,2168 513,2168 552,2168 591,2168 630,2168 669,2168 708,2168 747,2168 786,2166 825,2166 864,2166 903,2166 942,2166 981,2166 1020,2166"/>
                <TextEquiv>
                    <Unicode>quia Gaji solius affirmatio non est sufficiens ad tribuendam hanc</Unicode>
                </TextEquiv>
            </TextLine>
            <TextLine id="r2l120" custom="readingOrder {index:56;}">
                <Coords points="234,2210 1027,2211 1027,2170 234,2189"/>
                <Baseline points="239,2199 278,2199 317,2201 356,2201 395,2201 434,2201 473,2201 513,2201 552,2201 591,2201 630,2201 669,2201 708,2199 747,2199 787,2199 826,2199 865,2199 904,2199 943,2199 982,2199 1022,2199"/>
                <TextEquiv>
                    <Unicode>Apocalypsin Cerintho. Argumentum enim quo utitur Cajus est,</Unicode>
                </TextEquiv>
            </TextLine>
            <TextLine id="r2l122" custom="readingOrder {index:57;}">
                <Coords points="231,2246 950,2249 1019,2236 1019,2210 231,2214"/>
                <Baseline points="236,2232 274,2232 313,2232 352,2234 391,2234 430,2234 469,2234 508,2234 547,2234 586,2234 625,2234 663,2234 702,2234 741,2234 780,2234 819,2232 858,2232 897,2232 936,2232 975,2231 1014,2231"/>
                <TextEquiv>
                    <Unicode>admodum infirmum. Ait Cerinthum haereticum docere, post res</Unicode>
                </TextEquiv>
            </TextLine>
            <TextLine id="r2l124" custom="readingOrder {index:58;}">
                <Coords points="243,2278 973,2279 1021,2271 1021,2236 243,2238"/>
                <Baseline points="248,2264 286,2264 324,2264 363,2264 401,2265 440,2265 478,2265 516,2265 555,2265 593,2265 632,2265 670,2265 708,2265 747,2265 785,2265 824,2265 862,2265 900,2264 939,2264 977,2264 1016,2264"/>
                <TextEquiv>
                    <Unicode>surrectionem terrenum futurum regnum CHRISTI Jerosolymis</Unicode>
                </TextEquiv>
            </TextLine>
            <TextLine id="r2l126" custom="readingOrder {index:59;}">
                <Coords points="246,2303 1009,2312 1016,2270 246,2280"/>
                <Baseline points="251,2297 289,2297 327,2297 365,2298 403,2298 441,2298 479,2298 517,2298 555,2298 593,2299 631,2300 669,2300 707,2300 745,2300 783,2300 821,2298 859,2298 897,2298 935,2297 973,2297 1011,2295"/>
                <TextEquiv>
                    <Unicode>per mille annos: idem doceri in hac Apocal. cap. 20. Cerinthum igi¬</Unicode>
                </TextEquiv>
            </TextLine>
            <TextLine id="r2l128" custom="readingOrder {index:60;}">
                <Coords points="237,2336 1012,2334 1012,2312 945,2300 237,2312"/>
                <Baseline points="242,2330 280,2330 318,2330 356,2331 395,2331 433,2331 471,2331 509,2331 548,2331 586,2331 624,2331 662,2331 701,2331 739,2331 777,2331 815,2331 854,2331 892,2330 930,2330 968,2330 1007,2328"/>
                <TextEquiv>
                    <Unicode>tur ejus autorem sparsisse eam velut a magno Apostolo profectam</Unicode>
                </TextEquiv>
            </TextLine>
            <TextLine id="r2l130" custom="readingOrder {index:61;}">
                <Coords points="243,2373 1010,2366 1010,2340 923,2334 243,2338"/>
                <Baseline points="248,2363 285,2363 323,2363 361,2363 399,2363 437,2364 475,2364 512,2364 550,2364 588,2364 626,2364 664,2364 702,2364 740,2364 777,2364 815,2363 853,2363 891,2363 929,2361 967,2360 1005,2360"/>
                <TextEquiv>
                    <Unicode>Certe qui liber eadem docet quae Cerinthus haereticus impius, is no¬</Unicode>
                </TextEquiv>
            </TextLine>
            <TextLine id="r2l132" custom="readingOrder {index:62;}">
                <Coords points="250,2414 1022,2402 999,2366 250,2375"/>
                <Baseline points="255,2394 293,2394 331,2395 369,2396 407,2396 445,2396 483,2396 521,2396 559,2396 597,2397 636,2397 674,2397 712,2397 750,2396 788,2396 826,2396 864,2396 902,2396 940,2395 978,2394 1017,2394"/>
                <TextEquiv>
                    <Unicode>quaquam vere divinus est &amp; Canonicus. Ast librum Apocalypseos</Unicode>
                </TextEquiv>
            </TextLine>
            <TextLine id="r2l134" custom="readingOrder {index:63;}">
                <Coords points="240,2435 988,2435 1012,2403 240,2410"/>
                <Baseline points="245,2427 283,2427 321,2427 359,2429 397,2429 435,2429 473,2429 511,2429 549,2429 587,2430 626,2430 664,2430 702,2430 740,2430 778,2430 816,2430 854,2429 892,2429 930,2429 968,2427 1007,2427"/>
                <TextEquiv>
                    <Unicode>eadem docere quae Cerinthus, negatur. Cerinthus enim docebat,</Unicode>
                </TextEquiv>
            </TextLine>
            <TextLine id="r2l136" custom="readingOrder {index:64;}">
                <Coords points="234,2466 922,2475 1021,2468 1021,2432 234,2446"/>
                <Baseline points="239,2460 277,2460 316,2462 355,2462 394,2462 433,2462 472,2462 510,2462 549,2462 588,2463 627,2463 666,2462 705,2462 744,2462 782,2462 821,2462 860,2462 899,2462 938,2460 977,2460 1016,2460"/>
                <TextEquiv>
                    <Unicode>mille annis illis terrenum futurum regnum Christi Ierosolymis, &amp;</Unicode>
                </TextEquiv>
            </TextLine>
            <TextLine id="r2l138" custom="readingOrder {index:65;}">
                <Coords points="241,2503 1019,2498 1007,2467 241,2469"/>
                <Baseline points="246,2492 284,2492 322,2492 361,2493 399,2493 438,2493 476,2493 514,2493 553,2493 591,2493 630,2493 668,2493 706,2493 745,2493 783,2493 822,2493 860,2493 898,2493 937,2492 975,2492 1014,2492"/>
                <TextEquiv>
                    <Unicode>homines in carne iterum concupiscentiis &amp; vitiis subjectam conversa¬</Unicode>
                </TextEquiv>
            </TextLine>
            <TextLine id="r2l141" custom="readingOrder {index:66;}">
                <Coords points="243,2531 1019,2534 1019,2500 243,2507"/>
                <Baseline points="248,2525 286,2525 324,2525 362,2526 401,2526 439,2526 477,2526 516,2526 554,2526 592,2526 631,2528 669,2528 707,2528 745,2526 784,2526 822,2526 860,2526 899,2526 937,2525 975,2525 1014,2523"/>
                <TextEquiv>
                    <Unicode>tionem habituros, nuptiarum festivitates celebraturos &amp; aliis cor¬</Unicode>
                </TextEquiv>
            </TextLine>
            <TextLine id="r2l143" custom="readingOrder {index:67;}">
                <Coords points="234,2567 976,2573 1016,2564 1016,2535 234,2541"/>
                <Baseline points="239,2558 277,2558 316,2558 354,2558 393,2558 432,2559 470,2559 509,2559 547,2559 586,2559 625,2559 663,2559 702,2559 740,2559 779,2559 818,2559 856,2559 895,2558 933,2558 972,2558 1011,2556"/>
                <TextEquiv>
                    <Unicode>ruptionis operibus incubituros, ut Cajus ipsemet scribit: &amp; quod</Unicode>
                </TextEquiv>
            </TextLine>
            <TextLine id="r2l145" custom="readingOrder {index:68;}">
                <Coords points="238,2601 1022,2604 1022,2563 238,2567"/>
                <Baseline points="243,2591 281,2591 320,2591 359,2591 397,2591 436,2592 475,2592 513,2592 552,2592 591,2592 630,2591 668,2591 707,2591 746,2591 784,2591 823,2591 862,2591 900,2589 939,2589 978,2589 1017,2588"/>
                <TextEquiv>
                    <Unicode>Dionysius Corinthiorum Episcopus addit, ut refert Eusebius libr</Unicode>
                </TextEquiv>
            </TextLine>
            <TextLine id="r2l147" custom="readingOrder {index:69;}">
                <Coords points="235,2629 996,2632 1030,2629 1030,2595 235,2607"/>
                <Baseline points="240,2622 279,2622 318,2622 357,2622 397,2622 436,2624 475,2624 514,2624 554,2624 593,2624 632,2625 671,2625 711,2625 750,2625 789,2625 828,2624 868,2624 907,2624 946,2622 985,2622 1025,2621"/>
                <TextEquiv>
                    <Unicode>tert. Histor. Eccles cap. vicesimooctavo, quia Cerinthus erat ventri¬</Unicode>
                </TextEquiv>
            </TextLine>
            <TextLine id="r2l149" custom="readingOrder {index:70;}">
                <Coords points="237,2663 953,2670 1013,2664 1013,2626 237,2631"/>
                <Baseline points="242,2655 280,2655 318,2655 356,2655 395,2656 433,2657 471,2657 510,2657 548,2657 586,2657 625,2658 663,2658 701,2658 739,2658 778,2658 816,2657 854,2657 893,2657 931,2656 969,2655 1008,2654"/>
                <TextEquiv>
                    <Unicode>&amp; gulae ac libidini deditus, ea futura decernebat, quae ipsi propria li¬</Unicode>
                </TextEquiv>
            </TextLine>
            <TextLine id="r2l151" custom="readingOrder {index:71;}">
                <Coords points="234,2696 1027,2697 1027,2664 234,2664"/>
                <Baseline points="239,2688 278,2688 317,2689 356,2690 395,2690 434,2690 473,2690 513,2691 552,2691 591,2691 630,2691 669,2691 708,2691 747,2690 787,2690 826,2690 865,2690 904,2688 943,2688 982,2687 1022,2687"/>
                <TextEquiv>
                    <Unicode>biao dictabat, ventris &amp; eorum quae sub ventre sunt, incitamenta,</Unicode>
                </TextEquiv>
            </TextLine>
            <TextLine id="r2l153" custom="readingOrder {index:72;}">
                <Coords points="243,2726 1021,2725 997,2693 243,2699"/>
                <Baseline points="248,2723 286,2723 324,2721 363,2721 401,2721 440,2721 478,2721 516,2720 555,2720 593,2720 632,2720 670,2720 708,2720 747,2721 785,2721 824,2721 862,2721 900,2721 939,2721 977,2720 1016,2720"/>
                <TextEquiv>
                    <Unicode>cibis, potibus, nuptiis praedicabat explenda. Et ut aliquid sacratius</Unicode>
                </TextEquiv>
            </TextLine>
            <TextLine id="r2l155" custom="readingOrder {index:73;}">
                <Coords points="234,2762 1015,2766 1021,2726 234,2733"/>
                <Baseline points="239,2753 277,2753 316,2754 355,2754 394,2754 433,2754 472,2754 510,2754 549,2754 588,2754 627,2754 666,2754 705,2754 744,2754 782,2754 821,2754 860,2754 899,2753 938,2753 977,2753 1016,2753"/>
                <TextEquiv>
                    <Unicode>dicere videretur, legales ajebat festivitates rursum celebrandas, &amp;</Unicode>
                </TextEquiv>
            </TextLine>
            <TextLine id="r2l157" custom="readingOrder {index:74;}">
                <Coords points="241,2794 1018,2791 1018,2768 954,2757 697,2760 671,2780 621,2761 241,2761"/>
                <Baseline points="246,2787 284,2787 322,2787 361,2787 399,2787 437,2787 476,2787 514,2787 552,2787 591,2787 629,2787 667,2787 706,2787 744,2787 782,2787 821,2787 859,2787 897,2786 936,2786 974,2786 1013,2786"/>
                <TextEquiv>
                    <Unicode>hostias carnales iterum jugulandas. Idem Cerinthus docebat, ut</Unicode>
                </TextEquiv>
            </TextLine>
            <TextLine id="r2l159" custom="readingOrder {index:75;}">
                <Coords points="231,2826 935,2835 1025,2827 1025,2796 231,2798"/>
                <Baseline points="236,2819 275,2819 314,2819 353,2819 392,2819 432,2820 471,2820 510,2820 549,2820 588,2820 628,2820 667,2820 706,2820 745,2819 784,2819 824,2819 863,2819 902,2819 941,2819 980,2819 1020,2819"/>
                <TextEquiv>
                    <Unicode>memorat Ireneaus Martyr primo lib. adversus haereses, cap. vicesi¬</Unicode>
                </TextEquiv>
            </TextLine>
            <TextLine id="r2l161" custom="readingOrder {index:76;}">
                <Coords points="232,2859 1025,2859 1025,2829 992,2825 232,2829"/>
                <Baseline points="237,2852 276,2852 315,2853 354,2853 393,2853 432,2853 471,2853 511,2853 550,2853 589,2853 628,2852 667,2852 706,2852 745,2852 785,2852 824,2852 863,2852 902,2852 941,2852 980,2852 1020,2852"/>
                <TextEquiv>
                    <Unicode>moqu. non a primo Deo factum esse mundum, sed a virtute quadam</Unicode>
                </TextEquiv>
            </TextLine>
            <TextLine id="r2l163" custom="readingOrder {index:77;}">
                <Coords points="234,2894 1028,2893 1018,2858 234,2862"/>
                <Baseline points="239,2885 278,2885 317,2885 356,2885 395,2885 435,2885 474,2885 513,2885 552,2886 591,2886 631,2886 670,2886 709,2886 748,2886 787,2886 827,2886 866,2886 905,2885 944,2885 983,2885 1023,2883"/>
                <TextEquiv>
                    <Unicode>valde separata &amp; distante ab ea principalitate quae est super uni¬</Unicode>
                </TextEquiv>
            </TextLine>
            <TextLine id="r2l165" custom="readingOrder {index:78;}">
                <Coords points="241,2924 1028,2929 1028,2896 973,2888 241,2899"/>
                <Baseline points="246,2918 284,2918 323,2918 362,2918 401,2918 440,2918 479,2919 517,2919 556,2919 595,2919 634,2919 673,2919 712,2919 751,2919 789,2919 828,2918 867,2918 906,2918 945,2918 984,2918 1023,2918"/>
                <TextEquiv>
                    <Unicode>versa, &amp; ignorante eo qui est super omnia Deo. Iesum autem subje¬</Unicode>
                </TextEquiv>
            </TextLine>
            <TextLine id="r2l167" custom="readingOrder {index:79;}">
                <Coords points="240,2958 1028,2957 1006,2922 240,2931"/>
                <Baseline points="245,2949 283,2949 322,2949 361,2951 400,2951 439,2951 478,2951 517,2951 556,2951 595,2951 634,2951 672,2951 711,2951 750,2951 789,2951 828,2951 867,2951 906,2951 945,2951 984,2951 1023,2951"/>
                <TextEquiv>
                    <Unicode>cit non ex Virgine natum, (impossibile enim hoc ei visum est) fuisse</Unicode>
                </TextEquiv>
            </TextLine>
            <TextLine id="r2l169" custom="readingOrder {index:80;}">
                <Coords points="231,2989 1019,2994 1019,2958 231,2964"/>
                <Baseline points="236,2984 274,2984 313,2982 352,2982 391,2982 430,2982 469,2982 508,2983 547,2984 586,2984 625,2984 663,2984 702,2984 741,2984 780,2984 819,2984 858,2984 897,2984 936,2984 975,2983 1014,2982"/>
                <TextEquiv>
                    <Unicode>autem eum Ioseph &amp; Mariae filium similiter ut reliqui omnes homi¬</Unicode>
                </TextEquiv>
            </TextLine>
            <TextLine id="r2l171" custom="readingOrder {index:81;}">
                <Coords points="237,3028 877,3032 999,3027 1018,2997 237,3000"/>
                <Baseline points="242,3017 280,3017 319,3017 357,3017 396,3017 434,3017 473,3017 511,3017 550,3017 588,3017 627,3017 666,3017 704,3017 743,3017 781,3017 820,3017 858,3017 897,3018 935,3018 974,3017 1013,3017"/>
                <TextEquiv>
                    <Unicode>nes, &amp; plus potuisse justitia &amp; prudentia &amp; sapientia prae omnibus.</Unicode>
                </TextEquiv>
            </TextLine>
            <TextLine id="r2l173" custom="readingOrder {index:82;}">
                <Coords points="240,3062 978,3062 1019,3058 1019,3021 240,3032"/>
                <Baseline points="245,3051 283,3050 321,3050 360,3050 398,3050 437,3050 475,3050 514,3050 552,3050 591,3050 629,3050 667,3050 706,3050 744,3051 783,3051 821,3051 860,3051 898,3050 937,3050 975,3050 1014,3048"/>
                <TextEquiv>
                    <Unicode>&amp; post baptismum descendisse in eum Christum ab ea principali</Unicode>
                </TextEquiv>
            </TextLine>
            <TextLine id="r2l175" custom="readingOrder {index:83;}">
                <Coords points="234,3092 1025,3093 1025,3060 950,3052 234,3061"/>
                <Baseline points="239,3083 278,3083 317,3081 356,3081 395,3081 434,3081 473,3081 512,3081 551,3081 590,3081 629,3081 668,3081 707,3081 746,3082 785,3083 824,3083 863,3083 902,3083 941,3083 980,3083 1020,3081"/>
                <TextEquiv>
                    <Unicode>tate quae est super omnia figura columbae, &amp; tunc annunciasse incogi¬</Unicode>
                </TextEquiv>
            </TextLine>
            <TextLine id="r2l177" custom="readingOrder {index:84;}">
                <Coords points="237,3123 1021,3124 1021,3094 953,3087 237,3095"/>
                <Baseline points="242,3116 280,3116 319,3114 358,3114 396,3114 435,3114 474,3114 512,3114 551,3114 590,3114 629,3114 667,3114 706,3114 745,3116 783,3116 822,3116 861,3116 899,3116 938,3116 977,3116 1016,3116"/>
                <TextEquiv>
                    <Unicode>nitum Patrem &amp; virtutes perfecisse, in fine autem revelasse iterum</Unicode>
                </TextEquiv>
            </TextLine>
            <TextLine id="r2l179" custom="readingOrder {index:85;}">
                <Coords points="243,3158 1016,3152 1016,3129 932,3120 243,3126"/>
                <Baseline points="248,3149 286,3149 324,3149 362,3149 400,3149 438,3149 476,3149 515,3149 553,3149 591,3149 629,3149 667,3149 705,3149 743,3150 782,3150 820,3150 858,3149 896,3149 934,3149 972,3149 1011,3149"/>
                <TextEquiv>
                    <Unicode>Christum de Iesu, &amp; Iesum passum esse, &amp; resurrexisse, Christum au¬</Unicode>
                </TextEquiv>
            </TextLine>
            <TextLine id="r2l181" custom="readingOrder {index:86;}">
                <Coords points="237,3188 1028,3193 1028,3162 1001,3153 237,3158"/>
                <Baseline points="242,3182 281,3182 320,3182 359,3182 398,3180 437,3180 476,3180 515,3182 554,3182 593,3182 632,3182 671,3182 710,3182 749,3182 788,3182 827,3182 866,3182 905,3182 944,3182 983,3182 1023,3182"/>
                <TextEquiv>
                    <Unicode>tem impassibilem perseverasse, exsistentem spiritalem. Jam si Cerin¬</Unicode>
                </TextEquiv>
            </TextLine>
            <TextLine id="r2l183" custom="readingOrder {index:87;}">
                <Coords points="235,3226 1031,3225 1031,3196 948,3185 235,3195"/>
                <Baseline points="240,3216 279,3216 318,3216 357,3216 397,3216 436,3216 475,3216 515,3216 554,3216 593,3216 633,3216 672,3216 711,3216 750,3216 790,3216 829,3216 868,3216 908,3216 947,3216 986,3216 1026,3216"/>
                <TextEquiv>
                    <Unicode>thus hujus Apocalypseos autor esset, cur non etiam ista sua dogma¬</Unicode>
                </TextEquiv>
            </TextLine>
            <TextEquiv>
                <Unicode>religionis autoritatem a Propheta conscriptus, &amp; fuisset in Canone
divino tradito Judaeis, quibus concredita fuerunt eloquia DEI, Ro¬
man. 3. 2. Sed Judaei librum hujusmodi nullum in Canone suo ha¬
buerunt. Ergo non est necesse verbum ωροιφητοbοε de scriptione
intelligi
Haec de epistola fudae: sequitur 
DEAPOCALTPSI
POHANNIS
Qui Apocalypsin Johannis oppugnant &amp; neque Johannis Apo¬
stoli neque divinum &amp; Canonicum librum esse contendunt, conje
cturis potius ducuntur quam argumentis
Primo ajunt, Gajum vetustum autorem in Disputationum sua¬
rum dialogo affirmare, librum hunc esse Cerinthi haeretici, ut refert
Eusebius lio. tertio Ecclesiast. historiae, capite vigesimo octavo.
Secundo, Tionysium Alexandrinum &amp; Eusebium Histor. Eccle¬
siast. septimo, libro, capite vicesimotertio subdubitare, sit ne Johan¬
nis Apostoli, an alterius Johannis
Tertio, I Graecis librum hunc non fuisse receptum, ut testis est
Hieronymus epistolam ad Dardanum.
Quarto, autore libri beatos asserere, qui servant ea quae in eo scri¬
pta sunt, &amp; i nprimis cap. 1. &amp; uliimo dicere, Beatus qui servat verba¬
Prophetiae hujus, cum tamen propter obscuritatem nemo intelligat 
hanc Prophetiam
Quinto, Dorotheum Tyri episcopum ac mattyrem in compen¬
dio vitatum iin quo de Johannis Evangelio scribit, &amp; Anastasium hu¬
us libri non meminisse
Sexto, aut orem libri passim nomen suum inculcare, dicendo, Ego¬
Johannes, ego Johannes, quasi syngrapham scriberet, non librum.
praeter mor em Apostolorum qui visiones suas narrantes a talilo¬
quendi more abstinent, ut Petrus &amp; Paulus: &amp; quum alioquin Jo¬
nannes Apostolus modestiora de se narrans nomen suum nusquam 
exprirnat in Evangelio, sed notis quibusdam indicet, nempe, discipu
lus illse quem diligebat Iesus.
Siptimo, in Graecis codicibus titulum non esse Johannis Apostolis
sed Johannis Theologi.
yctavo, Librum hunc nihil habere Apostolicae gravitatis, sed
vulsgatam tantum rerum historiam figuratum involueris adumbra¬
tami; deinde nec in sententiis esse quicquam Apostolica gravitate 
dignum.
Nono, magnam esse styli dissimilitudinem, in hoc libro &amp; Evan¬
gelio atque epistola Johannis Evangelistae, qua Dionysius ille Alexan¬
drinuus tribus argumentis confirmat, ut refert Nicephorus Eccle¬
siast. IHistor. lib. 6. cap. 23. Primum ex tota orationis indole &amp; ductus
deintse quod quum Evangelio &amp; epistolae Johannis Catholicae mul¬
ta sinnt communia, hic liber ne syllabam quidem ullam habeat cum
eis communem: Postremo quod sermonis etiam dono excelluerit,
Johunnes, alicubi hic noster rusticis barbarismis &amp; soloecismis u¬
tatuir. 
DDecimo, hunc librum a Concilio Laodiceno in Catalogo libro¬
ruim Canonicorum praetermissum.
Undecimo, hunc librum habere cap. 22. 18 &amp; 19 terribilem obter
stcationem cum exsecratione conjunctam ad veritatem libri inte¬
gram conservandam, qualis obtestatio in nullo libro divino &amp; Ca¬
n onico reperitur. 
Ad primam conjecturam respondemus, peti in ea principium
quia Gaji solius affirmatio non est sufficiens ad tribuendam hanc
Apocalypsin Cerintho. Argumentum enim quo utitur Cajus est,
admodum infirmum. Ait Cerinthum haereticum docere, post res
surrectionem terrenum futurum regnum CHRISTI Jerosolymis
per mille annos: idem doceri in hac Apocal. cap. 20. Cerinthum igi¬
tur ejus autorem sparsisse eam velut a magno Apostolo profectam
Certe qui liber eadem docet quae Cerinthus haereticus impius, is no¬
quaquam vere divinus est &amp; Canonicus. Ast librum Apocalypseos
eadem docere quae Cerinthus, negatur. Cerinthus enim docebat,
mille annis illis terrenum futurum regnum Christi Ierosolymis, &amp;
homines in carne iterum concupiscentiis &amp; vitiis subjectam conversa¬
tionem habituros, nuptiarum festivitates celebraturos &amp; aliis cor¬
ruptionis operibus incubituros, ut Cajus ipsemet scribit: &amp; quod
Dionysius Corinthiorum Episcopus addit, ut refert Eusebius libr
tert. Histor. Eccles cap. vicesimooctavo, quia Cerinthus erat ventri¬
&amp; gulae ac libidini deditus, ea futura decernebat, quae ipsi propria li¬
biao dictabat, ventris &amp; eorum quae sub ventre sunt, incitamenta,
cibis, potibus, nuptiis praedicabat explenda. Et ut aliquid sacratius
dicere videretur, legales ajebat festivitates rursum celebrandas, &amp;
hostias carnales iterum jugulandas. Idem Cerinthus docebat, ut
memorat Ireneaus Martyr primo lib. adversus haereses, cap. vicesi¬
moqu. non a primo Deo factum esse mundum, sed a virtute quadam
valde separata &amp; distante ab ea principalitate quae est super uni¬
versa, &amp; ignorante eo qui est super omnia Deo. Iesum autem subje¬
cit non ex Virgine natum, (impossibile enim hoc ei visum est) fuisse
autem eum Ioseph &amp; Mariae filium similiter ut reliqui omnes homi¬
nes, &amp; plus potuisse justitia &amp; prudentia &amp; sapientia prae omnibus.
&amp; post baptismum descendisse in eum Christum ab ea principali
tate quae est super omnia figura columbae, &amp; tunc annunciasse incogi¬
nitum Patrem &amp; virtutes perfecisse, in fine autem revelasse iterum
Christum de Iesu, &amp; Iesum passum esse, &amp; resurrexisse, Christum au¬
tem impassibilem perseverasse, exsistentem spiritalem. Jam si Cerin¬
thus hujus Apocalypseos autor esset, cur non etiam ista sua dogma¬</Unicode>
            </TextEquiv>
        </TextRegion>
        <TextRegion orientation="0.0" id="TextRegion_1612241629054_1070" custom="readingOrder {index:1;}">
            <Coords points="1093,192 1896,192 1896,3255 1072,3255 1073,3184 1093,256"/>
            <TextLine id="line_1613266064775_2773" custom="readingOrder {index:0;}">
                <Coords points="1108,274 1904,276 1904,246 1815,236 1108,245"/>
                <Baseline points="1113,272 1899,279"/>
                <TextEquiv>
                    <Unicode>ta ei adspersisset? Atqui tantum abest ut hoc faciat, ut contra adve¬</Unicode>
                </TextEquiv>
            </TextLine>
            <TextLine id="r2l5" custom="readingOrder {index:1;}">
                <Coords points="1110,309 1891,317 1869,278 1110,273"/>
                <Baseline points="1115,300 1153,300 1192,300 1230,300 1269,300 1307,300 1346,300 1384,300 1423,301 1461,302 1500,302 1539,302 1577,303 1616,303 1654,304 1693,305 1731,305 1770,305 1808,306 1847,306 1886,306"/>
                <TextEquiv>
                    <Unicode>sus illos errores certa ex hoc libro testimonia peti possint; ut a Ce¬</Unicode>
                </TextEquiv>
            </TextLine>
            <TextLine id="r2l7" custom="readingOrder {index:2;}">
                <Coords points="1119,342 1897,351 1890,317 1119,305"/>
                <Baseline points="1124,333 1162,333 1200,333 1239,333 1277,333 1316,333 1354,333 1392,334 1431,335 1469,335 1508,335 1546,336 1584,336 1623,336 1661,336 1700,338 1738,338 1776,338 1815,338 1853,339 1892,339"/>
                <TextEquiv>
                    <Unicode>intho eum non profectum vel ex una ista ratione satis appareat. </Unicode>
                </TextEquiv>
            </TextLine>
            <TextLine id="r2l9" custom="readingOrder {index:3;}">
                <Coords points="1117,372 1898,373 1898,354 1815,345 1117,342"/>
                <Baseline points="1122,366 1160,366 1199,366 1237,366 1276,366 1314,366 1353,366 1391,366 1430,366 1468,367 1507,368 1546,368 1584,368 1623,368 1661,369 1700,369 1738,369 1777,370 1815,371 1854,371 1893,371"/>
                <TextEquiv>
                    <Unicode>Quod vero caput vicesimum attinet, in quo mille annorum sit men¬</Unicode>
                </TextEquiv>
            </TextLine>
            <TextLine id="r2l11" custom="readingOrder {index:4;}">
                <Coords points="1102,409 1901,409 1893,379 1102,377"/>
                <Baseline points="1107,398 1146,398 1185,398 1225,399 1264,399 1304,399 1343,399 1383,399 1422,399 1462,401 1501,401 1540,401 1580,401 1619,401 1659,402 1698,402 1738,402 1777,402 1817,404 1856,404 1896,405"/>
                <TextEquiv>
                    <Unicode>tio, nihil eorum ibi narrat, de quibus Cerinthus impie garriebat: </Unicode>
                </TextEquiv>
            </TextLine>
            <TextLine id="r2l12" custom="readingOrder {index:5;}">
                <Coords points="1105,441 1891,442 1891,411 1869,410 1105,412"/>
                <Baseline points="1110,431 1148,431 1187,432 1226,432 1265,432 1304,432 1342,432 1381,434 1420,434 1459,434 1498,434 1536,435 1575,435 1614,435 1653,437 1692,437 1730,437 1769,437 1808,438 1847,438 1886,438"/>
                <TextEquiv>
                    <Unicode>nihil de concupiscentiis carnis, nihil de cibis, potibus, nuptiis, nihil</Unicode>
                </TextEquiv>
            </TextLine>
            <TextLine id="r2l14" custom="readingOrder {index:6;}">
                <Coords points="1104,472 1895,475 1866,442 1104,440"/>
                <Baseline points="1109,464 1148,464 1187,464 1226,464 1265,464 1304,464 1343,465 1382,465 1421,465 1460,465 1499,467 1538,467 1577,467 1616,468 1655,468 1694,469 1733,470 1772,470 1811,471 1850,471 1890,471"/>
                <TextEquiv>
                    <Unicode>de festivitatibus Jerosolymis celebrandis, nihil de hostiis mactandis.</Unicode>
                </TextEquiv>
            </TextLine>
            <TextLine id="r2l15" custom="readingOrder {index:7;}">
                <Coords points="1105,504 1898,511 1898,481 1874,476 1105,471"/>
                <Baseline points="1110,497 1149,497 1188,497 1227,498 1266,498 1305,498 1344,498 1384,498 1423,498 1462,500 1501,500 1540,500 1579,500 1618,500 1658,501 1697,501 1736,501 1775,502 1814,503 1853,503 1893,503"/>
                <TextEquiv>
                    <Unicode>Ergo vana est &amp; futilis ista Gaji conjectura contra hunc librum:</Unicode>
                </TextEquiv>
            </TextLine>
            <TextLine id="r2l17" custom="readingOrder {index:8;}">
                <Coords points="1101,536 1892,541 1892,511 1841,507 1101,504"/>
                <Baseline points="1106,531 1145,530 1184,530 1223,530 1262,531 1301,531 1340,531 1379,531 1418,531 1457,532 1496,533 1535,533 1574,533 1613,534 1652,534 1691,534 1730,534 1769,534 1808,536 1847,535 1887,534"/>
                <TextEquiv>
                    <Unicode>Hoc potius verisimile est, Cerinthum ad probandum delirium suum</Unicode>
                </TextEquiv>
            </TextLine>
            <TextLine id="r2l19" custom="readingOrder {index:9;}">
                <Coords points="1101,580 1886,576 1875,542 1102,535"/>
                <Baseline points="1107,563 1145,563 1184,563 1223,563 1261,563 1300,564 1339,564 1377,564 1416,564 1455,564 1494,566 1532,566 1571,566 1610,566 1648,566 1687,567 1726,567 1764,567 1803,567 1842,569 1881,569"/>
                <TextEquiv>
                    <Unicode>de mille annis, abusum esse nonnullis testimoniis ex hoc libro in</Unicode>
                </TextEquiv>
            </TextLine>
            <TextLine id="r2l20" custom="readingOrder {index:10;}">
                <Coords points="1093,605 1888,610 1888,574 1093,569"/>
                <Baseline points="1098,593 1137,594 1176,594 1215,596 1255,596 1294,596 1333,596 1372,596 1412,596 1451,596 1490,597 1529,597 1569,597 1608,597 1647,597 1686,598 1726,599 1765,600 1804,600 1843,602 1883,603"/>
                <TextEquiv>
                    <Unicode>falsum sensum detortis. Imo istud eum fecisse asserit Dionysius Co¬</Unicode>
                </TextEquiv>
            </TextLine>
            <TextLine id="r2l22" custom="readingOrder {index:11;}">
                <Coords points="1090,633 1891,640 1875,608 1090,608"/>
                <Baseline points="1095,629 1134,629 1174,629 1213,629 1253,629 1292,629 1332,629 1371,630 1411,630 1450,630 1490,630 1530,630 1569,630 1609,630 1648,632 1688,632 1727,632 1767,632 1806,633 1846,633 1886,633"/>
                <TextEquiv>
                    <Unicode>rinthiorum Episcopus: ait enim, Cerinthum figmentis suis autori¬</Unicode>
                </TextEquiv>
            </TextLine>
            <TextLine id="r2l24" custom="readingOrder {index:12;}">
                <Coords points="1092,666 1886,673 1886,643 1836,639 1092,641"/>
                <Baseline points="1097,659 1136,660 1175,661 1214,662 1253,662 1293,663 1332,663 1371,663 1410,663 1449,663 1489,663 1528,663 1567,663 1606,663 1645,663 1685,663 1724,664 1763,665 1802,665 1841,667 1881,668"/>
                <TextEquiv>
                    <Unicode>tatem magni nominis acquirere secundum Scripturae hujus pravam</Unicode>
                </TextEquiv>
            </TextLine>
            <TextLine id="r2l26" custom="readingOrder {index:13;}">
                <Coords points="1089,698 1882,705 1882,676 1734,666 1089,672"/>
                <Baseline points="1094,690 1133,692 1172,693 1211,693 1250,695 1289,695 1328,695 1368,695 1407,695 1446,695 1485,695 1524,695 1563,695 1602,695 1642,696 1681,696 1720,696 1759,698 1798,699 1837,700 1877,702"/>
                <TextEquiv>
                    <Unicode>intelligentiam gestivisse, ut ex Dionysio recitat Eusebius Historiae</Unicode>
                </TextEquiv>
            </TextLine>
            <TextLine id="r2l28" custom="readingOrder {index:14;}">
                <Coords points="1092,737 1888,748 1888,705 1092,698"/>
                <Baseline points="1097,725 1136,726 1175,726 1214,727 1254,728 1293,728 1332,728 1372,728 1411,728 1450,728 1490,728 1529,728 1568,728 1607,728 1647,728 1686,729 1725,729 1765,729 1804,731 1843,732 1883,732"/>
                <TextEquiv>
                    <Unicode>Ecclesiasticae tertio libro, capite vigesimooctavo. Hinc vero si quis</Unicode>
                </TextEquiv>
            </TextLine>
            <TextLine id="r2l30" custom="readingOrder {index:15;}">
                <Coords points="1104,762 1885,770 1876,741 1681,730 1104,741"/>
                <Baseline points="1109,759 1147,761 1186,761 1224,761 1263,762 1301,762 1340,762 1378,762 1417,762 1455,762 1494,761 1533,761 1571,761 1610,761 1648,761 1687,762 1725,762 1764,762 1802,764 1841,764 1880,765"/>
                <TextEquiv>
                    <Unicode>collegerit, hoc opus a Cerintho editum sub Apostoli nomine; is pa¬</Unicode>
                </TextEquiv>
            </TextLine>
            <TextLine id="r2l32" custom="readingOrder {index:16;}">
                <Coords points="1095,797 1885,812 1885,772 1844,769 1095,769"/>
                <Baseline points="1100,791 1139,791 1178,792 1217,792 1256,792 1295,793 1334,794 1373,794 1412,794 1451,794 1490,794 1529,794 1568,794 1607,794 1646,794 1685,795 1724,795 1763,795 1802,797 1841,797 1880,798"/>
                <TextEquiv>
                    <Unicode>ri ratione alios omnes sacros libros haereticis adscribet, quia nullus</Unicode>
                </TextEquiv>
            </TextLine>
            <TextLine id="r2l34" custom="readingOrder {index:17;}">
                <Coords points="1089,837 1610,839 1610,804 1089,800"/>
                <Baseline points="1094,822 1119,824 1145,824 1170,825 1196,825 1221,825 1247,825 1272,827 1298,827 1323,827 1349,827 1375,827 1400,827 1426,827 1451,826 1477,825 1502,825 1528,825 1553,825 1579,824 1605,824"/>
                <TextEquiv>
                    <Unicode>est, cujus autoritate haeretici non abutantur. </Unicode>
                </TextEquiv>
            </TextLine>
            <TextLine id="r2l36" custom="readingOrder {index:18;}">
                <Coords points="1125,869 1888,873 1888,835 1695,839 1658,818 1613,846 1125,839"/>
                <Baseline points="1130,864 1167,864 1205,866 1242,866 1280,866 1318,866 1355,866 1393,866 1431,866 1468,864 1506,864 1544,864 1581,864 1619,864 1657,864 1694,864 1732,864 1770,864 1807,866 1845,867 1883,867"/>
                <TextEquiv>
                    <Unicode>Ad secundam conjecturam respondemus, dubitationem unius &amp;</Unicode>
                </TextEquiv>
            </TextLine>
            <TextLine id="r2l38" custom="readingOrder {index:19;}">
                <Coords points="1101,900 1879,906 1851,872 1101,863"/>
                <Baseline points="1106,896 1144,896 1182,896 1221,896 1259,897 1298,897 1336,897 1374,897 1413,897 1451,896 1490,896 1528,896 1566,896 1605,896 1643,897 1682,897 1720,897 1758,897 1797,899 1835,900 1874,900"/>
                <TextEquiv>
                    <Unicode>alterius non esse necessarium documentum ad libri ullius autorita¬</Unicode>
                </TextEquiv>
            </TextLine>
            <TextLine id="r2l40" custom="readingOrder {index:20;}">
                <Coords points="1100,940 1885,938 1858,904 1101,907"/>
                <Baseline points="1106,927 1144,928 1183,929 1222,929 1260,930 1299,930 1338,930 1376,930 1415,930 1454,930 1493,930 1531,930 1570,930 1609,930 1647,930 1686,930 1725,930 1763,930 1802,932 1841,932 1880,933"/>
                <TextEquiv>
                    <Unicode>em evertendam. Deinde Dionysio Alexandrino &amp; Eusebio dubi¬</Unicode>
                </TextEquiv>
            </TextLine>
            <TextLine id="r2l42" custom="readingOrder {index:21;}">
                <Coords points="1092,970 1870,973 1870,938 1836,936 1092,939"/>
                <Baseline points="1097,960 1135,961 1173,962 1212,962 1250,962 1289,963 1327,963 1365,963 1404,963 1442,963 1481,962 1519,962 1557,962 1596,962 1634,963 1673,963 1711,963 1749,963 1788,965 1826,965 1865,966"/>
                <TextEquiv>
                    <Unicode>tantibus opponimus alios Patres affirmantes librum hunc Joham</Unicode>
                </TextEquiv>
            </TextLine>
            <TextLine id="r2l44" custom="readingOrder {index:22;}">
                <Coords points="1095,999 1876,1005 1860,976 1730,967 1095,973"/>
                <Baseline points="1100,993 1138,993 1177,995 1215,995 1254,995 1292,995 1331,995 1369,995 1408,995 1446,995 1485,995 1524,995 1562,995 1601,995 1639,995 1678,995 1716,996 1755,996 1793,998 1832,998 1871,999"/>
                <TextEquiv>
                    <Unicode>nis Apostoli esse: e quibus sunt Iustinus Martyr in Dialogo cum</Unicode>
                </TextEquiv>
            </TextLine>
            <TextLine id="r2l46" custom="readingOrder {index:23;}">
                <Coords points="1099,1035 1882,1034 1882,1013 1841,1004 1099,1000"/>
                <Baseline points="1104,1025 1142,1026 1181,1026 1219,1028 1258,1028 1297,1028 1335,1029 1374,1029 1413,1029 1451,1029 1490,1028 1529,1028 1567,1028 1606,1028 1645,1028 1683,1028 1722,1028 1761,1028 1799,1028 1838,1029 1877,1029"/>
                <TextEquiv>
                    <Unicode>Triphone Judaeo pagina ducentesima quadragesima: Ireneaus Mar¬</Unicode>
                </TextEquiv>
            </TextLine>
            <TextLine id="r2l48" custom="readingOrder {index:24;}">
                <Coords points="1102,1071 1868,1075 1880,1047 1103,1039"/>
                <Baseline points="1107,1058 1145,1059 1183,1061 1222,1061 1260,1061 1298,1062 1337,1062 1375,1061 1413,1061 1452,1061 1490,1061 1528,1061 1567,1059 1605,1059 1643,1059 1682,1061 1720,1061 1758,1061 1797,1062 1835,1064 1874,1065"/>
                <TextEquiv>
                    <Unicode>tyr libro quinto adversus haereses, capite vicesimoprimo: &amp; hi duc</Unicode>
                </TextEquiv>
            </TextLine>
            <TextLine id="r2l50" custom="readingOrder {index:25;}">
                <Coords points="1102,1097 1870,1106 1870,1075 1784,1065 1102,1072"/>
                <Baseline points="1107,1089 1144,1091 1182,1092 1220,1092 1258,1094 1296,1094 1334,1094 1372,1094 1410,1094 1448,1093 1486,1092 1523,1092 1561,1092 1599,1092 1637,1092 1675,1092 1713,1092 1751,1092 1789,1094 1827,1095 1865,1097"/>
                <TextEquiv>
                    <Unicode>antiquiores sunt Dionysio Alexandrino &amp; Eusebio &amp; viciniore</Unicode>
                </TextEquiv>
            </TextLine>
            <TextLine id="r2l52" custom="readingOrder {index:26;}">
                <Coords points="1098,1132 1882,1134 1882,1100 1098,1099"/>
                <Baseline points="1103,1122 1141,1124 1180,1124 1219,1124 1257,1124 1296,1125 1335,1125 1373,1125 1412,1125 1451,1124 1490,1124 1528,1124 1567,1124 1606,1125 1644,1125 1683,1125 1722,1125 1760,1125 1799,1127 1838,1128 1877,1128"/>
                <TextEquiv>
                    <Unicode>Apostolis: Tertullianus libro tertio adversus Marcionem, capite vi¬</Unicode>
                </TextEquiv>
            </TextLine>
            <TextLine id="r2l54" custom="readingOrder {index:27;}">
                <Coords points="1099,1165 1879,1165 1860,1134 1099,1137"/>
                <Baseline points="1104,1155 1142,1157 1181,1157 1219,1158 1258,1158 1296,1158 1335,1158 1373,1158 1412,1158 1450,1158 1489,1157 1527,1157 1566,1157 1604,1157 1643,1157 1681,1157 1720,1158 1758,1158 1797,1159 1835,1160 1874,1161"/>
                <TextEquiv>
                    <Unicode>cesimo quarto, &amp; libro quarto adversus eundem Marcionem, capite</Unicode>
                </TextEquiv>
            </TextLine>
            <TextLine id="r2l56" custom="readingOrder {index:28;}">
                <Coords points="1110,1195 1876,1205 1854,1165 1110,1166"/>
                <Baseline points="1115,1188 1152,1188 1190,1190 1228,1190 1266,1190 1304,1191 1341,1191 1379,1191 1417,1191 1455,1191 1493,1191 1530,1191 1568,1191 1606,1190 1644,1190 1682,1190 1719,1191 1757,1191 1795,1191 1833,1191 1871,1191"/>
                <TextEquiv>
                    <Unicode>uinto: Origenes homilia septima in librum JESU Nave seu Josus</Unicode>
                </TextEquiv>
            </TextLine>
            <TextLine id="r2l59" custom="readingOrder {index:29;}">
                <Coords points="1108,1227 1876,1234 1856,1200 1108,1193"/>
                <Baseline points="1113,1220 1150,1220 1188,1221 1226,1221 1264,1221 1302,1221 1340,1221 1378,1221 1416,1221 1454,1221 1492,1221 1529,1221 1567,1221 1605,1221 1643,1221 1681,1221 1719,1222 1757,1223 1795,1224 1833,1225 1871,1227"/>
                <TextEquiv>
                    <Unicode>Athanasius secundo tomo in Synopsi Sacrae Scripturae: Epiphanius</Unicode>
                </TextEquiv>
            </TextLine>
            <TextLine id="r2l61" custom="readingOrder {index:30;}">
                <Coords points="1089,1261 1882,1266 1882,1239 1831,1231 1089,1225"/>
                <Baseline points="1094,1251 1133,1253 1172,1253 1211,1254 1250,1254 1289,1254 1328,1254 1368,1254 1407,1254 1446,1254 1485,1254 1524,1254 1563,1254 1602,1254 1642,1254 1681,1254 1720,1254 1759,1256 1798,1256 1837,1258 1877,1260"/>
                <TextEquiv>
                    <Unicode>haeresi quinquagesimaprima, ubi haereticos asserit esse eos qui non</Unicode>
                </TextEquiv>
            </TextLine>
            <TextLine id="r2l63" custom="readingOrder {index:31;}">
                <Coords points="1101,1293 1874,1298 1874,1269 1845,1262 1101,1258"/>
                <Baseline points="1106,1286 1144,1286 1182,1286 1220,1287 1258,1287 1296,1287 1334,1287 1373,1287 1411,1287 1449,1286 1487,1286 1525,1286 1563,1286 1601,1286 1640,1287 1678,1287 1716,1287 1754,1289 1792,1289 1830,1290 1869,1292"/>
                <TextEquiv>
                    <Unicode>suscipiunt Johannis Evangelium &amp; Apocalypsin: Chrysostomus ho¬</Unicode>
                </TextEquiv>
            </TextLine>
            <TextLine id="r2l65" custom="readingOrder {index:32;}">
                <Coords points="1096,1323 1873,1330 1873,1302 1775,1295 1097,1298"/>
                <Baseline points="1101,1316 1139,1317 1177,1319 1216,1319 1254,1319 1292,1320 1331,1320 1369,1320 1407,1320 1446,1319 1484,1319 1522,1319 1561,1319 1599,1319 1637,1319 1676,1319 1714,1319 1752,1320 1791,1321 1829,1322 1868,1323"/>
                <TextEquiv>
                    <Unicode>milia tertia in Psalmum nonagesimum primum: item Hieronymu</Unicode>
                </TextEquiv>
            </TextLine>
            <TextLine id="r2l67" custom="readingOrder {index:33;}">
                <Coords points="1099,1357 1873,1364 1866,1328 1100,1322"/>
                <Baseline points="1104,1349 1142,1349 1180,1350 1218,1352 1256,1352 1295,1352 1333,1353 1371,1353 1409,1352 1447,1352 1486,1352 1524,1352 1562,1352 1600,1352 1638,1352 1677,1352 1715,1352 1753,1352 1791,1353 1829,1355 1868,1356"/>
                <TextEquiv>
                    <Unicode>libro de viris illustribus in Johanne: Andreas Archiepiscopus Cae¬</Unicode>
                </TextEquiv>
            </TextLine>
            <TextLine id="r2l69" custom="readingOrder {index:34;}">
                <Coords points="1095,1392 1874,1396 1874,1361 1095,1355"/>
                <Baseline points="1100,1382 1138,1383 1176,1383 1215,1385 1253,1385 1292,1385 1330,1385 1369,1385 1407,1385 1446,1385 1484,1385 1522,1383 1561,1383 1599,1383 1638,1383 1676,1384 1715,1385 1753,1385 1792,1386 1830,1386 1869,1388"/>
                <TextEquiv>
                    <Unicode>sareae Cappadociae prologo Commentarii in Apocalypsin Johan¬</Unicode>
                </TextEquiv>
            </TextLine>
            <TextLine id="r2l71" custom="readingOrder {index:35;}">
                <Coords points="1090,1427 1880,1439 1880,1402 1741,1392 1090,1397"/>
                <Baseline points="1095,1415 1134,1416 1173,1416 1212,1416 1251,1416 1290,1417 1329,1418 1368,1418 1407,1418 1446,1418 1485,1418 1524,1418 1563,1418 1602,1418 1641,1418 1680,1418 1719,1419 1758,1419 1797,1419 1836,1419 1875,1419"/>
                <TextEquiv>
                    <Unicode>nis. Eusebius denique ipse Johanni Apostolo tribuit in Chronico an¬</Unicode>
                </TextEquiv>
            </TextLine>
            <TextLine id="r2l73" custom="readingOrder {index:36;}">
                <Coords points="1089,1461 1110,1466 1134,1452 1150,1463 1170,1457 1191,1466 1213,1457 1302,1466 1317,1455 1378,1464 1378,1430 1368,1427 1218,1432 1206,1424 1133,1429 1111,1421 1089,1428"/>
                <Baseline points="1094,1446 1119,1448 1144,1448 1170,1449 1195,1449 1220,1449 1246,1449 1271,1448 1296,1448 1322,1448 1347,1448 1373,1449"/>
                <TextEquiv>
                    <Unicode>ni CHRISTI XCVI</Unicode>
                </TextEquiv>
            </TextLine>
            <TextLine id="r2l75" custom="readingOrder {index:37;}">
                <Coords points="1128,1498 1765,1507 1870,1500 1870,1458 1128,1462"/>
                <Baseline points="1133,1488 1169,1487 1206,1487 1242,1487 1279,1487 1316,1487 1352,1488 1389,1488 1425,1488 1462,1488 1499,1488 1535,1488 1572,1488 1608,1488 1645,1488 1682,1490 1718,1490 1755,1490 1791,1490 1828,1490 1865,1491"/>
                <TextEquiv>
                    <Unicode>Ad tertiam conjecturam respondemus, nihil valere ex particula.</Unicode>
                </TextEquiv>
            </TextLine>
            <TextLine id="r2l77" custom="readingOrder {index:38;}">
                <Coords points="1089,1533 1870,1529 1870,1504 1813,1496 1089,1500"/>
                <Baseline points="1094,1521 1132,1521 1171,1521 1209,1520 1248,1520 1286,1520 1325,1520 1363,1520 1402,1520 1440,1520 1479,1520 1518,1520 1556,1520 1595,1521 1633,1521 1672,1521 1710,1521 1749,1523 1787,1523 1826,1524 1865,1524"/>
                <TextEquiv>
                    <Unicode>ri. A quibusdam duntaxat Graecis liber A pocalypseos non fuit re¬</Unicode>
                </TextEquiv>
            </TextLine>
            <TextLine id="r2l80" custom="readingOrder {index:39;}">
                <Coords points="1093,1562 1877,1574 1877,1533 1782,1527 1093,1533"/>
                <Baseline points="1098,1553 1136,1553 1175,1554 1214,1554 1252,1554 1291,1554 1330,1553 1368,1553 1407,1553 1446,1553 1485,1553 1523,1553 1562,1554 1601,1554 1639,1554 1678,1554 1717,1556 1755,1556 1794,1557 1833,1559 1872,1560"/>
                <TextEquiv>
                    <Unicode>ceptus: nam alii Graeci eum receperunt &amp; pro divino habuerunt,</Unicode>
                </TextEquiv>
            </TextLine>
            <TextLine id="r2l82" custom="readingOrder {index:40;}">
                <Coords points="1089,1590 1835,1606 1869,1597 1870,1564 1089,1566"/>
                <Baseline points="1094,1586 1132,1586 1171,1586 1209,1586 1248,1586 1286,1586 1325,1586 1363,1587 1402,1587 1440,1587 1479,1587 1518,1587 1556,1587 1595,1587 1633,1587 1672,1589 1710,1589 1749,1589 1787,1589 1826,1590 1865,1590"/>
                <TextEquiv>
                    <Unicode>nempe Iustinus Martyr, Origenes, Athanasius, Epiphanius, Chryso¬</Unicode>
                </TextEquiv>
            </TextLine>
            <TextLine id="r2l84" custom="readingOrder {index:41;}">
                <Coords points="1095,1624 1809,1635 1866,1630 1867,1601 1096,1594"/>
                <Baseline points="1101,1619 1139,1619 1177,1618 1215,1617 1253,1617 1291,1617 1329,1617 1367,1617 1405,1617 1443,1617 1481,1617 1519,1617 1557,1618 1595,1619 1633,1619 1671,1620 1709,1620 1747,1620 1785,1622 1823,1622 1862,1623"/>
                <TextEquiv>
                    <Unicode>stomus, Andreas Caesariensis locis allegatis. Et praeter hos Gregorius</Unicode>
                </TextEquiv>
            </TextLine>
            <TextLine id="r2l86" custom="readingOrder {index:42;}">
                <Coords points="1098,1657 1868,1659 1868,1632 1833,1628 1098,1624"/>
                <Baseline points="1103,1652 1141,1652 1179,1652 1217,1651 1255,1650 1293,1650 1331,1650 1369,1650 1407,1650 1445,1650 1483,1650 1521,1650 1559,1650 1597,1652 1635,1652 1673,1652 1711,1653 1749,1653 1787,1653 1825,1655 1863,1655"/>
                <TextEquiv>
                    <Unicode>Theologus, Cyrillus Alexandrinus, multoque his vetustiores Papias</Unicode>
                </TextEquiv>
            </TextLine>
            <TextLine id="r2l88" custom="readingOrder {index:43;}">
                <Coords points="1095,1693 1868,1696 1868,1667 1837,1660 1095,1660"/>
                <Baseline points="1100,1683 1138,1683 1176,1683 1214,1683 1252,1683 1290,1683 1328,1683 1367,1683 1405,1683 1443,1683 1481,1683 1519,1683 1557,1684 1595,1685 1634,1685 1672,1685 1710,1685 1748,1686 1786,1686 1824,1686 1863,1688"/>
                <TextEquiv>
                    <Unicode>Irenaeus, Methodius &amp; Hypolytus, ut refert Andreas Caesariensis in</Unicode>
                </TextEquiv>
            </TextLine>
            <TextLine id="r2l90" custom="readingOrder {index:44;}">
                <Coords points="1101,1722 1877,1723 1877,1699 1834,1691 1101,1694"/>
                <Baseline points="1106,1716 1144,1716 1182,1716 1220,1715 1259,1715 1297,1715 1335,1715 1374,1715 1412,1715 1450,1716 1489,1716 1527,1716 1565,1716 1603,1716 1642,1718 1680,1718 1718,1718 1757,1718 1795,1718 1833,1719 1872,1719"/>
                <TextEquiv>
                    <Unicode>prologo commentarii: item Theophilus Antiochenus, Melito Sar¬</Unicode>
                </TextEquiv>
            </TextLine>
            <TextLine id="r2l92" custom="readingOrder {index:45;}">
                <Coords points="1095,1754 1873,1763 1873,1720 1095,1719"/>
                <Baseline points="1100,1748 1138,1748 1176,1748 1215,1748 1253,1749 1292,1749 1330,1749 1368,1749 1407,1749 1445,1748 1484,1748 1522,1748 1560,1748 1599,1749 1637,1749 1676,1749 1714,1749 1752,1750 1791,1751 1829,1752 1868,1752"/>
                <TextEquiv>
                    <Unicode>densis, &amp; Dionysius Alexandrinus Episcopi Graeci antiquissimi &amp;</Unicode>
                </TextEquiv>
            </TextLine>
            <TextLine id="r2l94" custom="readingOrder {index:46;}">
                <Coords points="1089,1793 1861,1794 1861,1765 1817,1755 1089,1759"/>
                <Baseline points="1094,1781 1132,1781 1170,1781 1208,1781 1246,1781 1284,1781 1322,1781 1360,1781 1398,1781 1436,1781 1475,1781 1513,1781 1551,1781 1589,1781 1627,1781 1665,1782 1703,1782 1741,1782 1779,1784 1817,1784 1856,1785"/>
                <TextEquiv>
                    <Unicode>doctissimi, ut testatur Eusebius Historiae Ecclesiasticae quarto libro</Unicode>
                </TextEquiv>
            </TextLine>
            <TextLine id="r2l96" custom="readingOrder {index:47;}">
                <Coords points="1098,1818 1874,1826 1874,1797 1838,1789 1098,1798"/>
                <Baseline points="1103,1815 1141,1815 1179,1815 1217,1814 1256,1814 1294,1814 1332,1814 1371,1814 1409,1814 1447,1814 1486,1814 1524,1814 1562,1814 1600,1814 1639,1814 1677,1814 1715,1814 1754,1815 1792,1815 1830,1815 1869,1817"/>
                <TextEquiv>
                    <Unicode>cap. vicesimo quarto, &amp; vicesimo sexto; &amp; septimo libro, capite vice¬</Unicode>
                </TextEquiv>
            </TextLine>
            <TextLine id="r2l98" custom="readingOrder {index:48;}">
                <Coords points="1083,1853 1867,1860 1867,1828 1839,1821 1083,1822"/>
                <Baseline points="1088,1845 1126,1845 1165,1847 1204,1847 1242,1847 1281,1847 1320,1846 1358,1845 1397,1845 1436,1845 1475,1845 1513,1845 1552,1845 1591,1845 1629,1845 1668,1845 1707,1845 1745,1847 1784,1847 1823,1849 1862,1851"/>
                <TextEquiv>
                    <Unicode>simotertio, ubi Dionysius affirmat, multos fratres secum sen¬</Unicode>
                </TextEquiv>
            </TextLine>
            <TextLine id="r2l100" custom="readingOrder {index:49;}">
                <Coords points="1092,1884 1876,1887 1876,1859 1809,1853 1092,1852"/>
                <Baseline points="1097,1880 1135,1880 1174,1880 1213,1880 1251,1880 1290,1878 1329,1878 1367,1878 1406,1878 1445,1878 1484,1878 1522,1878 1561,1878 1600,1878 1638,1878 1677,1878 1716,1878 1754,1880 1793,1880 1832,1881 1871,1881"/>
                <TextEquiv>
                    <Unicode>tire: Concilium Ancyranum insuper, quod antiquius est Niceno.</Unicode>
                </TextEquiv>
            </TextLine>
            <TextLine id="r2l102" custom="readingOrder {index:50;}">
                <Coords points="1095,1917 1876,1924 1876,1887 1095,1892"/>
                <Baseline points="1100,1913 1138,1912 1177,1911 1215,1911 1254,1911 1292,1911 1331,1911 1369,1910 1408,1910 1446,1910 1485,1910 1524,1910 1562,1910 1601,1910 1639,1911 1678,1911 1716,1911 1755,1913 1793,1913 1832,1914 1871,1914"/>
                <TextEquiv>
                    <Unicode>primo, ut videre est primo tomo Conciliorum pag. trecentesima.</Unicode>
                </TextEquiv>
            </TextLine>
            <TextLine id="r2l104" custom="readingOrder {index:51;}">
                <Coords points="1080,1949 1210,1970 1873,1962 1873,1925 1755,1917 1080,1926"/>
                <Baseline points="1085,1944 1124,1944 1163,1945 1202,1946 1241,1946 1280,1946 1319,1944 1359,1944 1398,1944 1437,1944 1476,1944 1515,1944 1554,1944 1593,1944 1633,1944 1672,1944 1711,1944 1750,1945 1789,1946 1828,1946 1868,1947"/>
                <TextEquiv>
                    <Unicode>Privata quorundam judicia publicam libri alicujus fidem non</Unicode>
                </TextEquiv>
            </TextLine>
            <TextLine id="r2l106" custom="readingOrder {index:52;}">
                <Coords points="1084,1993 1110,1994 1122,1991 1132,1984 1138,1988 1145,1987 1152,1981 1155,1984 1166,1982 1166,1957 1156,1958 1146,1955 1139,1958 1121,1948 1104,1953 1098,1958 1084,1958"/>
                <Baseline points="1089,1977 1125,1977 1161,1977"/>
                <TextEquiv>
                    <Unicode>tollunt </Unicode>
                </TextEquiv>
            </TextLine>
            <TextLine id="r2l108" custom="readingOrder {index:53;}">
                <Coords points="1119,2023 1846,2027 1870,2025 1870,1982 1119,1989"/>
                <Baseline points="1124,2015 1161,2015 1198,2015 1235,2015 1272,2015 1309,2015 1346,2015 1383,2015 1420,2015 1457,2015 1494,2015 1531,2015 1568,2016 1605,2016 1642,2016 1679,2016 1716,2016 1753,2018 1790,2018 1827,2018 1865,2019"/>
                <TextEquiv>
                    <Unicode>Ad quartam conjecturam respondemus, primo obscuritatem li¬</Unicode>
                </TextEquiv>
            </TextLine>
            <TextLine id="r2l110" custom="readingOrder {index:54;}">
                <Coords points="1077,2058 1868,2058 1860,2025 1077,2019"/>
                <Baseline points="1082,2046 1121,2046 1160,2048 1199,2048 1238,2048 1277,2049 1316,2049 1355,2049 1394,2049 1433,2049 1472,2048 1511,2048 1550,2048 1589,2048 1628,2048 1667,2048 1706,2049 1745,2049 1784,2049 1823,2050 1863,2051"/>
                <TextEquiv>
                    <Unicode>bri alicujus nequaquam esse causam cur non sit divinus &amp; Canoni¬</Unicode>
                </TextEquiv>
            </TextLine>
            <TextLine id="r2l112" custom="readingOrder {index:55;}">
                <Coords points="1081,2086 1871,2094 1871,2062 1790,2053 1081,2061"/>
                <Baseline points="1086,2081 1125,2081 1164,2081 1203,2081 1242,2081 1281,2081 1320,2081 1359,2081 1398,2081 1437,2081 1476,2081 1515,2081 1554,2081 1593,2081 1632,2082 1671,2082 1710,2082 1749,2082 1788,2083 1827,2084 1866,2084"/>
                <TextEquiv>
                    <Unicode>cus: quia etiam in Prophetis veteris testamenti multa sunt obscura.</Unicode>
                </TextEquiv>
            </TextLine>
            <TextLine id="r2l114" custom="readingOrder {index:56;}">
                <Coords points="1093,2121 1862,2122 1862,2093 1815,2087 1093,2092"/>
                <Baseline points="1098,2112 1137,2112 1177,2112 1217,2114 1257,2114 1297,2114 1337,2114 1377,2114 1417,2114 1457,2114 1497,2115 1537,2115 1577,2115 1617,2115 1657,2115 1697,2115 1737,2115 1777,2115 1817,2117 1857,2117"/>
                <TextEquiv>
                    <Unicode>nprimis in Ezechiele, Daniele, Zacharia, quorum taman libri sum</Unicode>
                </TextEquiv>
            </TextLine>
            <TextLine id="r2l116" custom="readingOrder {index:57;}">
                <Coords points="1083,2154 1867,2154 1867,2127 1820,2119 1083,2119"/>
                <Baseline points="1088,2144 1126,2144 1165,2144 1204,2144 1242,2144 1281,2144 1320,2144 1358,2144 1397,2145 1436,2145 1475,2145 1513,2145 1552,2145 1591,2145 1629,2146 1668,2147 1707,2147 1745,2148 1784,2148 1823,2149 1862,2150"/>
                <TextEquiv>
                    <Unicode>θεόπνοbσον &amp; Canonici. Deinde fatemur, permulta esse obscura in li¬</Unicode>
                </TextEquiv>
            </TextLine>
            <TextLine id="r2l118" custom="readingOrder {index:58;}">
                <Coords points="1087,2183 1871,2189 1871,2160 1801,2153 1087,2159"/>
                <Baseline points="1092,2177 1130,2177 1169,2178 1208,2178 1246,2178 1285,2178 1324,2178 1362,2178 1401,2178 1440,2178 1479,2180 1517,2180 1556,2180 1595,2180 1633,2180 1672,2180 1711,2180 1749,2181 1788,2181 1827,2181 1866,2181"/>
                <TextEquiv>
                    <Unicode>bro Apocalypseos: quum excedant atque emineant quae in eo scripta</Unicode>
                </TextEquiv>
            </TextLine>
            <TextLine id="r2l121" custom="readingOrder {index:59;}">
                <Coords points="1077,2224 1874,2225 1874,2194 1759,2183 1077,2188"/>
                <Baseline points="1082,2211 1121,2211 1160,2211 1200,2211 1239,2211 1278,2211 1318,2211 1357,2211 1396,2211 1436,2211 1475,2211 1514,2211 1554,2211 1593,2211 1632,2211 1672,2213 1711,2213 1750,2213 1790,2213 1829,2214 1869,2214"/>
                <TextEquiv>
                    <Unicode>sunt humanae auditionis modum, &amp; sit in eo arcanus quidam &amp; re¬</Unicode>
                </TextEquiv>
            </TextLine>
            <TextLine id="r2l123" custom="readingOrder {index:60;}">
                <Coords points="1084,2250 1861,2255 1845,2217 1084,2225"/>
                <Baseline points="1089,2243 1127,2244 1165,2244 1204,2244 1242,2244 1280,2244 1319,2244 1357,2244 1395,2244 1434,2243 1472,2243 1510,2243 1549,2243 1587,2244 1625,2244 1664,2244 1702,2244 1740,2245 1779,2246 1817,2247 1856,2247"/>
                <TextEquiv>
                    <Unicode>conditus atque admirandus omnibus sensus, ut scribit in epistola sus</Unicode>
                </TextEquiv>
            </TextLine>
            <TextLine id="r2l125" custom="readingOrder {index:61;}">
                <Coords points="1080,2284 1874,2288 1874,2254 1812,2250 1080,2252"/>
                <Baseline points="1085,2276 1124,2276 1163,2276 1202,2276 1241,2277 1281,2277 1320,2277 1359,2277 1398,2277 1437,2277 1477,2276 1516,2276 1555,2276 1594,2276 1633,2277 1673,2277 1712,2277 1751,2277 1790,2277 1829,2278 1869,2279"/>
                <TextEquiv>
                    <Unicode>Dionysius Alexandrinus apud Eusebium libro septimo Historiae</Unicode>
                </TextEquiv>
            </TextLine>
            <TextLine id="r2l127" custom="readingOrder {index:62;}">
                <Coords points="1077,2314 1858,2316 1831,2285 1077,2280"/>
                <Baseline points="1082,2309 1120,2309 1159,2309 1197,2309 1236,2309 1274,2309 1313,2310 1351,2310 1390,2310 1428,2310 1467,2310 1506,2310 1544,2309 1583,2309 1621,2309 1660,2310 1698,2310 1737,2310 1775,2310 1814,2310 1853,2310"/>
                <TextEquiv>
                    <Unicode>Ecclesiasticae, cap. vicesimo tertio; ubi Dionysius addit: Ego admiros</Unicode>
                </TextEquiv>
            </TextLine>
            <TextLine id="r2l129" custom="readingOrder {index:63;}">
                <Coords points="1080,2347 1867,2349 1867,2322 1816,2315 1080,2319"/>
                <Baseline points="1085,2340 1123,2342 1162,2342 1201,2342 1240,2342 1279,2343 1318,2343 1356,2343 1395,2343 1434,2343 1473,2343 1512,2343 1551,2342 1590,2342 1628,2342 1667,2342 1706,2342 1745,2342 1784,2342 1823,2343 1862,2343"/>
                <TextEquiv>
                    <Unicode>ac veneror, etiamsi non intelligo. Et ita sentio, quod divina aliqua</Unicode>
                </TextEquiv>
            </TextLine>
            <TextLine id="r2l131" custom="readingOrder {index:64;}">
                <Coords points="1077,2387 1861,2380 1861,2355 1796,2347 1077,2349"/>
                <Baseline points="1082,2373 1120,2373 1159,2373 1198,2373 1236,2373 1275,2373 1314,2373 1352,2373 1391,2373 1430,2373 1469,2373 1507,2373 1546,2373 1585,2373 1623,2373 1662,2373 1701,2373 1739,2374 1778,2375 1817,2375 1856,2375"/>
                <TextEquiv>
                    <Unicode>sacramenta sermonibus contegantur humanis, non tam judicio meo</Unicode>
                </TextEquiv>
            </TextLine>
            <TextLine id="r2l133" custom="readingOrder {index:65;}">
                <Coords points="1086,2419 1862,2420 1852,2379 1086,2381"/>
                <Baseline points="1091,2408 1129,2406 1167,2406 1205,2406 1244,2406 1282,2406 1320,2406 1359,2406 1397,2406 1435,2406 1474,2406 1512,2406 1550,2406 1588,2406 1627,2406 1665,2406 1703,2406 1742,2407 1780,2408 1818,2408 1857,2408"/>
                <TextEquiv>
                    <Unicode>discernens, quam fide credens: &amp; ideo non reprobo quae non intelli¬</Unicode>
                </TextEquiv>
            </TextLine>
            <TextLine id="r2l135" custom="readingOrder {index:66;}">
                <Coords points="1074,2457 1678,2442 1678,2420 1630,2410 1074,2417"/>
                <Baseline points="1079,2442 1108,2442 1138,2441 1168,2441 1197,2439 1227,2439 1257,2439 1286,2439 1316,2438 1346,2439 1376,2439 1405,2439 1435,2439 1465,2439 1494,2439 1524,2439 1554,2439 1583,2439 1613,2438 1643,2438 1673,2438"/>
                <TextEquiv>
                    <Unicode>go, sed tanto magis admiror, quanto minus assequor. </Unicode>
                </TextEquiv>
            </TextLine>
            <TextLine id="r2l137" custom="readingOrder {index:67;}">
                <Coords points="1104,2486 1816,2492 1865,2484 1865,2457 1104,2460"/>
                <Baseline points="1109,2480 1146,2478 1184,2478 1221,2478 1259,2478 1296,2478 1334,2478 1371,2478 1409,2478 1446,2478 1484,2478 1522,2478 1559,2478 1597,2478 1634,2478 1672,2478 1709,2478 1747,2478 1784,2478 1822,2477 1860,2477"/>
                <TextEquiv>
                    <Unicode>Sed praeterea quae obscura sunt nobis, permulta etiam sunt prae¬</Unicode>
                </TextEquiv>
            </TextLine>
            <TextLine id="r2l139" custom="readingOrder {index:68;}">
                <Coords points="1081,2523 1865,2521 1865,2491 1828,2482 1081,2490"/>
                <Baseline points="1086,2513 1124,2513 1163,2513 1202,2513 1240,2513 1279,2513 1318,2513 1356,2511 1395,2511 1434,2511 1473,2511 1511,2511 1550,2510 1589,2510 1627,2510 1666,2510 1705,2510 1743,2510 1782,2510 1821,2511 1860,2511"/>
                <TextEquiv>
                    <Unicode>cepta vitae clarissima, ut de constantia in persecutionibus, de hae¬</Unicode>
                </TextEquiv>
            </TextLine>
            <TextLine id="r2l142" custom="readingOrder {index:69;}">
                <Coords points="1081,2551 1868,2550 1868,2524 1833,2517 1081,2523"/>
                <Baseline points="1086,2546 1124,2546 1163,2546 1202,2546 1241,2546 1280,2544 1319,2544 1357,2544 1396,2544 1435,2544 1474,2543 1513,2543 1552,2543 1591,2543 1629,2543 1668,2543 1707,2543 1746,2543 1785,2543 1824,2544 1863,2544"/>
                <TextEquiv>
                    <Unicode>reticis cavendis, de pseudoprophetis fugiendis, de peccatis odio ha¬</Unicode>
                </TextEquiv>
            </TextLine>
            <TextLine id="r2l144" custom="readingOrder {index:70;}">
                <Coords points="1080,2586 1871,2586 1871,2554 1834,2548 1080,2550"/>
                <Baseline points="1085,2579 1124,2579 1163,2577 1202,2577 1241,2577 1280,2577 1319,2577 1358,2577 1397,2577 1436,2576 1475,2576 1514,2576 1553,2576 1592,2576 1631,2576 1670,2576 1709,2576 1748,2576 1787,2576 1826,2577 1866,2577"/>
                <TextEquiv>
                    <Unicode>bendis, &amp;c. &amp; argumentum &amp; scopus totius libri non alius est, quam</Unicode>
                </TextEquiv>
            </TextLine>
            <TextLine id="r2l146" custom="readingOrder {index:71;}">
                <Coords points="1086,2625 1858,2618 1858,2589 1763,2583 1086,2589"/>
                <Baseline points="1091,2612 1129,2612 1167,2612 1205,2611 1243,2610 1281,2610 1319,2610 1357,2610 1395,2610 1433,2609 1472,2609 1510,2609 1548,2609 1586,2609 1624,2609 1662,2609 1700,2609 1738,2609 1776,2609 1814,2610 1853,2610"/>
                <TextEquiv>
                    <Unicode>ut nos instituat ad perseverantiam &amp; patientiam inter tot &amp; tam va¬</Unicode>
                </TextEquiv>
            </TextLine>
            <TextLine id="r2l148" custom="readingOrder {index:72;}">
                <Coords points="1084,2649 1868,2650 1868,2621 1768,2612 1084,2620"/>
                <Baseline points="1089,2646 1127,2646 1166,2645 1205,2645 1243,2644 1282,2643 1321,2643 1359,2643 1398,2643 1437,2643 1476,2642 1514,2642 1553,2642 1592,2642 1630,2642 1669,2642 1708,2642 1746,2642 1785,2643 1824,2643 1863,2643"/>
                <TextEquiv>
                    <Unicode>rias rerum vicissitudines, persecutiones saevissimas, apostasias, haere¬</Unicode>
                </TextEquiv>
            </TextLine>
            <TextLine id="r2l150" custom="readingOrder {index:73;}">
                <Coords points="1077,2684 1868,2684 1868,2656 1825,2645 1077,2652"/>
                <Baseline points="1082,2679 1121,2678 1160,2678 1199,2677 1238,2676 1277,2676 1316,2675 1355,2675 1394,2674 1433,2673 1472,2673 1511,2673 1550,2672 1589,2672 1628,2672 1667,2672 1706,2672 1745,2673 1784,2673 1823,2675 1863,2675"/>
                <TextEquiv>
                    <Unicode>ses, schismata, certamina. Quae quidem res clarissima &amp; apertissima</Unicode>
                </TextEquiv>
            </TextLine>
            <TextLine id="r2l152" custom="readingOrder {index:74;}">
                <Coords points="1090,2718 1868,2712 1868,2685 1821,2678 1090,2685"/>
                <Baseline points="1095,2709 1133,2709 1171,2709 1210,2709 1248,2709 1287,2708 1325,2708 1363,2708 1402,2708 1440,2706 1479,2706 1517,2706 1555,2706 1594,2706 1632,2706 1671,2706 1709,2706 1747,2706 1786,2708 1824,2708 1863,2709"/>
                <TextEquiv>
                    <Unicode>est, ut Bellarminus fatetur.  Imo etiam documenta fidei perspicua</Unicode>
                </TextEquiv>
            </TextLine>
            <TextLine id="r2l154" custom="readingOrder {index:75;}">
                <Coords points="1092,2749 1806,2752 1873,2749 1873,2720 1092,2723"/>
                <Baseline points="1097,2744 1135,2743 1174,2742 1212,2742 1251,2742 1289,2742 1328,2741 1366,2741 1405,2741 1443,2741 1482,2739 1521,2739 1559,2739 1598,2739 1636,2739 1675,2739 1713,2739 1752,2739 1790,2741 1829,2741 1868,2741"/>
                <TextEquiv>
                    <Unicode>passim in hoc libro traduntur de DEO, de providentia divina, de cul¬ </Unicode>
                </TextEquiv>
            </TextLine>
            <TextLine id="r2l156" custom="readingOrder {index:76;}">
                <Coords points="1077,2785 1813,2790 1867,2783 1868,2748 1077,2757"/>
                <Baseline points="1082,2775 1121,2775 1160,2775 1199,2775 1238,2775 1277,2775 1316,2775 1355,2774 1394,2774 1433,2774 1472,2772 1511,2772 1550,2772 1589,2772 1628,2771 1667,2771 1706,2772 1745,2772 1784,2772 1823,2773 1863,2774"/>
                <TextEquiv>
                    <Unicode>tu PEI, de JESU CHEISTI persona, officio &amp; beneficiis, de Angelis</Unicode>
                </TextEquiv>
            </TextLine>
            <TextLine id="r2l158" custom="readingOrder {index:77;}">
                <Coords points="1077,2818 1867,2818 1874,2784 1077,2786"/>
                <Baseline points="1082,2808 1121,2808 1160,2808 1200,2807 1239,2807 1278,2807 1318,2807 1357,2805 1396,2805 1436,2805 1475,2805 1514,2805 1554,2805 1593,2804 1632,2804 1672,2804 1711,2804 1750,2805 1790,2805 1829,2805 1869,2805"/>
                <TextEquiv>
                    <Unicode>de Ecclesia, de fide &amp; resipiscentia, de consolatione Christiana in</Unicode>
                </TextEquiv>
            </TextLine>
            <TextLine id="r2l160" custom="readingOrder {index:78;}">
                <Coords points="1084,2850 1843,2850 1874,2820 1084,2821"/>
                <Baseline points="1089,2841 1128,2841 1167,2841 1206,2840 1245,2840 1284,2840 1323,2840 1362,2840 1401,2838 1440,2838 1479,2838 1518,2838 1557,2838 1596,2837 1635,2837 1674,2837 1713,2837 1752,2837 1791,2837 1830,2838 1869,2838"/>
                <TextEquiv>
                    <Unicode>afflictionibus &amp; persecutionibus verae fidei causa, de ultimo adven¬</Unicode>
                </TextEquiv>
            </TextLine>
            <TextLine id="r2l162" custom="readingOrder {index:79;}">
                <Coords points="1087,2882 1845,2883 1880,2878 1880,2841 1087,2853"/>
                <Baseline points="1092,2874 1131,2874 1170,2874 1209,2874 1248,2874 1287,2873 1326,2873 1366,2873 1405,2873 1444,2871 1483,2871 1522,2871 1561,2871 1600,2871 1640,2870 1679,2870 1718,2870 1757,2870 1796,2870 1835,2871 1875,2871"/>
                <TextEquiv>
                    <Unicode>tu Christi &amp; de vita aeterna. Quid quod in ipsis visionibus nonnulla¬</Unicode>
                </TextEquiv>
            </TextLine>
            <TextLine id="r2l164" custom="readingOrder {index:80;}">
                <Coords points="1077,2915 1877,2913 1876,2880 1800,2875 1076,2884"/>
                <Baseline points="1082,2907 1121,2907 1161,2907 1200,2907 1240,2907 1279,2907 1319,2906 1358,2906 1398,2904 1437,2904 1477,2904 1516,2903 1556,2903 1595,2903 1635,2903 1674,2903 1714,2903 1753,2904 1793,2905 1832,2906 1872,2907"/>
                <TextEquiv>
                    <Unicode>statim enarrantur? ut cap. 1. septem stellae &amp; septem candelabra, &amp;</Unicode>
                </TextEquiv>
            </TextLine>
            <TextLine id="r2l166" custom="readingOrder {index:81;}">
                <Coords points="1080,2949 1822,2950 1868,2942 1868,2912 1080,2916"/>
                <Baseline points="1085,2943 1123,2942 1162,2940 1201,2939 1240,2939 1279,2937 1318,2937 1357,2937 1396,2937 1435,2937 1474,2936 1512,2936 1551,2936 1590,2936 1629,2937 1668,2937 1707,2937 1746,2937 1785,2937 1824,2936 1863,2936"/>
                <TextEquiv>
                    <Unicode>cap. 6. fumus thymiamatum, &amp; cap. 12. quid per mulierem illam &amp;</Unicode>
                </TextEquiv>
            </TextLine>
            <TextLine id="r2l168" custom="readingOrder {index:82;}">
                <Coords points="1084,2982 1878,2980 1877,2948 1752,2942 1083,2950"/>
                <Baseline points="1088,2975 1127,2973 1166,2973 1205,2972 1244,2972 1284,2971 1323,2970 1362,2970 1401,2970 1440,2970 1480,2970 1519,2970 1558,2970 1597,2969 1636,2969 1676,2969 1715,2969 1754,2969 1793,2969 1832,2969 1872,2969"/>
                <TextEquiv>
                    <Unicode>Draconem intelligatur: &amp; cap. 17. quid sibi velit mysterium mere¬</Unicode>
                </TextEquiv>
            </TextLine>
            <TextLine id="r2l170" custom="readingOrder {index:83;}">
                <Coords points="1087,3012 1789,3026 1877,3015 1877,2982 1087,2986"/>
                <Baseline points="1092,3008 1131,3007 1170,3006 1209,3006 1248,3006 1287,3005 1326,3005 1365,3005 1404,3003 1443,3003 1482,3003 1521,3003 1560,3003 1599,3003 1638,3003 1677,3003 1716,3003 1755,3003 1794,3003 1833,3003 1872,3003"/>
                <TextEquiv>
                    <Unicode>tricis illius magnae &amp; bestiae quae illam portat: &amp; capite 19. quid ve¬</Unicode>
                </TextEquiv>
            </TextLine>
            <TextLine id="r2l172" custom="readingOrder {index:84;}">
                <Coords points="1086,3051 1217,3049 1240,3060 1276,3047 1315,3050 1315,3015 1297,3019 1284,3009 1263,3020 1246,3020 1233,3010 1210,3021 1179,3012 1154,3020 1133,3012 1086,3014"/>
                <Baseline points="1091,3041 1118,3040 1145,3039 1173,3039 1200,3039 1227,3039 1255,3038 1282,3037 1310,3035"/>
                <TextEquiv>
                    <Unicode>stis byssina significet</Unicode>
                </TextEquiv>
            </TextLine>
            <TextLine id="r2l174" custom="readingOrder {index:85;}">
                <Coords points="1126,3090 1871,3082 1856,3038 1125,3049"/>
                <Baseline points="1131,3081 1167,3080 1204,3078 1241,3077 1278,3077 1314,3077 1351,3075 1388,3075 1425,3075 1461,3075 1498,3075 1535,3075 1572,3075 1608,3075 1645,3074 1682,3074 1719,3074 1755,3074 1792,3074 1829,3074 1866,3072"/>
                <TextEquiv>
                    <Unicode>Ad quintam conjecturam respondemus, a testimonio particula.</Unicode>
                </TextEquiv>
            </TextLine>
            <TextLine id="r2l176" custom="readingOrder {index:86;}">
                <Coords points="1092,3121 1886,3114 1886,3085 1854,3078 1092,3085"/>
                <Baseline points="1097,3113 1136,3113 1175,3111 1214,3111 1253,3110 1293,3110 1332,3110 1371,3109 1410,3108 1449,3108 1489,3108 1528,3108 1567,3108 1606,3107 1645,3107 1685,3107 1724,3107 1763,3107 1802,3107 1841,3107 1881,3107"/>
                <TextEquiv>
                    <Unicode>ri negante non valere consequentiam: nam pro duobus qui hujus</Unicode>
                </TextEquiv>
            </TextLine>
            <TextLine id="r2l178" custom="readingOrder {index:87;}">
                <Coords points="1085,3158 1881,3145 1880,3113 1084,3121"/>
                <Baseline points="1089,3147 1128,3147 1167,3146 1206,3144 1246,3144 1285,3143 1324,3143 1364,3143 1403,3141 1442,3141 1482,3141 1521,3141 1560,3141 1599,3141 1639,3141 1678,3140 1717,3140 1757,3140 1796,3141 1835,3141 1875,3141"/>
                <TextEquiv>
                    <Unicode>libri non meminerunt, sunt Concilia, Ancyranum &amp; Carthagini¬</Unicode>
                </TextEquiv>
            </TextLine>
            <TextLine id="r2l180" custom="readingOrder {index:88;}">
                <Coords points="1090,3190 1877,3179 1856,3145 1089,3161"/>
                <Baseline points="1095,3180 1133,3179 1172,3178 1211,3177 1250,3177 1289,3176 1327,3176 1366,3176 1405,3174 1444,3174 1483,3174 1521,3174 1560,3174 1599,3174 1638,3174 1677,3174 1715,3174 1754,3174 1793,3174 1832,3173 1871,3173"/>
                <TextEquiv>
                    <Unicode>ense tertium, &amp; plurimi Patres Graeci &amp; Latini, qui non tantum ejus</Unicode>
                </TextEquiv>
            </TextLine>
            <TextLine id="r2l182" custom="readingOrder {index:89;}">
                <Coords points="1084,3226 1823,3226 1879,3217 1879,3181 1084,3195"/>
                <Baseline points="1089,3213 1128,3213 1167,3212 1206,3212 1246,3212 1285,3211 1324,3210 1363,3210 1403,3210 1442,3209 1481,3209 1520,3209 1560,3209 1599,3207 1638,3207 1677,3207 1717,3207 1756,3207 1795,3207 1834,3207 1874,3206"/>
                <TextEquiv>
                    <Unicode>meminerunt, veram etiam divinum librum esse agnoscunt &amp; passim</Unicode>
                </TextEquiv>
            </TextLine>
            <TextEquiv>
                <Unicode>ta ei adspersisset? Atqui tantum abest ut hoc faciat, ut contra adve¬
sus illos errores certa ex hoc libro testimonia peti possint; ut a Ce¬
intho eum non profectum vel ex una ista ratione satis appareat. 
Quod vero caput vicesimum attinet, in quo mille annorum sit men¬
tio, nihil eorum ibi narrat, de quibus Cerinthus impie garriebat: 
nihil de concupiscentiis carnis, nihil de cibis, potibus, nuptiis, nihil
de festivitatibus Jerosolymis celebrandis, nihil de hostiis mactandis.
Ergo vana est &amp; futilis ista Gaji conjectura contra hunc librum:
Hoc potius verisimile est, Cerinthum ad probandum delirium suum
de mille annis, abusum esse nonnullis testimoniis ex hoc libro in
falsum sensum detortis. Imo istud eum fecisse asserit Dionysius Co¬
rinthiorum Episcopus: ait enim, Cerinthum figmentis suis autori¬
tatem magni nominis acquirere secundum Scripturae hujus pravam
intelligentiam gestivisse, ut ex Dionysio recitat Eusebius Historiae
Ecclesiasticae tertio libro, capite vigesimooctavo. Hinc vero si quis
collegerit, hoc opus a Cerintho editum sub Apostoli nomine; is pa¬
ri ratione alios omnes sacros libros haereticis adscribet, quia nullus
est, cujus autoritate haeretici non abutantur. 
Ad secundam conjecturam respondemus, dubitationem unius &amp;
alterius non esse necessarium documentum ad libri ullius autorita¬
em evertendam. Deinde Dionysio Alexandrino &amp; Eusebio dubi¬
tantibus opponimus alios Patres affirmantes librum hunc Joham
nis Apostoli esse: e quibus sunt Iustinus Martyr in Dialogo cum
Triphone Judaeo pagina ducentesima quadragesima: Ireneaus Mar¬
tyr libro quinto adversus haereses, capite vicesimoprimo: &amp; hi duc
antiquiores sunt Dionysio Alexandrino &amp; Eusebio &amp; viciniore
Apostolis: Tertullianus libro tertio adversus Marcionem, capite vi¬
cesimo quarto, &amp; libro quarto adversus eundem Marcionem, capite
uinto: Origenes homilia septima in librum JESU Nave seu Josus
Athanasius secundo tomo in Synopsi Sacrae Scripturae: Epiphanius
haeresi quinquagesimaprima, ubi haereticos asserit esse eos qui non
suscipiunt Johannis Evangelium &amp; Apocalypsin: Chrysostomus ho¬
milia tertia in Psalmum nonagesimum primum: item Hieronymu
libro de viris illustribus in Johanne: Andreas Archiepiscopus Cae¬
sareae Cappadociae prologo Commentarii in Apocalypsin Johan¬
nis. Eusebius denique ipse Johanni Apostolo tribuit in Chronico an¬
ni CHRISTI XCVI
Ad tertiam conjecturam respondemus, nihil valere ex particula.
ri. A quibusdam duntaxat Graecis liber A pocalypseos non fuit re¬
ceptus: nam alii Graeci eum receperunt &amp; pro divino habuerunt,
nempe Iustinus Martyr, Origenes, Athanasius, Epiphanius, Chryso¬
stomus, Andreas Caesariensis locis allegatis. Et praeter hos Gregorius
Theologus, Cyrillus Alexandrinus, multoque his vetustiores Papias
Irenaeus, Methodius &amp; Hypolytus, ut refert Andreas Caesariensis in
prologo commentarii: item Theophilus Antiochenus, Melito Sar¬
densis, &amp; Dionysius Alexandrinus Episcopi Graeci antiquissimi &amp;
doctissimi, ut testatur Eusebius Historiae Ecclesiasticae quarto libro
cap. vicesimo quarto, &amp; vicesimo sexto; &amp; septimo libro, capite vice¬
simotertio, ubi Dionysius affirmat, multos fratres secum sen¬
tire: Concilium Ancyranum insuper, quod antiquius est Niceno.
primo, ut videre est primo tomo Conciliorum pag. trecentesima.
Privata quorundam judicia publicam libri alicujus fidem non
tollunt 
Ad quartam conjecturam respondemus, primo obscuritatem li¬
bri alicujus nequaquam esse causam cur non sit divinus &amp; Canoni¬
cus: quia etiam in Prophetis veteris testamenti multa sunt obscura.
nprimis in Ezechiele, Daniele, Zacharia, quorum taman libri sum
θεόπνοbσον &amp; Canonici. Deinde fatemur, permulta esse obscura in li¬
bro Apocalypseos: quum excedant atque emineant quae in eo scripta
sunt humanae auditionis modum, &amp; sit in eo arcanus quidam &amp; re¬
conditus atque admirandus omnibus sensus, ut scribit in epistola sus
Dionysius Alexandrinus apud Eusebium libro septimo Historiae
Ecclesiasticae, cap. vicesimo tertio; ubi Dionysius addit: Ego admiros
ac veneror, etiamsi non intelligo. Et ita sentio, quod divina aliqua
sacramenta sermonibus contegantur humanis, non tam judicio meo
discernens, quam fide credens: &amp; ideo non reprobo quae non intelli¬
go, sed tanto magis admiror, quanto minus assequor. 
Sed praeterea quae obscura sunt nobis, permulta etiam sunt prae¬
cepta vitae clarissima, ut de constantia in persecutionibus, de hae¬
reticis cavendis, de pseudoprophetis fugiendis, de peccatis odio ha¬
bendis, &amp;c. &amp; argumentum &amp; scopus totius libri non alius est, quam
ut nos instituat ad perseverantiam &amp; patientiam inter tot &amp; tam va¬
rias rerum vicissitudines, persecutiones saevissimas, apostasias, haere¬
ses, schismata, certamina. Quae quidem res clarissima &amp; apertissima
est, ut Bellarminus fatetur.  Imo etiam documenta fidei perspicua
passim in hoc libro traduntur de DEO, de providentia divina, de cul¬ 
tu PEI, de JESU CHEISTI persona, officio &amp; beneficiis, de Angelis
de Ecclesia, de fide &amp; resipiscentia, de consolatione Christiana in
afflictionibus &amp; persecutionibus verae fidei causa, de ultimo adven¬
tu Christi &amp; de vita aeterna. Quid quod in ipsis visionibus nonnulla¬
statim enarrantur? ut cap. 1. septem stellae &amp; septem candelabra, &amp;
cap. 6. fumus thymiamatum, &amp; cap. 12. quid per mulierem illam &amp;
Draconem intelligatur: &amp; cap. 17. quid sibi velit mysterium mere¬
tricis illius magnae &amp; bestiae quae illam portat: &amp; capite 19. quid ve¬
stis byssina significet
Ad quintam conjecturam respondemus, a testimonio particula.
ri negante non valere consequentiam: nam pro duobus qui hujus
libri non meminerunt, sunt Concilia, Ancyranum &amp; Carthagini¬
ense tertium, &amp; plurimi Patres Graeci &amp; Latini, qui non tantum ejus
meminerunt, veram etiam divinum librum esse agnoscunt &amp; passim</Unicode>
            </TextEquiv>
        </TextRegion>
    </Page>
</PcGts>
