2063 3494
217 157 1029 214 ex eo testimonia ad confirmanda fidei & cultus divini dogmata
214 201 1008 246 adducunt, ut praeter supra memoratos Cyprianus, Augustinus
212 244 292 290 & alii.
252 263 1007 319 Ad sextam conjecturam respondemus, primo quum scripto libr
219 301 1016 346 alicujus prophetici nomen suum inculcat, inde nequaquam sequi
211 337 1013 383 librum illum non esse divinum & Canonicum. Nam aliud est hi¬
219 366 1018 418 storiam; aliud prophetiam scribere. Nam historiae veritas aliunde
213 403 1002 460 potius quam a scriptore pendet: in prophetia vero, quia rem futu¬
221 436 1006 484 ram praedicit, quo de ejus certitudine constet, quis non videt hoc re¬
223 469 1015 524 quiri inprimis, ut quis prophetiam illam patefecerit, quis scripserit,
213 504 1018 551 intelligamus? Ideo videmus non modo in Prophetiarum initus, sed
220 536 1006 578 etiam in singulis pene visionibus, nihil aeque solicite adscribi atqui
221 574 1015 618 DEI & revelantis & Prophetae scribentis nomen. Exemplo sit vel u¬
220 604 1017 651 nus Jeremias, qui minimum centies vicies nomen suum inculcat: ita
223 637 1017 683 enim omnino faciendum erat, ne latebras quaerere videretur, ut
219 669 1006 725 pseudoprophetae solebant: Similiter apud Danielem a capite septi¬
228 705 1015 751 ino frequenter admodum reperitur θNPPI IAN, ani Daniela
229 738 1006 784 Ego Daniel. Et Jesaias quoties Jesaiam filium Amos inculcat? Atqu
221 775 1013 814 Iohannes hoc non consuevit in Evangelio. Fateor: Nam historia scri¬
218 812 1012 851 bebat, in qua illi accidit, quod nulli ex aliis discipulis, ut ipse de se mu¬
226 836 1006 881 ta dicere cogeretur. At Paulus etiam ipse hoc non fecit. Certe non fe¬
219 871 1009 913 cit eo in loco in quo suas visiones ex professo tractabat: sed quum sua
219 912 1013 947 muneris praestantiam asserit, quam alte, quam magnifice sese Pau¬
223 940 1016 984 lum illum esse dicit non ab hominibus, neque per homines, sed a
234 973 1004 1014 ESU CHRISTO designatum Apostolum? Quid? quum sua illa cer¬
220 1014 1009 1049 tamina praedicat, an personam alienam assumit? Jam quod nomer
238 1041 1004 1082 ohannis attinet, illud in toto hoc libro quinque tantum in locis re¬
225 1081 1006 1123 peritur, & in illorum locorum tribus est illud, Ego Iohannes: nem
229 1115 997 1153 pe cap. 1. vers. 9. addita tali descriptione sui, quae una ad omnem ame¬
226 1142 1005 1186 liendam arrogantiae suspicionem satis superque sufficit: item car¬
232 1184 1007 1213 21. 2. & cap. 22. 8. quibus locis simpliciter tantum commemora¬
237 1210 1012 1257 quid viderit, ut de visionis fide dubitari non possit. Ergo ratio set
236 1245 1011 1287 potius conjectura illa non modo futilis est, sed etiam imperitiam
234 1279 1004 1318 arguit; atque adeo plena est calumniae: imo vero nimium inconside
225 1311 1019 1353 Fata est vox ista, hunc scriptorem perinde suum illud, Ego Iohannes.
222 1342 1013 1383 inculcare, ac si syngrapham, non librum scriberet; quemadmodum
234 1376 1015 1417 Theodorus Beza Theologorum superioris seculi lumen Prolego¬
222 1410 1006 1455 menis in Apocalypsin JOHANNIS respondet. Summa: Ex necessu
224 1448 1013 1485 tate & bono publico factum, quod nomen suum Johannes alicub
229 1474 1016 1530 expresse posuit & repetivit, ut publicam autoritatem scripti sui con¬
226 1510 326 1554 firmaret.
265 1541 1022 1590 Ad septimam conjecturam respondemus titulum JOHANNIS
220 1577 1021 1617 Theologi Apocalypsin JOHANNI Evangelistae vendicare, quem
223 1614 1021 1651 nemo ignorat, ματ ἔξοχlο fuisse Theologum ab ATHANA¬
222 1645 1018 1683 SIO in Synopsi, a DIONTSIO AREOPAGITA in epi¬
229 1675 1019 1717 stola ad JOHANNEM Apostolum & ab aliis veteribus appellatum,
228 1715 1010 1753 quod de CHRISTI Deitate aeterna & ἐμουσιᾳ cum Patre nemo uno
225 1745 778 1793 quam hominum apertius aut divinius scripserit,:
255 1774 1015 1816 Sicut & BASILIO MAGNO & GREGORIO NA¬
225 1806 1010 1851 SIANSENO Theologia saepe dicitur eximia illa doctrina divi¬
228 1843 1010 1881 nitus patefacta de Filio DEI. Ideo in Complutensi editione Biblio¬
219 1879 1010 1926 rum talis est libri istius titulus: Apocalypsis S. Apostoli & Evangeli¬
214 1909 472 1956 stae Iohannis Theologi
283 1941 1001 1982 Ad octavam conjecturam respondemus, nihil non in libro ho¬
225 1973 1007 2015 divinam gravitatem spirare, quum pene omnia ex Prophetis veteris
217 2007 507 2049 Testamenti desumta sint
273 2038 993 2083 Ac non raro sit mentio typorum & ceremoniarum veteris Te¬
207 2072 994 2114 stamenti, ut ligni vitae, mannae, altatis, arcae federis, templi, taberna
206 2110 997 2152 culi, montis Tzijon, civitatis Hierusalem, Babylonis: ut veritas ty¬
217 2141 1004 2178 porum & complementum veteris testamenti in Novo ostendatur.
211 2175 1003 2216 Deinde quod ajunt, cum vulgatam rerum historiam complecti, qui
207 2213 1000 2250 potest verum esse, quum (si pauca excipias) res praeteritas non nar
207 2241 1003 2282 ret, sed futuras praenunciet? Denique sententiarum gravitate Pro¬
206 2276 649 2322 phetis Testamenti veteris nihil cedit.
269 2301 1007 2346 Ad nonam conjecturam respondemus, primo styli dissimilitudi¬
212 2345 991 2379 nem minime esse admirandam in dissimili argumento. Nam in Ev¬
216 2375 1007 2418 angelica historia & in epistolis, quamvis impulsu Spiritus Sancti,
208 2411 1007 2452 tamen ex suo sensu loquitur: hic audita excipit. Illic partim narrat
208 2445 991 2480 rem gestam, partim docet: hic fere in toto libro de rebus futuris a¬
208 2480 993 2517 git, & quidem praescriptis verbis: & miramur, eum non iisdem ut
211 2514 992 2555 sententiis? Imo quis unquam hanc legem cuiquam scriptori prae
213 2539 994 2586 scripsit? Quid quod pleraque ipsis Prophetarum veteris Testamen¬
206 2575 998 2616 ti verbis illi dictantur, ab eodem illo Spiritu nimirum, qui quon
203 2606 1004 2645 dam per illos haec eadem erat loquutus? Itaque mirum nemini videri
210 2640 998 2685 debet, quod differente stylo in re differete usus sit. Deinde falsum est,
210 2674 994 2712 hunc librum ne syllabam quidem habere communem cum Evan¬
214 2711 998 2751 gelio Johannis, id apparet saltem ex collatione capitis primi versi¬
204 2744 1003 2784 culo quinto, septimo, & decimonono, decimotertio, ut jam aliorum
207 2773 995 2818 locorum inductio non fiat. Tertio barbarismi & soloecismorum ac¬
205 2810 989 2844 cusari minime decet eum, qui a Prophetico dicendi genere & cha¬
201 2843 1003 2882 ractere discedere non debuit: quo minus sane suspicari par est, quic¬
208 2874 997 2915 quam hic commentitium Ecclesiae obtrudi, ut rursus Theodori Bexo
207 2904 380 2943 verbis utamur.
249 2941 997 2981 Ad decimam conjecturam respondemus, a Concilio Laodiceno
208 2971 995 3011 Apocalypsinm JOHANNIS omitti in catalogo librorum sacrorum
210 3009 993 3051 non quod a Canone excludatur, sed quod Synodus censuerit, ol
201 3036 992 3082 difficultatem non posse populo legi. Concilio enim, ut occasio con¬
207 3072 990 3114 dendi illius canonis manifeste ostendit, propositum fuit declarare
204 3109 989 3147 qui libri in Ecclesia publice e suggesto legi deberent, illo nimirum
206 3140 988 3178 tempore quo nondum ex eventu de multatum visionum sensu con¬
209 3172 995 3216 stare poterat. Nam post illud tempus pleraeque visiones impleri de¬
204 3205 413 3247 mum coeperunt.
1108 147 1876 202 Ad undecimam conjecturam respondemusj obtestationeili il
1068 191 1882 241 lam gravissimam cum severa denunciatione poenatum versu 18. &
1077 229 1880 273 19. capitis ultimi, poni quidem in solo hoc libro, sed ad omnes divi¬
1065 268 1889 305 nos & Canonicos libros ex aequo pertinere. Nam JOHANNES A¬
1075 295 1884 340 postolus, qui postremus vixit Apostolorum omnium, Canonem
1080 334 1879 374 Scripturae clausula Apostolica ac plane diuina obsignavit, & alia o¬
1070 362 1883 403 mnia exterminavit, ne cui vel Concilio; vel Ecclesiae, vel Angelo
1069 397 1892 441 vel mundo liceret divina specie quicquam Verbo DEIaddere vel
1071 433 1174 476 adimere.
1099 461 1891 512 Proinde Canonem divinum & a Johanue ultimo consignatum,
1074 510 1883 547 nemo homo, imo nemo Angelus augere, minuere aut mutare po¬
1080 541 1883 577 test aut debet. Haec igitur sacra obtestatio est signaculum commu¬
1069 573 1886 614 ne omnium librorum: unde Scripturae perfectio & plenitudo colli¬
1092 610 1877 648 itur a Tertulliano libro adversus Hermogenem, capite vigesimo¬
1072 640 1883 674 secundo: Adoro Scripturae plenitudinem. Et mox: An autem de
1081 674 1883 715 aliqua subjacenti materia facta sint omnia, nusquam adhuc legii
1070 708 1893 748 Scriptum esse, doceat Hermogenis officina: Si non est scriptum, timent
1080 739 1484 784 vae illud adjicientibus destinatum.
1122 773 1888 818 Iohannes Duns Scotus Prologo Sententiarum quaestion. tertia,
1074 806 1882 854 folio decimo, columna secunda, editionis Venetae ANNII5O6.
1075 845 1881 884 Sicut Theologia beatorum habet terminum, ita & nostra ex vo¬
1080 878 1885 917 luntate DE Trevelantis: terminus autem praefixus a uoluntate,
1074 916 1880 955 divina quantum ad revelationem generalem est eorum, quae sunt.
1074 950 1879 992 in Sacra Scriptura, quoniam sic habetur in Apocalypsi ultimo
1077 980 1889 1024 Qui apposuerit ad haec, imponet ei DEVS plagas scriptas in libro
1083 1014 1890 1058 isto, &c. Ideo Theologia nostra de facto (id est, revera) non est
1074 1049 1890 1098 nisi de his quae continentur in Scriptura & de his quae possunt eli¬
1080 1083 1185 1129 ci ex ipsis
1114 1108 1877 1154 Ex refutatione conjecturarum istarum liquet, autoritatem divi¬
1071 1156 1889 1191 nam & Canonicam libri Apocalypseos Johannis in Ecclesia Chri¬
1069 1188 1736 1226 stiana haberi, credi, praedicari atque servari necesse esse.
1073 1245 1892 1311 HACTENVSDE LIERIS XOVI
1149 1291 1802 1346 Testamenti, quos quidam numero divino¬
1259 1345 1688 1402 rum & Canonicorum exclu¬
1432 1392 1535 1451 serunt.
1158 1444 1890 1498 UIDAM particulas certas quorundam librorum non re¬
1153 1491 1879 1530 ceperunt ut divinas & Canonicas, nempe ultimum capust
1152 1521 1873 1558 Marci: & historiam de fletu CHRISTI super urbem Hie¬
1071 1555 1877 1595 rosolymorum Lucae decimonono & de sudore CHRISTI sanguit
1075 1593 1889 1628 neo & apparitione Angeli & consolatione qua CHRISTUM cor¬
1080 1622 1874 1665 roboravit Luc. 22. Historiam item de adultera initio octavi capiti
1065 1653 1889 1701 Johannis: & versum septimum 1. Johan. 5. Tres sunt qui testifi¬
1078 1689 1879 1727 cantur in coelo, Pater, Sermo, & Spiritus Sanctus: & hi tres u¬
1077 1721 1205 1765 num sunt
1125 1750 1880 1796 Caput ultimum Marci non fuisse ab omnibus receptum, me¬
1068 1796 1880 1831 minit Hieronymus tertio tomo epistolam ad Hedibiam, quaestione
1074 1828 1874 1866 tertia, addita ratione cur non fuerit receptum, quia ab aliorum
1074 1861 1880 1899 Evangelistarum narratione dissideat, nempe versu primo, secun¬
1079 1898 1880 1932 do, octavo, nono, decimoquarto. Verba ejus sunt: Aut non re¬
1074 1929 1880 1966 cipimus Marci testimonium, quod in raris fertur Evangeliis, o¬
1070 1961 1873 1997 mnibus Graeciae libris pene hoc capitulum in fine non habentibus.
1065 2002 1878 2049 praesertim cum diversa atque contraria Evangelistis caeteris narra¬
1069 2026 1211 2074 re videatur.
1113 2060 1877 2112 Alii addunt secundam rationem ex secundo tomo, libro secun¬
1074 2097 1882 2140 do adversus Pelagianos, ubi pagina ducentesima nonagesimaprima
1045 2139 1871 2179 Srefert; in quibusdam exemplaribus, & maxime in Graecis codicibus.
1068 2171 1870 2214 juxta Marcum in fine ejus Evangelii scribi: Postea cum accubuissen¬
1075 2207 1868 2246 indecim, apparuit eis ]ESUS, & exprobravit incredulitatem &
1068 2240 1883 2276 duriciem cordis eorum, quia his qui viderant eum resurgentem,
1069 2271 1877 2315 non crediderunt. Et illi satisfaciebant dicentes: Seculum istud,
1064 2304 1874 2346 iniquitatis & incredulitatis substantia est, quae non sinit per im¬
1072 2338 1874 2378 mundos spiritus, veram Dei apprehendi virtutem: idcirco jam
1062 2371 1879 2409 nunc revela justitiam tuam. Ubi verba, Et illi satisfaciebant
1065 2406 1874 2442 & sequentia Manichaeismum redolent & in hodiernis exemplari¬
1066 2440 1877 2478 bus non sunt & ab aliis olimque non fuisse recepta ex loco allegato
1069 2470 1295 2517 Hiernoymi apparet.
1122 2502 1883 2542 Ad primam rationem respondemus, Marci caput decimum¬
1063 2532 1883 2578 sextum nequaquam ab aliorum Evangelistarum narratione dis¬
1065 2571 1140 2611 sidere.
1100 2611 1875 2650 Nam in primo versiculo verbum ηρορχσαν non est Latine red¬
1066 2645 1874 2680 dendum per praeteritum perfectum emerunt, sed per plusquam per¬
1059 2679 1879 2722 fectum emerant: ne quis exacto demum Sabbatho emta fuisse
1068 2717 1859 2764 aromata a mulieribus existimet, nam Lucae capite vigesimotertia
1060 2751 1873 2786 versic. quinquagesimoquinto & quinquagesimo sexto dicitur, quod
1060 2782 1883 2818 spectata sepultura CHRISTI, a monumento reversae paraverint .
1054 2817 1870 2851 aromata & unguenta, ac Sabbatho quidem quieverint, secundum
1072 2852 1877 2882 praeceptum: Aorista enim tempora Graecorum non semper prae¬
1068 2884 1877 2918 ceritum perfectum significant, sed indefinite praeteritum, etiam
1063 2913 1880 2963 imperfectum, etiam plusquamperfectum, pro exigentia loci;
1069 2948 1880 2994 mo & futurum in modo praesertim conjunctivo, infinitivo &
1059 2985 1876 3035 participio: quin etiam praesens tempus in conjunctivo modo &
1053 3011 1176 3058 participio¬
1109 3052 1867 3095 Quapropter primus versus sic reddi debet: Et Sabbatho in¬
1053 3085 1870 3127 tercedente exacto, Maria Magdalenae & Maria lacobi mater & Sa¬
1053 3123 1877 3164 lome emerant aromata (nimirum jam ante, postquam a sepultura
1059 3158 1871 3199 CHRISTI reversae essent, Jut venientes ungerent Iesum. Sic prae¬
1062 3191 1868 3234 teriti plusquamperfecti significationem habet verbum aoristum
