2063 3413
225 148 1020 203 Deinde sancti Apostoli, qui certe a seditionibus & rebellione ad¬
195 189 989 235 versus Magistratum politicum alienissimi erant, contra interdicta
196 220 990 274 Pontificis maximi & Magistratus Jerosolymitani Evangelium Chri¬
192 257 983 309 sti praedicarunt, statuentes oportere Deo potius obedite quam homi¬
199 285 737 334 nibus, Actor. 4. v. 18, 19, 20. & c. 5. v. 27, 28, 25.
235 321 980 373 Tertio Apostolus Paulus Christianos etiam persecutionem patien
196 357 992 409 tes ob Evangelium Jesu Christi admonet, ne deserant aggregatio¬
197 391 985 434 nem sui mutuam, Hebr. 10. v. 25. admonet, ne abjiciant liberam il¬
189 420 656 465 lam professionem suam Hebr. 10. v. 35.
237 452 1000 495 Libertas hoc est distinguenda a libertate data a Principe de qua¬
193 478 991 536 infra cap. 29. hujus libri. Haec loco nihil de ea traditur, quam proposi¬
189 525 988 561 tum mihi sit hic de iis agere quos Deus per verbum suum dedit Ec¬
189 557 984 600 clesiae: at c. 19. de iis quos Deus per Magistratum politicum dat Ec¬
196 592 988 628 clesiae suae. Libertas quam Deus dat Ecclesiae est spiritualis: liberta¬
210 622 700 662 quam Princeps dat, Ecclesiae est corporalis,
231 652 988 692 Est autem haec libertas seu potestas tum conventuum Ecclesiasti¬
194 688 980 727 corum, tum Electionum vocationumque seu missionum Ecclesiusticat
202 719 987 771 rum, tum dijudicandi controversias religionis, tum ordinis Ecclesiastioi
196 747 557 794 tum iurisdictionis Ecclesiasticae.
436 822 758 871 CAPUT XIV.
438 871 766 939 In quo de Conciliis.
206 939 1003 991 VIBERTAS seu potestas conventuum Ecclesiasticorum, est jus
206 984 991 1034 Iquod Deus Ecclesiae dedit, ut fideles in nomine Christi conve¬
258 1016 997 1053 nirent ad communem suam aedificationem. De hac dicit Do¬
207 1049 995 1090 minus ipse Matth. 18. v. 20. Ubi sunt duo vel tres in nomine meo, illis
199 1084 992 1122 sum in medio eorum. Et exemplum ostenditur Luc. 24. vers. 53. Eran
198 1115 1022 1147 discipuli Christi omni tempore in templo, laudantes & benedicentes:
202 1150 262 1190 Deo.
232 1166 914 1214 Conventus Ecclesiastici vel ordinarii sunt vel extraordinarii,
241 1210 997 1253 Ordinarii sunt, qui stato qualibet septimana die, aut etiam singulis,
207 1243 351 1289 diebus fiunt.
246 1277 935 1317 Suntque tum conciones sacrae, tum Scholae bonarum literarum.
241 1312 1013 1354 Conciones sacrae sunt coetus fidelium qui ad exercendum cultum
216 1344 511 1389 Dei religiose conveniunt.
231 1376 998 1419 SCHOLAE bonarum literarum, sunt coetus in quibus juventur
213 1412 991 1446 pie docetur & discit artes liberales & in primis salvificam e Verb
205 1444 1022 1486 Dei doctrinam, ad verae religionis in Ecclesia Dei conservationem &
204 1480 991 1522 propagationem, dum perpetuum de legitimis scriptis Propheticis &
201 1511 992 1554 Apostolicis, verisque illorum interpretationibus testimonium ju¬
204 1542 995 1580 venturi inculcatur & commendatur: ad ministerii Ecclesiastici con¬
196 1579 998 1616 servationem, dum adolescentes idonei ad ministerium educantur &
204 1610 997 1644 exercentur: ad promovendum regnum Christi & electorum salutem:
194 1642 991 1677 & denique ad rerumpublicarum & Oeconomiarum evidentem uti¬
205 1673 999 1720 litatem. Unde Scholae dictae sunt seminatia Ecclesiarum, rerumpubli.
205 1713 511 1750 carum & Oeconomiarum.
234 1733 995 1783 Extraordinarii conventus Ecclesiastici, sunt qui requirente aliqui
198 1777 931 1815 evidente necessitate praeter ordinarios conventus instituuntur.
243 1803 946 1839 Suntque vel Consistoria vel Colloquia vel Concilia Ecclesiasticat
247 1832 992 1880 Consistorium Ecclesiasticum, est coetus in quo presbyteri Ecclesiae
213 1869 707 1913 unius conveniunt ob negotia Ecclesiastica:
247 1893 989 1933 Collaquium Ecclesiasticum, hoc in loco appellamus coetum in quo
211 1928 989 1970 vicinarum Ecclesiarum deputati conveniunt, ut de negotiis Eccle¬
213 1969 733 2004 siam spectantibus colloquantur & deliberent.
249 1995 997 2035 Concilium Ecclesiasticum seu synodus Ecclesiastica, est publicus con¬
207 2036 1001 2070 ventus piorum virorum, a diversis Ecclesiis etiam diversarum provin¬
207 2069 988 2104 ciarum legitime missorum vel congregatorum, ut inter eos de rebu¬
210 2101 991 2133 sacris & ad fidelium aedificationem pertinentibus communi Eccle¬
205 2126 1001 2170 siarum consensu agatur & statuatur, pro potestate quae illis est a Deo
216 2163 734 2203 concessa. Dicitur etiam Ecclesia repraesentativa
238 2195 994 2235 Concilia primo vel sunt Prophetarum aut Apostolorum vel aliorum
215 2224 350 2279 Episcoporum.
248 2256 989 2299 Concilia a Prophetis & Apostolis celebrata divinam habent auto
206 2297 1001 2336 ritatem, sic ut nefas sit eis ulla in re quicquam derogare. Tale fuit Con¬
210 2328 997 2368 cilium Israeliticum, cui Elias Propheta praefuit, 2. Reg. 18. Tale fuit A¬
201 2360 601 2409 postolicum, quod Act. 15, describitur
240 2380 985 2432 Concilia aliorum Episcoporum, quae post Apostolos sunt celebra
214 2421 993 2466 ta vel adhuc celebrantur, Propheticis & Apostolicis conciliis nequa¬
213 2461 997 2501 quam sunt paria autoritate: nec eorum autoritas Scripturarum Sa¬
213 2492 606 2534 crarum autoritati est, exaequanda.
237 2509 879 2555 Secundo, Concilium vel particulare est, vel Universale.
243 2543 1005 2594 Particulare Concilium, est quod aliquarum certarum Ecclesiarum
214 2595 473 2633 nomine collectum est.
251 2613 851 2658 Idque est vel dioecesanum, vel provinciale, vel nationalo
244 2645 989 2693 Dioecesanum Concilium, est in quo ex una dioecesi, Ecclesiae, reli
210 2684 997 2733 gionis & disciplinae divinae causa conveniunt. Hujusmodi concilia &
206 2720 686 2762 τθπας συγοδει vεl σωοδοσ τοπικαι dicuntur
245 2756 1022 2795 Provinciale Concilium, est in quo legati Ecclesiarum unius provin¬
214 2786 394 2828 ciae conveniunt.
243 2807 997 2854 Nationale Concilium, est in quo legati Ecclesiarum integrae alicu¬
216 2853 1000 2896 us nationis seu integri regni conveniunt. Concilia provincialia & na¬
204 2887 656 2930 tionalia dicuntur συνοδαι καν ἐπαρχιας,
246 2918 997 2960 Concilium Vniversale est quod universae Ecclesiae nomine colle¬
213 2935 991 2985 ctum est: quale fuit Israeliticum, 1. Reg. 18. vers. 19. Nicenum adversus
214 2985 994 3020 Arium: Constantinopolitanum adversus Macedonianos: Ephesinum
208 3018 1019 3058 adversus Nestorium: Chalcedonense contra Eutychen, & alia quae Oe¬
204 3045 797 3087 cumenica appellari consueverunt, item generalia.
243 3074 1022 3114 Vniversale Concilium dicitur ambigue, vel quod est orthodoxum,
212 3111 997 3153 & hoc sensu Milevitanum concilium, quod alioqui particulare erat
217 3143 1001 3192 tamen universale dicitur tomo primo conciliorum, pag. quingentes.
1044 166 1823 223 quinquages. quarta & quinta: similiter Carthaginense pag. quingen¬
1045 209 1836 254 tes. quinquages. octava. Vel quod ex universae Christianae Ecclesiae
1050 233 1422 278 consensu & legatis est collectum.
1070 268 1843 318 Generale Concilium similiter non semper pro Oecumenico conci¬
1042 295 1842 353 lio sumitur, sed aliquando pro nationali, sicut in conciliis Romanis
1054 332 1842 386 ub Symmacho habitis, semper legitur Symmachus concilio genera¬
1054 366 1843 418 i praesidens, & tamen Episcopi tantum Italiae illis conciliis interfue¬
1050 400 1827 452 runt Sic Toletanum tertium, c. 18. dicitur generale, in quo erant tan¬
1047 430 1319 475 tum Hispaniae Episcopi¬
1683 442 1820 483 (non probum.
1087 463 1816 516 Tertio concilium vel legitimum & probum est, vel illegitimum &
1071 500 1829 548 Concilium probum & legitimum, est quod legibus Verbi Dei est
1039 535 1823 578 consentaneum. Leges aute & conditiones concilii legitimi sunt aliquot,
1080 562 1830 618 Prima est, ut convocatum sit vel per Magistratum politicum, 1. Rega
1052 596 1826 642 18. 19, 20, maxime si sit fidelis. Josu. 23 & 24. 1. Chron 2:. & 28, 29.
1053 629 1834 672 2. Chron. 29. v. 4. vel per ipsos Episcopos seu pastores, si Magistratus
1050 660 1832 708 sit infidelis, aut religionem Christianam plane non curet, vel ei ad¬
1046 695 1823 737 versetur, Actor. 15. 2. Concilium Nicenum primum & alia convocat
1047 727 1825 770 sunt a Constantino Magno, sicut Eusebius libro primo de vita Con¬
1053 757 1825 798 stantini Magni ait: Ecclesiae tamen Dei peculiarem solicitudinem im¬
1050 793 1834 834 pertiens (Constantinus Magnus,) quum per varia loca exorirentur in¬
1053 825 1828 872 ter Episcopos dissensiones ipse ceu communis aliquis Episcopus a Dei
1051 844 1832 905 constitutus συυο κς τῶν θεο λειτμργον σωικρθτει, synodes ministrorum
1041 889 1835 937 Dei indicebat & congregabat. Constantinopolitanum concilium pri¬
1054 923 1834 963 mum a Theodosio Magno coactum, alia ab aliis Imperatoribus.
1051 959 1829 1003 qua de re videatur Symphonia nostra Theologica, cap. decimoocta.
1053 984 1309 1032 vo, thesi vigesimatertia
1081 1012 1834 1056 Secunda conditio legitimi concilii est, ut habeant in concilio vo¬
1054 1056 1833 1101 cem deliberativam seu consultativam & decisivam quicunque sunt ab¬
1061 1084 1842 1134 Ecclesiis delecti & delegati, non tantum ab una, sed etiam ab altera
1060 1124 1575 1166 parte dissidentium, quorum videlicet res agitur
1086 1147 1833 1196 Legati autem Ecclesiarum debent esse tum in primis pii, doctis
1062 1182 1835 1222 prudentes, modesti, humiles, mansueti, & veritatis amantes & pacifi¬
1047 1224 1840 1254 ci Pastores & Theologi, maxime praecipui defensores dogmatum pu¬
1055 1252 1838 1288 gnantium: tum ipsi quoque Imperatores, Reges. Principes & alii vi¬
1062 1283 1838 1330 i idonei, id est, pii, sancti & docti, sive Scholarum sint moderatores;
1057 1315 1842 1350 sive politici ordinis, quos ad deliberationem, collationem & dictio¬
1055 1351 1840 1387 nem sententiarum, pari cum caeteris jure convenit admitti. Quod &
1050 1376 1833 1422 in concilio Apostolleo factum, Actor. 15. 2. Laicos fuisse in concilioe
1062 1409 1834 1459 Niceno admissos testantur Histor. Triparti libro secundo, capite
1052 1452 1832 1485 tertio: item Tomus primus conciliorum Colon. excus. pag. trecentes.
1050 1479 1842 1523 triges. quarta, Gelasius Cigicenus, Ruffinus. Videatur Symphonia
1059 1512 1736 1552 nostra Catholica, cap. decimooctavo. thesi vigesimaquarta.
1092 1540 1831 1582 Tertia conditio legitimi concilii est, ut locus concilii sit opportus
1050 1577 1831 1618 nus, tutus, & sine periculo accessuris omnibus, idque propter senten¬
1066 1610 1592 1655 ias dicendas, quas omnino liberas esse oportet.
1096 1630 1840 1684 Quarta conditio est, ut summus quidem concilii praeses sit Chri¬
1057 1669 1835 1720 stus, in cujus nomine congregatur, qui etiam supremus judex est in
1063 1707 1836 1743 controversiis religionis, qua de re videatur Symphonia nostra Ca¬
1060 1741 1842 1784 tholica cap. primo, thesi nona. Ministerialis praeses sit etiam idoneus,
1053 1770 1417 1810 tum Ecclesiasticus tum Politicus.
1083 1798 1841 1849 Ecclesiasticus praeses est qui disceptationi sacrae praeest, hoc est, qui
1051 1837 1841 1880 moderatur totam concilii actionem, indicit tempus conveniendi,
1057 1872 1842 1905 convocat coetum, proponit agenda, sententias interrogat & Nota¬
1053 1902 1828 1939 riis adhibitis colligit: si qui Sacrae Scripturae aut Patrum ortho¬
1053 1932 1832 1970 doxorum loci perperam aliegentur, eorum verum sensum exponis
1054 1968 1837 2014 & ostendit, ipse quoque post alios sententiam dicit, eodem jure quo
1051 1995 1127 2034 caeteris
1081 2028 1837 2067 Praeses Ecclesiasticus is erit, qui ex numero Episcoporum seu Pasto¬
1057 2062 1842 2114 rum a toto concilio erit electus & probatus, sive concilium generale
1047 2092 1216 2134 sit, sive speciale
1083 2124 1838 2170 Nam Pontificis Romani non est, omnibus generalibus conciliis
1041 2159 1558 2201 praesidere, ut sequentia argumenta evincunt:
1074 2193 1836 2234 I. Quia nullum tale privilegium Pontifici Romano a Christo
1048 2214 1151 2267 datum est
1059 2246 1825 2304 2. Quia exempla ostendunt, eum jus praesidendi generalibus con¬
1041 2294 1829 2334 ciliis non habuisse. Praefuerunt enim illis alii, quam Romani Episco¬
1044 2325 1824 2370 pi: qua de re videatur Symphonia nostra Catholica, cap. decimoocta.
1047 2351 1326 2397 vo, Thesi vigesimaquint:
1074 2388 1832 2429 Hodie vero multo minus est ejus praesidere, quia est reus, quia ac¬
1012 2413 1823 2452 Hcusatur de idololatria, haeresibus innumeris, totius cultus diuini pro¬
1062 2449 1825 2498 hanatione, & aliis criminibus a maxima Christianitatis parte. Nul¬
1051 2489 1613 2523 lo igitur jure in sua propria causa potest praesidere.
1075 2511 1822 2552 Politicus praeses est Imperator, Rex seu Princeps & summus Ma¬
1060 2545 1817 2595 gistratus fidelis, qui concilium conuocauit, aut eius nomine legati ip¬
1054 2577 1825 2621 sius. Sic praesedit in concilio Niceno Constantiunus Magnus. 12. q. 1.
1071 2617 1196 2653 Futuram
1080 2628 1826 2684 Eiusque officium est curare ἀυταζιαν, hoc est, bonum ordinem &
1056 2673 1826 2722 pacem concilii, illudque tueri ab omni vi externa & confusione interna.
1047 2707 1816 2752 coercete rixantes Episcopos, cogere ad esse non sistentes secum evo¬
1059 2741 1823 2786 tantur, continere coadunatum concilium, ne ipso inscio & non per¬
1042 2773 1826 2818 mittente dissoluatur, Episcopos sui officii metas transgredientes &
1059 2805 1818 2847 umultuantes ad officium reuocare, quod ex majoris melirisque par¬
1050 2840 1818 2880 tis synodi sententiis & suffragiis a Praeside Ecclesiastico juxta Sacram
1051 2876 1826 2915 Scripturam Canonicam fuerit collectum & conclusum approbare,
1047 2907 1823 2951 decreta a Concilio iuxta sacrarum litterarum praescriptum facta ab
1062 2940 1829 2976 omnibus subsignari jubere, eadem publico dicto sanicire & cutare
1057 2973 1831 3017 servari per totam suam ditionem, demque decretis Conciii legiti¬
1056 3005 1393 3050 me factis rebellantes punire.
1089 3027 1814 3080 Distingui oportet causam Ecclesiasticam ab actu erdinis extern¬
1060 3069 1824 3106 Ad causam Ecclesiasticam, hoc est, tem fidei & Ecclesiae electivus pro¬
1059 3099 1829 3141 ses est: actus vero ordinis externi est plane politicus, ideo Magistra¬
1057 3136 1592 3185 tus summus illius conservandi causa praeses est
