2063 3447
273 157 1075 201 Edicta Imperatorum & Regum, quibus Synodorum praesertimA
256 192 1042 234 Oecumenicarum decreta confirmantur, Graeci vocant δα ιαγμαζα
255 229 1048 267 θεισματα, χρυσοθολακθγαζαρασ σωοδικας γε φασεις, edicta, aureas
262 257 1046 299 ballas ad synodales sententas regis autoricate muniendas: id enim est
251 293 1046 343 xυνον, sancire ut vim Legis aliquid habeat, quod unius est ac solius
252 328 371 373 Principis.
286 357 1058 399 Jus pronunciandi quid sanctum sit, quid non, est Patrum Synodi:
252 392 1058 430 at sancire derreta Synodi est Principis. Res divinae administrantur.
253 422 1046 469 synodali xρισει, judicio: eaedem confirmantur regia imxρiσes, judicie
256 459 410 506 quasi secundo
285 490 1055 533 Quod si Magistratus non sit fidelis, vel concilium plane non curet,
259 528 1049 567 tum cotius concilii consensu praeses politicus est eligendus, qui re¬
261 555 1057 594 ctum ordinem & pacem concilii tueatur, & caetera curet, quae summi¬
252 589 1051 628 Magistratus officium tamen non attingant, ut quod de edictis & poe¬
256 624 419 663 nis dictum est,
282 658 1048 698 Quinta conditio legitimi Concilii est, ut liberum sit concilium
256 685 1042 726 hoc est, ut concessum sit cuique etiamsi laicus, vel etiam infidelis si
250 724 1046 765 concilio proponere, in quo aedificari & instrui quoad religionem pos¬
254 756 1058 795 sit. Quivis enim audiri potest & debet modo id ordine & rite fiat. Tum
259 786 1079 827 ut quivis liberum habeat aditum & abitum. Qui autem haereseωs vel
249 819 1052 865 sceleris alicujus convictus fuerit, & pertinax manserit, poena Ecclesia¬
257 861 1061 906 stica afficiatur, hoc est, depositione ab officio Ecclesiastico, vel Ab¬
261 893 654 938 stentione, vel Excommunicatione
285 919 1054 969 Sexta conditio est, ut σuζoτmois demotis controversiis ab Episcopi
256 952 1067 993 seu Pastoribus & presbyteris caeterisque Ecclesiarum legatis, citra
258 991 1055 1035 praejudicium domi paratum fiat; utque pars utraque dissentientium
250 1026 990 1070 audiatur, absens vero & non audita pars neutiquam damnetur.
285 1051 1054 1096 Aσυζητήσει seu colloquio absint contentiones & rixae, ut consula¬
255 1091 1059 1127 tur aedificationi quae inter rixandum nulla est. Exemplum est in Jer¬
255 1126 1054 1166 Propheta, cui cum contradixisset in publico conventu Chananj
253 1157 1057 1200 Pseudopropheta, redarguit eum modeste Propheta Jeremias con¬
252 1191 1060 1232 tentionem fugiens, donec Deus servo suo occasionem exhiberet ac
262 1229 700 1271 aedificandum commodam, Jerem. 28.
295 1254 1057 1304 Forma & ratio legitima atque fructuosa colloquii de religioni
262 1293 1057 1332 controversiis describitur ab Augustino in secundo tomo, epistola cen¬
256 1326 1064 1367 tesima quinquagesima secunda, quae est ad populum Donatianae fa¬
254 1362 1061 1397 ctionis: Canthaginem venimus, & nos & Episcopi vestri, & quod priu¬
265 1398 1070 1433 nolebant & indignum esse dicebant, in unum convenimus. Electi sunt ex
259 1426 1064 1466 nobis & ex ipsis, septe hinc & septem inde qui pro causa omnium loquerens
258 1465 1070 1502 tur. Electi sunt alii septem hinc & septem inde, cum quibus ubi opus erat
261 1495 1073 1535 consilium pertractarent. Electi sunt quatuor hinc & quatuor inde, qui¬
258 1532 1068 1568 gestis conscribendis custodes essent, ne infalsatum aliquid ab aliquo dice¬
265 1560 1061 1596 retur. Dati sunt etiam a nobis & ab ipsis notarii quatuor hinc & quatuo
264 1590 1061 1634 inde, ut bini cum exceptoribus ludicis alternarent, ne aliquis nostrums
255 1626 1067 1661 dixissealiquid causaretur, quod non fuisset exceptu. Huic tantae diligen¬
264 1664 1065 1699 tiae etiam illud est additum, ut & nos & ipsi, quem admodum ipse Iudex
263 1690 1069 1730 vοrbis nostris subscriberemus, no quisquam diceret in illis gestis aliquio
271 1726 1064 1762 vel postea fuisse corruptum. Cum enim adhuc viventibus eis qui subscri¬
268 1758 1065 1798 pserunt innotuerint eadem gesta omnibus locis in quibus oportet ut inno¬
268 1794 929 1835 tescant, sic etiam ad posteros confirmata veritas perdurabit.
292 1819 1066 1870 Septima conditio Concilii legitimi est, ut finis concilii sit legitia
267 1860 1064 1896 mus. Is autem duplex est. 1. Ut puram doctrinam in Sacra Scri¬
258 1891 1061 1932 prura traditam adversus haereticos asserat, & publico suo testimoni¬
264 1927 1075 1960 approbet: ac proinde sit non judex, sed index pot us judicii divini ex¬
257 1958 1060 1993 Scriptura Sacra 2. Ut Politiae Ecclesiasticae decreta pro divers
262 1994 1060 2032 temporum, locorum & personarum ratione constituat vel constitut.
267 2028 1063 2067 confirmet. Non est autem concilii videre, ut personae errantes sup¬
279 2055 1065 2113 plicio cap: tali puniantur: nec sanguinaria chirurgia Ecclesiam decet¬
264 2089 476 2129 salubrior est diaet:
307 2123 1061 2172 Octavo, ut nihil definiatur, nihil decidatur, nisi ex Sacrae Scripturae
273 2157 1061 2202 tanquam unicae NORMAEVERITATIS in Ecclesia, judicio, quod ju
277 2190 1064 2229 dicium & publicum est & Dei ipsius, qui in Scriptura loquitur, & solu¬
276 2227 1060 2262 potestatem habet praescribendi Ecclesiae, quid sit credendum & faci
277 2260 1064 2295 endum in Ecclesia. In Synodis sola vox Dei audiri debet & ab ejus
271 2290 1072 2333 decisione omnibus pendendum: alioqui vocem decisivam a qua veri¬
276 2326 1060 2365 tatis autoritas dependeat nullus hominum in Synodo, ac ne ipsa qui
274 2359 1075 2397 dem Synodus tota habet. Vox illa Dei sonat in Scriptura Prophetica.
277 2394 1064 2434 & Apostolica, quae tum Conciliis omnibus, tum singulis etiam pri¬
272 2426 1069 2465 vatis est magistra fidei secundum Deum; Cui Scripturae judicio pu¬
274 2459 839 2498 blico si subscribat concilium, ipsum recte judicat,
309 2492 1064 2531 Proinde decreta Concilii Scripturis Sacris consentanea acceptan
270 2524 1061 2565 da sunt, sed Scripturis ipsis neutiquam exaequanda. Ideo nondum in
277 2559 1072 2598 telligentibus eorum aeritatem, licet ea examinate an cum Scripturia
268 2591 1075 2628 consentiant, ut factum est de Symbolo Niceno, Historia tripartita, lib.
270 2625 1081 2665 secundo, cap. undecimo: &, quod amplius, ut factum est de doctrina
283 2659 785 2698 Apostoli Pauli a Beroeensibus, Actor. 17. 11
310 2686 1066 2733 Extraordinarium fuit, quod Elija Propheta mitaculo cum pro¬
286 2719 1071 2769 phetis Bahalis spopondit, ut nempe is esset Deus qui igne testaretur
277 2760 1069 2809 se esse Deum 1. Reg. 18. v. 24. Nam Prophetae Baalis non comple¬
279 2788 635 2827 ctebantur Scripturam Sacram
429 2830 929 2882 Sic fuit de Concilio legitimo & probo.
319 2875 1084 2928 Concilium non probum & illegitimum, est quod legibus Verbo Dei
289 2916 1081 2959 praescriptis repugnat: hoc est, in quo illa desunt, quae in concilio legi¬
280 2952 1067 2986 timo requiti Scriptura Sacra docet. Tale concilium vocatur etia pseu
292 2977 1076 3027 dosynadus: cujusmodi est synodus Nicena secuda, quae falso dicitur se¬
286 3015 1083 3059 ptima synodus generalis: item concilium Constantiense, Lateranensia.
286 3048 1085 3093 aliquot, Florentinum, Tridentinum, quod postremum cur non sit le¬
286 3082 911 3127 igitimum libro primo expositum cap. trigesimo tertio¬
430 3116 949 3179 Dissentanea Conciliorum Episcopalium.
316 3160 1073 3227 Concilia non habent potestatem condendi novos articulos fido
1095 156 1921 209 vel proferendi alia dogmata, quam sunt a Deo puaescripta in prophae¬
1107 192 1385 235 ticis & Apostolicis libris
1130 222 1913 276 II. Quia Deus etiam ipsos Prophetas prohibet aliquid afferre ex
1105 258 1913 308 seipsis, sed injungit ipsis ut loquantur ex ore Domini. Ezechiel. 3. ver.
1108 302 1911 345 17 Fili hominis, ait Dominus, speculatorum te dedi domui Israel:aus
1111 325 1910 374 dies igitur ex ore meo verbum, & annuntiabis illis ex me. Idem es
1110 365 1920 415 apud Jeremiam aliis verbis Jerem. 23. versicul. 28. Propheta, inquit,
1111 399 1922 451 apud quem est somnium, narret somnium: & qui habet verbum meum,
1107 426 1481 471 loquatur verbum meum verum.
1134 464 1921 507 2. Quia ipsis etiam Apostolis a Christo injungitur, ut doceant
1113 499 1768 535 omnes Gentes servare, quae ipse praecepit Matth. 28 19.
1140 533 1924 571 3. Quia ipse etiam Christus, quamvis Magister & Doctor omni¬
1104 565 1921 605 um constitutus, nihil docuit, nisi quod Pater ipsi mandavit; sicut profi¬
1104 597 1910 638 retur ipsemet Joh 7. v16. Mea dectrina non est mea, sed eius qui misit
1101 628 1913 672 me Patris. Jam si Prophetae, si Apostoli, si Christus denique ipse han¬
1105 658 1919 713 in se legem recepit, ne quid docerent aliud, quam Deus mandasset.
1107 691 1550 743 multo magis ea conciliis est imposita
1132 728 1172 768 A
1185 727 1933 780 Quia Moses, Prophetae, Christus ipse & Apostoli, dogmata:
1116 753 1935 818 sua ex Scriptura probarunt: quod ipse Bellarminus faretur libro I.
1101 795 1357 840 de Verbo Dei, cap. 2.
1132 828 1937 879 5. Quia Prophetae ipsi nullam novam doctrinam protulerunt, sed
1112 852 1526 905 Legis duntaxat interpretes fuerunt
1135 897 1179 927 6.
1186 894 1928 947 Quia concilium Apostolicum nihil tradidit, extra Prophetas,
1113 925 1372 974 ut videre est Actor. 15.
1142 957 1925 1012 7. Quia solus Deus nobis in spirituali doctrina est magister: ut
1120 991 1676 1039 solus est verax qui nec mentiri nec fallere potest.
1150 1028 1916 1078 OBIICITUR: Prophetae & Apostoli addiderunt multa libris Mosis.
1115 1059 1149 1101 Er¬
1159 1068 1922 1107 o habet Ecclesia potestatem etiem addendi aliqua Sacris Scripturus
1149 1101 1924 1143 RESP. In propositione omissa est elenchus fnlsorum patium:
1118 1136 1915 1178 nam falso fingitur eadem potestas & autoritas competere Ecclesia
1115 1170 1912 1209 cum Prophetis & Apostolis Alii ministri Ecclesiae non sunt Prophe
1119 1202 1933 1242 tae & Apostoli. Quod attinet ad assumtionem, sciendum est in libris
1112 1234 1928 1280 Mosis vel dogmata contineri vel historiam. Si dogmata spectes, nulla
1113 1268 1928 1310 nova sunt addita a Prophetis & Apostolis, sed tradita a Mose ab illis
1117 1301 1927 1342 tantum declarata. At si historia ipectes, est addita, sed ad illustranda
1113 1336 1933 1376 dogmata, non evertenda. Est igitur sophisma falsorum parium: nam quie¬
1129 1369 1922 1410 quid Prophetis & Apostolis licuit, id aliis ministris non continuo licet
1155 1399 1930 1441 II. Concilia Episcopalia neminem obligant, si a Scriptura Sacra¬
1123 1427 1928 1484 discedant: ut haec argumenta ostendunt: Primum quia Cociliis etiam
1134 1471 1933 1507 probatissimis Patres Orthodoxi alios adstringere in controversiis fi¬
1122 1504 1927 1541 dei noluerunt. Quod enim Concilium Universale probatius est Ni¬
1129 1539 1933 1573 reno primo? ad illud tamen noluit Augustinus revocare adversarios
1117 1568 1925 1611 fidei, sed ad Sacram Scripturam Nam 6. tomo, li. 3. contra Maximi
1119 1603 1921 1641 num Arianorum Episcopum, c. 14. ait: Nec ego Nicenum, nec tu debo
1125 1639 1931 1679 Ariminense tanquam praetudicaturus proferre Concilium: Nec ego hu¬
1134 1670 1930 1707 jus autoritate, nec tu illius detineris: Scripturarum autoritatibus, non
1138 1704 1932 1742 quorumcumque propriis, sed utrisque communibus testibus, res cum re,
1128 1737 1930 1770 causa cum causa; ratio cum ratione concertet. Utrique legimus; Vt simus
1125 1766 1931 1810 in vero Filio eius Iesu Christo: ipse est verus Deus & vita aterna. Vtri¬
1122 1807 1535 1842 que tanti ponderis molibus cedamus
1152 1829 1921 1879 Secundum argumentum est Si ne Apostolis quide, imo ne Ange¬
1131 1862 1931 1906 lis quidem e caelo, aliquid praeter id quod Scripturae Sacrae docent an¬
1131 1906 1934 1948 munciantibus obediendum est: multo minus Conciliis Episcopalibus.
1129 1935 1932 1982 Antecedes est Apostoli Pauli Gal. 1, 8, 9. Sed etiamsi nos, aut Angelus
1129 1962 1925 2008 e caelo evangelizet vobis praeter id, quod vobis ovagelizavimus, anathe
1120 2004 1931 2034 ma esto. Vt ante diximus, etiam nunc iterum dico, Si quis vobis evange¬
1128 2029 1927 2072 lizaverit praeter id quod accepistis, anathema esto. Sic CHRTSOST0¬
1119 2069 1928 2104 MuS ait homil. 2. in secundam epist. ad Timoth. Plus aliquid dicam,
1126 2105 1931 2147 ne Paulo quidem obedire oportet, si quid dixerit proprium, si quid huma¬
1120 2134 1786 2170 num, sed Apostolo Christum in se loquentem circumferenti
1148 2162 1933 2203 Tertium argumentum, quia Conciliorum codices sunt corrupti &
1127 2190 1933 2235 falsati. Nam ipsimet Pontifices Romani falsarunt canones Niceni
1119 2235 1930 2277 Concilii & Milevitani. Vide Symphoniam nostram Catholicam de¬
1131 2267 1565 2313 cimooctavo cap. thesi vigesimaprima
1161 2301 1916 2344 Quartum, quia Conciliis si a Sacra Scriptura deflectant, antepo
1119 2333 1934 2374 nenda est etiam unius hominis quantumvis laici sententia in sacris li¬
1131 2369 1919 2403 teris fundata: sicut Gerson ait Tractatu de Examinatione doctrina
1131 2401 1933 2431 rum parte prima principali, consideratione quinta: Examinator hu¬
1122 2432 1930 2478 iusmodi doctrinarum est per modum doctrinae quilibet in sacris literis suffi¬
1126 2466 1933 2507 cienter eruditus. Et paulo post: Iungatur huic considerationi cum sua¬
1125 2502 1934 2544 declavatione duplex veritas. Prima staret quod aliquis simplex non au¬
1134 2534 1934 2566 porizatus, esset tam excelleter in sacris literis eruditus: quod plus esset cre¬
1131 2567 1924 2600 dendum in casu doctrinali suae assertioni quam Papae declavationi. Con¬
1134 2597 1933 2641 stat enim plus esse credendum Evangelio quam Papae. Si doceat igitur talis
1125 2632 1925 2666 eruditus veritatem aliqua in Evangelio contineri, ubi & Papa nesciret.
1135 2669 1934 2705 vel ultro erraret: patet cuius praeferedum sit iudicium. Altera veritas: Ta¬
1135 2698 1937 2739 lis eruditus deberet in casu, si & dum celebraretur generale Concilium: cui
1141 2733 1937 2769 & ipse praesens esset illi se opponere, si sentiret maiore partem ad oppositum
1135 2765 1937 2798 Evangelii malitia vel ignorantia declinare. Exemplum beatissimus de¬
1126 2797 1927 2838 dit Hilarius. Idipsum diserte scribit Panormitanus extra. de elect. c. si
1131 2833 1940 2882 gnificasti: Plus credendum est vel simplici Laico Scripturam proferenti,
1134 2864 1402 2915 quam toti simul concilio¬
1161 2893 1937 2938 Plura de Conciliis videantur in prima parte nostrae Sylloges The¬
1130 2930 1387 2978 sium Theologicarum
1207 2972 1871 3017 Hucusque de libertate conventuum Ecclesiastico¬
1426 3016 1625 3073 rum: sequitur,
1394 3071 1689 3114 CAPUT XV.
1263 3100 1777 3158 In quo de electionibus Ecclesiasticia
1181 3149 1927 3190 IBERTAS seu potestas electionum vocationumqueseu mis¬
1134 3176 1942 3235 sionum Ecclesiasticarum est jus quod tota Ecclesia habet
