2063 3413
168 188 994 235 in eligendis sibi vocandisque ministris probatis atque idoneis & in
175 224 517 266 ordinem sacrum cooptandis.
208 268 962 308 Ejus exactam & accuratam rationem Ecclesia habere debet. Sicu¬
183 303 962 348 enim pro fide, ita etiam pro hac pugnandum est, ut Chrysostomu
177 336 967 371 ait hom, undecima, in Epistolam Pauli ad Ephesios. Nemo enim sibi
187 372 968 413 pse functionem Ecclesiasticam absque electione & vocatione legiti¬
183 407 967 436 ma sumere debet, Hebr. 5. 4, 5. 6. Neque sibi ipse quisquam sumit hun¬
180 432 970 471 honorem, sed qui vocatur a Deo, sicut & Aaron. Ita & Christus non ipso
186 463 974 501 sibi hunc honore tribuit ut fieret Pontifex, sed is qui dixit ei, Filius meus
189 498 982 538 is tu, ego hodie genui te. Sicut & in alio Psalmo dicit, Tu es Saterdos in
189 526 670 571 aeternum, secundum ordinem Melchisedechi,
211 572 971 611 Imo ne quidem ultro appetere & ambire quisquam munus Eccle¬
184 598 977 644 siasticum debet ac inprimis pastoratum seu Episcopatum: ut nec Aarori
189 642 970 677 nec Prophetae ulli, nec Apostoli nec Episcopi ab Apostolis constitu
190 674 974 716 ti, tum nec alii pii Episcopi, ut Ambrosius & Augustinus ultro appeti¬
192 708 983 740 verunt, & ambiverunt Episcopatum. Nec est quod quisquam obten¬
192 741 983 784 dat illud Pauli, 1. Tim 3 1. Certus est hic sermo si quis Episcopatuem de¬
189 772 980 814 siderat, praeclavum opus desiderat. Nam Paulus non dicit qui vult, aut
195 809 976 848 qui se doctum eximie & idoneum esse putat, Episcopatum denideret
189 836 964 880 Non praecepit, non imperavit, non lege sanxit, non hortatus est, Ep¬
192 872 974 907 scopatus cupiditatem in seipsis alentes, ad desiderandum eum: verum
195 902 976 945 quoniam multos esse norat, qui excellendi & dominandi in Ecclesi¬
195 940 980 971 cupiditate, velut ebrietate quadam correpti tenerentur, ac virtutibus
195 966 976 1003 illis quibus Episcopus ornatus esse debet, minime praediti essent, ne¬
204 999 979 1045 que Episcopatus labores, sudores, certamina, pericula, curas & vigilia
195 1037 983 1077 perspicerent, sed nec viribus suis perpensis, nec functionis magnitu¬
196 1065 993 1103 dine considerata ad episcopatum prosilirent; docere his verbis voluit,
195 1100 989 1136 Episcopatum esse arduum negotium: opus esse, non ludum: curam,
192 1131 995 1168 non luxum: munus reddendis rationibus obnoxium, non imperium
189 1167 997 1202 ab omni censura liberum atque immune: paternam procurationem,
196 1197 992 1235 non tyrannicam licentiam. Hoc autem eo fine docuit, ut periculosum
193 1237 994 1271 ambitiosorum hominum impetum reprimens, eosque ne munus quod
204 1269 985 1308 plerorumque captum ac facultatem excedit, teniere aggrederentu
198 1301 1003 1343 moneret. Vide loci hujus Paulini explicationem lib. tert. epistolarum
207 1329 767 1379 Isidori Pelusiotae, epistolam ducentes. decimasexta.
232 1365 1004 1411 Multo minus quisquam sibi functionem Ecclesiasticam precio¬
194 1412 992 1443 emere debet, Actor. 8. v. 18, 19. 20, 21. aut per vim invadere. Imo ne¬
210 1443 1000 1487 que Episcopi neque Ecclesiae eam pecunia cuiquam vendere debent,
205 1471 419 1509 Actor 8. v. 20, 2..
235 1507 1003 1558 Porro in electionibus seu vocationibus Ecclesiasticis sunt quatuor
201 1544 996 1586 inprimis consideranda, nimirum, a quibus electio seu vocatio ministros
209 1579 1000 1618 rum Ecclesia fieri debiat: quales eligi & vocari debeant: qualiter eligi
201 1609 934 1651 debeant: quo ritu seu ceremonia Ecclesiae praesentandi & initiandi
244 1652 1001 1689 PRIMUM quod attinet, ad legitimam ministrorum Ecclesiae
208 1685 998 1726 inprimi: Pastorum electionem, postulatur totius Ecclesiae cujus in
208 1722 994 1759 terest, id est, presbyterorum & gregis liber & ingenuus, non prece
211 1751 1001 1791 non pretio venditus, multo minus coactus & extortus consensus atque
213 1783 1000 1824 suffragium: sic ut totius Ecclesiae sit, sibi ministros eligere, quod se¬
207 1822 553 1861 quentia argumenta evincunt.
243 1859 995 1896 I. Quia etiam Apostolorum tempore tota Ecclesia cujus inter¬
208 1892 998 1928 erat, ministros sibi eligebat: nec ipsi Apostoli quenquam sua tantum
208 1918 1007 1958 autoritate Ecclesiasticis muneribus praeficiebant, sed semper consen¬
216 1954 997 1995 tiento & approbante Ecclesia, Actorum 6. ver. 2. & sequentibus & 14.
223 1987 305 2029 vers. 23.
240 2008 996 2050 2. Quia ita servatur Ecclesiae sua libertas quam Christus illi de
214 2048 998 2090 dit. Nec enim Ecclesiae invitae pastor seu minister Vetbi Dei est ob
219 2091 700 2126 trudendus. Can. Nullus invitus, distinct. 6.
251 2125 1007 2168 3. Quia ad hoc facit, ut & minister bonam cum conscientia gregi,
220 2155 1005 2196 Dominico praesit, a quo est electus: & grex Domini vicissim illi sese
223 2186 1004 2234 facilius erudiendum pascendumque praebeat, quam ei qui praetegap¬
220 2223 548 2266 sius voluntatem est intrusus
261 2260 1004 2307 Quod si plebi personae idoneae non sint cognitae, aut de iis judicat
225 2302 1000 2339 re non potest: tum Presbyterii est & quidem totius, sive Senatus Ec¬
225 2330 1010 2370 clesiastici, aut etiam Magistratus politici, cui religio pura curae est, ub¬
229 2360 1020 2403 Presbyterium aut Senatus Ecclesiasticus non est, quaerere personas
234 2400 324 2443 idoneas
262 2432 1055 2478 Nec tamen Magistratus politicus arbitratu suo aget in electione
231 2477 1019 2511 ministrorum Ecclesiae, sed ministris Ecclesiae negotium committet,
226 2508 1016 2542 ut fecit pius Imperator Valentinianus, de quo Theodoretus Histo¬
232 2543 1007 2578 riae Ecclesiasticae libro quarto, capite quinto & sexto ista comme¬
235 2575 318 2613 morat:
253 2590 1016 2639 Cum Auxentius, Ecclesiae Mediolanensis Episcopus, labe Arriana in¬
225 2629 1020 2683 fectus & in multis Conciliis abdicatus, e vita exivisset, Imperator iste,
243 2669 1009 2710 iccersitis ad se Episcopis, sic apud eos verba facit. Est vobis, utpote sacri¬
231 2699 1022 2741 & diuinis literis institutis explorate cognitum, qualis debeat esse is, qui¬
240 2736 1016 2774 sit ad Episcapatum gerendum delectus: & quod necesse sit gregem suum
240 2760 1023 2802 non doctrine solum, verum etiam praeclavam vivendi ratione moderari,
240 2795 1025 2840 & se cuiusque virtutis exemplar ei praebere, suaeque disciplinae rectam
238 2829 1016 2866 vitae & morum institutionem testem habere. Quare hominem ita in¬
238 2863 1019 2905 structum in sede & gradu Episcopali iam collocate, uti & nos, a quibus
238 2892 1022 2934 hoc gubernatur imperium, ei vere & ex animo capita inclinemus, & il¬
237 2925 1012 2971 lius reprehensionem (nam quum simus homines, errore labi necesse est
237 2957 1023 3007 velut medicinam animorum capide amplexemur. Hac oratione ab Im¬
234 2995 1028 3040 peratore habitu, Concilium Episcoporum contendit ab eo, ut ipse, utpo¬
234 3020 1020 3070 te sapientiae & pietatis insignibus praeclare exornatus, Episcopum deli¬s
244 3055 1025 3103 gat. At ille, maior est, inquit, haec provincia, quam quae viribus nostris
247 3084 1050 3132 justineri possit. Proinde vos divina repleti gratia, & illius splendore
237 3118 1018 3161 illuminati, multo melius hoc Episcopi deligendi negotium transige
235 3159 1034 3202 tis. Illi igitur egressi, separatim per se de eo deliberare coeperunt. Ita
1024 196 1805 250 pius imperator, quamvis Episcopi ei liberum facerent eligere Epi¬
1026 235 1810 274 scopum, noluit tamen acceptate potestatem illam, sed eam reliquil¬
1027 263 1815 312 illis quibus debebatur ex divino instituto Tit. 2. 5. Mansitque insti¬
1020 300 1814 344 tuti hujus stricta observatio in primitiva Ecclesia etiam sub Impe¬
1029 332 1808 372 ratoribus & Regibus CHRISTIANIS, adeo quidem ut pro
1029 365 1815 412 legitimo Pastore Ecclesiae non agnosceretur, qui Principis imperio¬
1026 403 1823 450 esset Ecclesiae intrusus, quod testatur Concilium Parisiense primum;
1039 431 1552 473 anone octavo, tomo secundo Conciliorum.
1054 461 1822 506 SEGUNDUM est, quales ad ministerium Ecclesiae eligi & vocari
1029 500 1643 539 debeant:quam ad tem Examen religiosum requiritur.
1053 532 1816 585 EXAMEN personarum eligendarum & vocandarum ad officia
1035 572 1826 621 Ecclesiastica, est accurata exploratio quales sint illi, qui ad munera
1029 604 1813 645 Ecclesiastica eligendi & vocandi sunt, juxta normam praescriptam
1042 637 1813 683 divinitus per Apostolum Paulum 1. Timoth. 3. item 2. Timothha
1036 669 1127 706 2. Tic. 1
1072 708 1640 759 Examen illud duplex est: vitae & doctrinae. 1. Tim.3
1068 740 1813 786 Examen vitae, est quo exploratur an personae eligendae honesto &
1029 773 1822 825 legitimo thoro natae, & an honestos & inculpatos mores habeant, 13
1044 811 1538 851 Tim. 3. v. 2 & sequentibus, Tit. 1. v. 6, 7. 8, 9.
1078 852 1832 891 Quicunque sive astu irrepere, sive vi irrumpere in functiones Ec¬
1048 885 1829 926 lesiasticas conantur, sunt ab illis arcendi: quia qui non ingreditur
1044 923 1832 967 per ostium in caulam ovium, sed adscendit aliunde, ille fur est & latro,
1044 950 1199 995 Johan. 10. v. 1.
1072 991 1832 1034 Beatus Ambrosius in ministris Ecclesiae etiam gestus externos
1037 1029 1831 1067 corporis observabat, & si indecentes essent, propter eos vel non ad¬
1050 1060 1816 1100 mittebat ad ministerium Ecclesiae, vel antea admissos excludeba,
1047 1090 1831 1124 Testatur id libro primo officiorum, capite decimooctavo: Me¬
1048 1124 1834 1155 ministis filii, quendam amicum, quum sedulis se videretur com¬
1052 1159 1834 1200 mendare officiis, hoc solo tamen in clerum a me non receptum, quod
1047 1185 1396 1233 gestus eius plurimum dedeceret.
1085 1224 1828 1271 Alterum quoque quum in clero reperissem iubere me ne unquan¬
1048 1249 1831 1299 praetret mihi, quia velut quodam insolentis incessus verbere oculos fe¬
1056 1291 1828 1332 riret meos. Idque dixi quum redderetur post offensam muneri: hoc
1060 1323 1408 1366 solum excepi: nec fefellit sententio
1089 1365 1834 1411 Uterque enim ab Ecclesia recessit, ut qualis incessu prodebatur, ta¬
1062 1397 1414 1443 is perfidia animi demonstraretur.
1083 1428 1843 1475 Namque alter Arrianae infestationis tempore fidem deseruit, alter
1056 1464 1846 1506 pecuniae studio, ne iudicium subiret, sacerdotem se nostrum negavit. Lu¬
1066 1501 1837 1540 rebat in illorum incessu imago levitatis, species quaedam scurrarum per¬
1063 1530 1184 1570 cursantium
1089 1563 1839 1607 Doctrina non debet praeferri vitae inculpatae nec spectandum
1063 1598 1849 1633 tantum quam doctus aliquis sit, sed quam pie vixerit quamque re¬
1056 1631 1838 1664 cte se gesserit. Nam Johannes Marcus Apostolorum discipulus
1056 1664 1846 1700 & aliquandiu comes peregrinationum Pauli, doctus procul dubio
1062 1694 1849 1730 fuit, sed tamen Paulus Apostolus equum censebat, eum non: ssume¬
1062 1732 1849 1763 re comitem visitationis Ecclesiarum, qui abscessisset ab ipsis ex Pam¬
1062 1764 1853 1810 phylia, nec eorum comes in illo opere fuisset, Actor. 15. 36.
1092 1793 1139 1831 .38
1060 1797 1090 1840 3λ
1097 1819 1853 1872 Ad examen doctrinae non admittendus, quem vita & mores a mi¬
1062 1852 1222 1894 nisterio arcen¬
1096 1884 1838 1926 Ex qualibus ministri Ecclesiae sint eligendi, docet Illyrici Conci¬
1056 1917 1850 1964 lii libellus synodicus apud Theodoretum libro quarto Historiae Ec¬
1062 1956 1846 1987 clesiasticae, cap. octauo: Tum Presbyteri, tum Diaconi de ordine Sacer¬
1059 1984 1837 2022 dotali sumantur, vt omni ex parte inculpati sint, minime vero de curia.
1057 2025 1850 2062 aut militum ductoribus. Deinde inviti potius ad ministerium Ecclesiae
1060 2056 1850 2095 cogendi, quam vitro se ingerentes admittendi: sic enim Cyprianus,
1065 2083 1844 2122 Martyr scribitepistola quinquagesimasecunda, sectionequarta de
1062 2114 1849 2150 Cornelio Episcopo Romano: Non iste ad Episcopatum subito per¬
1062 2149 1849 2179 venit, per omnia Ecclesiastica officia promotus, & in diuinis administra¬
1068 2180 1846 2215 tionibus Dominum saepe promeritus, ad sacerdotii sublime fastigium
1059 2213 1851 2254 cunctis religionis gradibus adscendit. Tum deinde Episcopatum ipsum
1060 2244 1844 2279 nec postulavit, nec voluit, nec voluit, nec vt caeteri, quos arrogantiae &
1074 2274 1850 2317 superbiae suae tumor inflat, invasit: Sed quietus & modestus, & quales es¬
1072 2308 1847 2342 se consueverunt, qui ad hunc locum diuvinitus eliguntur, pro pudore vir¬
1071 2344 1837 2379 ginalis conscientiae suae, & pro humilitate ingenitae sibi & custoditae ve¬
1075 2379 1856 2421 recundiae non vt quidam vim fecit ut Episcopus fieret: Sed ipse vim
1065 2401 1543 2454 passus est, vt Episcopatum coactus exciperet.
1095 2443 1840 2489 Examen doctrinae, est quo exploratur an personae eligendae pos¬
1071 2480 1840 2515 sint Ecclesiam docete. Nam quod quis non didicit, aut si quod di¬
1078 2513 1849 2553 dicit docendi dono destituitur, quo modo alios docebit? 2. Tim. 2.
1072 2547 1199 2587 v. 2. Tit. 1. 8.
1108 2574 1850 2619 Examen vitae praecedit, sed doctrinae examen sequitur demum.
1074 2613 1842 2655 Hunc ordinem praescripsit Deus 1. Tim. 3. Tit. 1. versicul. 5, & se¬
1074 2651 1838 2694 quentibus. Hunc ordinem postulat ratio; quia si cujus vita improbi
1080 2682 1844 2719 est & eum ab officio Ecclesiastico arcet, frustra doctrinae exploratio
1068 2718 1844 2753 instituitur. Imo etiamsi quis eruditissimus sit, & jam muneri alicu
1084 2751 1850 2786 praesit, si vitam inculpatam non ducat, jure deponitur. Hunc ordinem
1072 2778 1854 2819 secuta est vetus Orthodoxa Ecclesia. Sic enim Concilium Laodicenum
1083 2810 1850 2849 tanone duodecimo ex editione secunda docet: & Concilium Cartha¬
1081 2844 1841 2888 giniense quartum, capitulo primo: & Imperatoris Iustiniani Novella
1074 2883 1837 2918 constitutio de ordinatione Episcoporum & Clericorum, quae nume
1072 2914 1847 2954 ro est centesima trigesimaseptima, cap. primo: Et Hilurius libro octa¬
1077 2943 1417 2987 vo de Trinitate mox ab initio¬
1108 2973 1851 3025 Personae idoneae ante electionem sunt plebi nominandae & prae¬
1083 3014 1859 3063 sentandae, ut si necesse sit specimina concionum edant semel atque
1076 3055 1154 3092 iterum.
1102 3069 1850 3114 Olim in Ecclesiis Christianis consuetudo fuit, ut ministrorum
1083 3113 1850 3153 verbi eligendorum nomina publice in caetibus proponerentur, ut,
1089 3144 1856 3202 quis contra illos sciret aliquid, cur pastores seu ministri Ecclesiae ficui¬
