2063 3414
260 147 1077 197 cilia, Herodes a Johanne Baptista, Imperator Philippus Arabs & fi¬
255 191 1045 242 lius ejus a Fabiano Episcopo Romano, Theodosius Magnus ab¬
249 228 649 269 Aim brosio Episcopo Mediolanens
289 245 1047 295 Disciplinae Ecclesiasticae subjecit se ultro Imperator Valentinia¬
249 291 1037 329 nus senior, qua de re Theodoretus Historiae Ecclesiastice libro quar
255 322 1037 364 to, cap. quinto & sexto, Theodosius item Magnus, ut prolixe describi
246 354 1045 407 idem Theodoretus Historiae Ecclesiasticae libro quinto, capite deci¬
252 386 401 435 moseptimo.
453 429 855 491 Haec de communi iurisdictione.
282 486 1040 541 Propria, est cui Episcopi Ecclesiae & caeteri Ecclesiastici subject
242 527 496 573 sunt peculiari ratione
286 549 1039 610 Estque vel depositio ab officio vel etiam ἀφορισμος & segregatio
261 595 545 639 omnimoda ab Ecclesia.
315 637 998 700 Hactenus dictum est de Ecclesiae gubernatione Ec¬
522 687 767 739 clesiastica: sequitur
489 772 799 827 CAPUT XIX
366 829 932 883 In quo de politica Ecclesiae guber¬
586 884 710 929 natione
249 941 1039 997 TPOLITICA Ecclesiae gubernatio, est gubernatio ejus corporali
310 982 1047 1023 sub politico Magistratu, cui Ecclesiam DEUM in his terris
258 968 283 1029 i¬
311 1014 1051 1048 vult esse subjectam, ad externam pacem & quietem conser¬
261 1050 1040 1090 vandam. Roman. 13. 1. Tit 3. 1. 1. Petri. 2. 13. Ab hac subjectione ne
255 1079 1049 1122 mo est exemtus, etiamsi Apostolus, etiamsi Evangelista, etiamsi Pro¬
257 1111 359 1156 pheta sit.
291 1148 1052 1181 Ea non est constituta a Christo in his terris versante: nam Chri¬
249 1174 1043 1220 stus non fuit in eum finem incarnatus ut politiam terrenam consti¬
255 1213 1046 1247 tueret. Ipse enim diserte negavit se constitutum judicem inter fratre.
255 1247 1049 1281 de haereditate contendentes Luc. 12. vers. 13, 14. nec adulteram ad se
265 1280 1043 1322 adductam judicare voluit Johan. 8. & negavit regnum suum esse de
256 1310 523 1354 hoc mundo Joh. 18. 36.
291 1345 1055 1386 Ecclesiastici omnes debent subjecti esse Magistratui seculari, pri¬
256 1377 737 1414 mo quoad externum & civile dominium:
301 1412 1047 1454 I. Quia illis Deus id mandavit, 1. Petr. 2. 13, 14. Subiecti estot
262 1445 1055 1482 cuivis humanae ordinationi propter Dominum: sive Regi, ut qui super¬
268 1479 1057 1512 emineat, Sive praesidibus, ut qui ver eum mittantur tum ad vltionem
258 1513 1059 1554 maleficiorum, tum ad laudem recte agentium. Rom. 13. 1. Omnis anima
255 1542 736 1586 potestatibus supereminentibus subiecta estes
303 1573 1048 1618 Proinde politica potestas Magistratus in Ecclesiasticos est juris di¬
264 1605 789 1650 vini, non autem humani, nec consuetudinarii
297 1643 1061 1682 2. Quia Sacerdotes in Veteri Testamento fuerunt subjecti Re¬
262 1668 339 1722 gibus,
305 1707 1045 1754 3. Quia Christus ipse, & Apostoli, & pii Episcopi successores ip
270 1733 1051 1782 sorum subjecti fuerunt in temporalibus Magistratur seculari. Chri¬
267 1772 1084 1808 stus censum solvit Caesari. judicatus est eoram Pilato, Paulus Aposto¬
267 1804 1052 1847 lus coram Festo, Felice, Nerone Imperatore: & Paulus a Festo prae
264 1838 1045 1876 side non appellavit ad Petrum Apostolorum Principem, sed ad Ne
274 1875 1064 1913 tonem Imperatorem. Augustinus subjectum se fatetur, Exposit. ad
264 1905 1049 1961 Roman. nume. 72. Polycarpus Smyrnensis, Eusebius Histor. Ec¬
264 1936 619 1984 cles. lib. 2. cap. decimoquinto.
307 1973 1053 2014 Secundo subjecti esse debent in omnibus, quae Reges in Ecclesia¬
268 1997 1056 2047 stico ordine constituerunt secundum voluntatem Dei sive ceremo¬
270 2039 1058 2077 nias, sive decorum externum, sive res indifferentes spectemus, sicut
264 2069 1058 2114 sacerdotes & Levitae fuerunt subjecti ordini illi quem David consti¬
273 2106 1082 2139 tuerat, & postea confirmavit Salomon, revocavit in vsum Ezechias &
266 2134 342 2179 Josias
310 2171 1046 2218 Talis primatus in Ecclesia datus est a Deo piis Regibus & Prin¬
262 2204 1057 2238 cipibus & Magistratibus: ac proinde primatum habent in suis ditio¬
261 2237 1055 2290 nibus, tum quoad regimen corporale, tum quoad curam religionis &
264 2271 941 2311 cultus Dei, vt docet exemplum Mosis, Josuae, Davidis &
306 2300 1058 2343 proinde Papa Romanus cum suis Cardinalib & Pseundepiscopis &
263 2333 1055 2378 clericis, voluntati Dei resistit, subjectionem Magistratui politico de¬
273 2365 470 2409 bitam denegans.
315 2398 1043 2442 am videamus, quid sit Magistratus politicus quod necessarius E¬
263 2430 559 2475 clesiae, quotuplex sit, &c.
302 2455 1065 2511 Magistratus politicus, est persona publicapotestatem in subditos le¬
282 2499 1056 2544 itime gerens ad conservandum ordinem humanum in societate ci¬
270 2534 950 2567 vili. Roman. 13. v. 1. Vel, cui pro potestate jubere datum est
304 2562 1074 2612 Etsi nomen Magistratus a Politicis scriptoribus stricta significa¬
270 2589 1055 2635 tione non tribuatur summo Principi; sed iis qui a Principe sunt con¬
261 2630 1052 2670 stituti gubernationis & justitiae administri: tamen a scriptoribus Ec¬
277 2660 1059 2703 clesiasticis lata significatione vsurpatur & sub eo etiam summus Prin¬
276 2697 1058 2736 ceps, ut Imperator, Rex, atque adeo quodvis regimen conprehenditur?
306 2725 1052 2767 Necessarius est Ecclesiae: I. Quia a Deo ordinatus est ad defensio¬
280 2755 1067 2794 nem Ecclesiae, Judic. 2. v. 16 Postea excitabat Iehova vindices, qui ser¬
282 2789 683 2827 vabant eos e manu divipientium eos.
306 2821 1064 2870 II. Quia sine eo religio vera nequit diu consistere, Judic. 17 6.
278 2853 1061 2905 Tem oribus illis non erat rex in Israele: quisque quod rectum videbatur in
279 2886 638 2932 oculis luis facieb int. Et cap. 19. 1
328 2916 1065 2970 Necessarius est Magistratus & Reipublicae, quae est recta seu insta¬
286 2949 1068 3006 gubernatio plurium familiarum & eius quod illis commune est, cum
285 2981 497 3025 potestate suprema.
314 3013 884 3068 Formae Rcipublicae vel simplices sunt vel compositae
321 3045 1052 3103 Formae simplices Reipublicae seu regiminis seu gubernationis po¬
282 3069 1110 3131 liticae tres sunt; Principatus seu Monarchia, Aristocratia & Demo-
284 3108 368 3146 cratia.
328 3139 1065 3201 PRINCIPATVS seu MONARCHIA, est regimen in quo
1095 147 1891 198 penes vnum est summa rerum potestas ac praecipiendi autoritas, le¬
1102 191 1888 234 gitime concessa, nempe vel a Deo vel a populo. Talis fuit principa
1105 222 1739 258 us Mosis, Josuae, Davidis Regis in populo Israelitico.
1125 253 1897 298 Principatus aliis imperiis seu formis gubarnationis praeferendus.
1098 287 1902 332 videtur: quia est antiquissimus, communissimus, ad justitiam tuen¬
1114 324 1910 363 iam accommodatissimus, tranquillissimus, modo regendi optimus
1107 354 1493 395 & tutissimus, & maxime diuturnus
1125 376 1899 434 ARISTOCRATIA, est tegimen in quo summa Reipublica,
1107 420 1897 465 potestas est penes optimates, id est, nobiles aut patritios. Tale regis
1095 457 1894 494 men fuit post Josuam in populo Israelitico in terram promissam de¬
1103 484 1898 538 ducto, Judic. 1. Ejusque mutationem Deus sibi displicere testatus est,
1101 517 1489 555 1. Sam. 8. v. 7, 8. & cap. 10. v. 18, 19.
1136 550 1901 603 Democratia est regimen, in quo populus ex se deligit eos, qui
1105 574 1385 626 Rempub. administrent.
1140 616 1906 659 Formae compositae regiminis sunt plures ex mistione simplicium
1094 643 1908 693 formatum constantes. Sed de formis rerumpublicarum humanarum
1100 686 1906 728 ex professo agunt politici: quemadmodum & de vitiis contrariis, ni¬
1104 717 1628 753 mirum Tyrannide, Oligarehia & Anarchia.
1144 749 1907 795 Magistratus fidelis, sapiens & bonus, est indicium amoris Dei in
1095 773 1898 832 subditos: quemadmodum Regina Schebae dixit Salomoni 1. Regs
1107 820 1897 858 10. 9. Eo quod diligit Iehova Israelem in saculum, ideo imposuit te Re¬
1098 848 1552 891 gem, vt exerceres iudicium & iustitiam
1138 884 1781 924 Caeterum Magistratus politicus vel fidelis est, vel infidelis
1140 910 1914 958 Magisiratus fidelis, est qui vere fidei ac religionis professione Ec¬
1098 950 1916 991 clesiae est conjunctus, a Deo excitatus in bonum Ecclesiae. 1. Chron.
1110 984 1919 1033 14. 2. Quales olim erant Moses, Josua, David, Salomon, Josaphat,)
1114 1016 1903 1058 osias, Ezechias, Constantinus Magnus, & alii CH RISTIANI
1110 1045 1227 1089 Principes.
1134 1080 1909 1122 Christianis enim licet Magistratum politicum gerere; sicut &
1107 1109 1907 1163 judiciis praeesse, bellum necessarium gerere, in turbatores pacis pu¬
1107 1150 1916 1202 blicae supplicio capitis animadvertere, & alia officia Magistratus ex¬
1112 1182 1184 1222 ercere.
1137 1211 1916 1252 Magistratus dicuntur dii Psalm. 82. 1. & 6. quia sunt vicarii Dei
1098 1244 1909 1290 in administrando jure & exsequenda justitia tuendo bonos & puni¬
1110 1279 1245 1322 endo malos
1140 1309 1915 1354 In eorum medio adstat Filius Dei & judicat, Psalm. 82. ver. 1. Pro¬
1113 1345 1292 1387 verb. 8. v. 15, 16.
1135 1364 1924 1418 Ecclesia est in Republica, ut Optatus Milevitanus dicit; attamen
1119 1412 1926 1450 recte hoc intelligendum. Nam Ecclesia & Respublica interdum re &
1104 1447 1927 1484 ratione: interdum ratione duntaxat difserunt. Post Christi adscensio¬
1107 1482 1928 1511 nem in caelum Ecclesia re & ratione differebat a Republica & peni¬
1112 1513 1930 1556 tus separatas suas peculiares rationes habebat a rationibus Reipubli.
1111 1549 1931 1595 cae, antequam obstinatos animos & pervicaciam infidelium salutifera
1107 1575 1484 1621 Evangelii doctrina perfregisset.
1149 1610 1915 1651 Depulsa vero Gentilium errorum caligine & Christianismi pro¬
1113 1642 1910 1684 fessione vulgo a plerisque omnibus suscepta, Ecclesia eadem fuit
1116 1682 1909 1720 quodammodo cum Republica. Ex eo enim tempore, qui Rempubli.,
1118 1714 1909 1746 cam constituebat populus, idem etiam Ecclesia fuit, verum diversa
1112 1748 1906 1781 ratione & fine. Inprimis autem tum iidem fuerunt Ecclesia & Res¬
1119 1783 1908 1818 publica, quum Imperatores fideles libertatem religionis Christiana
1116 1810 1913 1851 edictis promulgarunt & Christianam Rempublicam reddiderunt
1116 1841 1381 1892 quae antea Gentilis era
1150 1862 1910 1914 Quapropter Imperator fidelis est caput temporale populi Chri¬
1107 1903 1597 1948 stiani, rector & tempora: e caput fidelium.
1149 1940 1900 1975 Libertatem autem religionis vocant Impp. Constantinus & Lici
1118 1974 1901 2013 nius in Edicto suo, liberam religionis Christianae professionem, li¬
1122 2017 1908 2048 peram facultatem omnia agendi quae ad religionem Christianam
1128 2040 1916 2077 lene exercendam requiruntur, quo in genere sunt jus convenien¬
1118 2072 1903 2110 di ad sacras conciones, publicas preces & Sacramentorum admi¬
1117 2112 1917 2150 nistrationem: aedes sacras aedificandi: Synodos cogendi: & discipli¬
1107 2148 1914 2186 nae Ecclesiasticae usurpandae. Errant periculose qui non distinguunt
1122 2180 1907 2215 nter libertatem potestatemque a Deo datam Ecclesiae, & eam cu¬
1123 2212 1909 2248 us autor est Princeps. Illa separat Ecclesiam a Republica, dum pe¬
1113 2240 1909 2277 culiatem Deo populum ipsam efficit: haec, Ecclesiam Reipublicae
1107 2273 1904 2317 adjungit, & ad communionem ejusdem juris cum caeteris Reipubli,
1122 2307 1909 2346 cae membris admittit, vel ad illam pertinere declarat. Nam ut an¬
1107 2338 1915 2377 tea dicebamus, Ecclesia hactenus ita in Republica fuerat, ut tamen
1123 2377 1916 2413 pars illius non censeretur, sed exterminio deputaretur: ac propterea
1113 2412 1913 2442 aequo jure cum reliquis civibus non utebatur, neque alium fere sua¬
1122 2437 1912 2477 rum injutiarum aut contemtae disciplinae vindicem, nisi Deum ha¬
1122 2476 1918 2516 pebat. Ubi vero libertatem religionis a Principe fuit consequuta, &
1123 2502 1919 2541 injuriarum suarum ultorem eundem Principem habuit; & discipli¬
1111 2536 1910 2575 nae quoque Ecclesiasticae custodem ac vindicem: ex quo etiam illu
1128 2568 1916 2607 postea evenit, ut haeretici, qui hactenus in eadem cauia cum ortho¬
1117 2600 1912 2636 doxis Catholicis fuerant sub infidelium Principum imperio, edicto
1119 2634 1916 2686 Constantini ab Ecclesia separarentur, & libertate Catholicis conces¬
1117 2666 1292 2709 Sa privarentur.
1156 2700 1903 2738 Etsi igitur iidem sint Ecclesia, quorum est Respublica: manet ta¬
1120 2734 1910 2769 men Ecclesiae & Reipublicae discrimen. Sicut instituendae Reipu¬
1122 2770 1901 2813 plicae finis est adeptio humani boni: Sic Ecclesiae congregandae fini
1125 2800 1913 2836 est Numinis cultus, & ad futuram beatitudinem praeparatio.
1113 2830 1903 2867 Nec diverso fine duntaxat Ecclesia & Respublica distinguuntur: ve¬
1113 2867 1915 2901 rum etiam conditione, institutis ac regimine. Respublica in hoc mun¬
1119 2898 1909 2930 do tanquam in leg tima sua patria versatur: opes terrenas & omnia
1128 2930 1915 2964 vitae hujus instrumenta conquirit: potentiam sibi parat: & fines
1119 2962 1916 3005 suos quantum potest promovet: Quippe in eo humanum bonum.
1122 2997 1913 3036 positum esse, vulgo homines autumant. Ecclesia ad brabium su¬
1128 3030 1912 3067 pe: nae vocationis Dei in Christo Jesu contendens, ut ait Apostolus
1120 3063 1919 3095 Philipp. 3. v. 14. & ad melioris vitae fi uitionem spes cogitationesque
1113 3098 1919 3130 suas indesinenter referens, terrenis bonis non fruitur, sed utitur;
1119 3131 1912 3166 neque ut patriam suam terras colit: sed ut inquilina vel peregrit a,
1121 3162 1910 3217 non autem ut civis in iis hospitatur, memor ejus quod Apostolus
