2063 3380
1041 165 1057 210 A
249 212 829 256 manent: vel suo tempore ad Christum convertuntur..
279 234 1030 276 Ex priorum numero erant Hannas, Cajaphas, Pilatus, Herodes
252 267 1033 315 & illi de quibus Paulus queritur 1. Thess. 2. v. 15,16. Qui etiam Domi¬
247 309 1022 343 num lesum occiderunt, & proprios Prophetas, & nos exegerunt, neque
246 338 1028 378 Deo placent, & omnibus hominibus adversantur: Prohibentes nos Gen¬
259 366 1016 407 tibus loqui ut serventur, ut semper compleant peccata sua: occupavit
259 404 584 442 nim eos ira ad extremum usque.
288 429 1027 472 Ex posteriorum autem numero erant Nieodemus & Saulus, qui
255 498 1034 539 legitur de Nicodemo Job. 3. ver. 1. Erat autem quidam ex Pharisais
255 527 1027 573 (cui nomen erat Nicodemo) ex primoribus Iudaeorum, &c. De Paulo
258 562 1027 599 Actor. 26. v. 5. illum secundum exquisitissimam illam fectam nostrae re¬
259 599 545 642 ligionis vixisse Pharisaeum.
283 628 1025 666 Proinde non omnes hostes Christi pari loco sunt habendi, & re¬
264 659 1031 699 probis accensendi: quum inter eos etiam sint aliqui electi, quos Deus
258 700 911 738 Pater, suo tempore ad Christum trahit ut ad eum veniant
291 726 910 771 DEINDE hostes Christi vel aperti sunt, vel dissimulati.
297 753 1031 812 Aperti hostes, funt qui se pro hostibus Christiani nominis mani¬
257 792 395 839 feste gerunt
298 816 760 865 Suntque tum blasphemi Iudaei, tum Ethnici:
288 852 1027 903 Blasphemi Iudaei, sunt aperti religionis Christianae hostes, qui Jesu
261 893 1027 926 Christo promisso Messia exhibito, tamen alium exspectant, & Do¬
265 923 1028 970 mino Jesu ejusque membris maledicunt, nec Evangelio de Jesu Chri¬
267 958 475 1001 to credere volunt.
295 983 1034 1026 Quales multi erant tempore Christi, qui non erant filii Abraha¬
265 1025 1024 1059 mi, quique studebant interimere & palam aperteque rejecerunt & tan
259 1055 1034 1093 dem interemerunt Christum qui loquutus erat eis veritatem quam
264 1088 1037 1122 audiverat a Deo, Johan. 8. v. 37. & sequentibus Matth. 27. 20. Joh.
255 1121 491 1166 19. 15. Actor. 4. v. 11.
294 1149 1045 1190 Obijicitur, Iudaeos recipere Scripturam Sacram, nempe Vetus Te¬
264 1177 1039 1224 stamentum. RESPON. Judaei non sunt amplius vera Ecclesia Dei
265 1224 1037 1263 tum quia illis publica testificatione Deus renunciavit: tum quia po¬
259 1253 1040 1289 tissimam partem Scripturae Sacrae non recipiunt, in qua compleme
256 1285 1049 1322 tum veteris Testamenti docetur. Etsi autem Scripturam Veteris
256 1315 1052 1352 Testamenti recipiunt: tamen tem Scripturae Veteris Testamenti
268 1354 1052 1397 non retinent, sed a fundamento verae ac salvificae fidei quam longis¬
261 1382 1037 1434 sime discedunt & contradicentes ei blasphemant, Actor. 13. 45.
256 1415 440 1459 Thess. 2. 15, 16.
1053 1429 1090 1487 E
251 1477 346 1529 stitutio¬
286 1517 1040 1554 Rejectio Iudaeorum, est justissima poena, quam sunt affecti a DEO
259 1542 1052 1586 dum ipsos ut ingratos erga Christum ejusque Evangelium, excaecavit,
256 1576 1040 1618 induravit, & ex regno suo seu Ecclesia sua ejecit, ut in ipsorum lo¬
258 1611 1055 1644 cum Gentes vocaret & adoptaret, Act. 13. ver. 46. Vobis necesse fuit.
267 1645 1046 1683 primum exponi sermonem Dei, postquam autem repeliitis illum, & in
265 1676 1045 1714 dignos vos ipsos decernitis aeterna vita, ecce, convertimur ad Gentes.
265 1707 524 1756 Rom. 11. cap. fere tote
306 1742 920 1777 Ea rejectio nec universalis est nec perpetua. Rom. 11.
1057 1762 1082 1811 F
261 1808 1043 1851 plenitudo Gentium introierit in Ecclesiam, Judaeos convertet, ut Ev¬
262 1846 1052 1878 angelium de Christo aemulatione misericordiae Gentibus factae ac¬
276 1871 1045 1918 censi amplectantur, ac rursus Ecclesiae Dei inserantur aeternumque
274 1904 890 1952 serventur, Rom. 11. v. 23, 24, 25, 26, 27, 28, 229, 30, 31, 32.
397 1948 923 1994 Hactenus de Iudaeis: sequitur de Ethnicis.
292 1995 1036 2035 Ethnici, sunt aperti Christianae teligionis hostes, qui solum illut
274 2031 1048 2067 verum Deum, Patrem, Filium & Spiritum Sanctum, & unicum il¬
271 2064 1048 2102 lum Mediatorem inter Deum & homines Jesum Christum Domi¬
264 2104 1040 2138 num nostrum non agnoscunt & invocant, sed falsum & commen¬
264 2129 1049 2169 titium Deum, aut etiam plures deos colunt & modos salutem aeter¬
261 2166 740 2206 nam consequendi extra Christum fingunt
315 2194 1037 2235 Quales olim erant Gentiles Philosopbi, & qui errores eorum se
274 2227 1042 2267 ctabantur Romani, & postea Christianos crudelissime perseque¬
274 2262 365 2299 bantur;
297 2286 910 2327 Quales etiam hadie sunt Mahumetani & alii Gentiles.
304 2323 1048 2370 Mahumetani, sunt aperti Christianae religionis hostes, qui Ma¬
270 2356 1042 2395 bumetem tanquam divinum prophetam habent, & Alcoranum ab i¬
279 2391 1045 2432 pso traditum amplectuntur Iidemque etiam Turcae dicuntur, quibus
268 2423 761 2465 in feligione conjuncti sunt Tartari & Persae.
300 2445 1040 2488 Gentiles alit sunt praeter Mahumetanos reliqui Ethnici omnes
271 2488 1046 2527 qui Christum non colunt, & fictitios Deos adorant; ut Malabares in
270 2520 1052 2562 Orientis magno tractu, Sinitae aut Sinenses, in America Peruviani,
277 2552 435 2596 Mexicani, &c.
351 2588 968 2651 eAtque haec de hostibus apertis: nunc sequitur de
579 2632 748 2684 dissimulatis.
520 2708 803 2754 CAPUT XXII.
415 2745 897 2808 In quo de haereticis & schismaticis.
348 2797 1053 2860 ISSIMULATI hostes Christi & Ecclesiae purae, sunt qui Christum
274 2811 691 2883 PPsub ipsius nomine oppugnant
389 2862 1050 2922 esti nominantur fatui Proverb. 9. 6. Relinquite fatuos, &
278 2885 377 2938 vivite.
312 2926 1057 2976 Veniunt in nomine suo Joh. 5. 43. hoc est, quaerunt suam propria
280 2965 1040 3017 gloriam, non Dei, sicut dicitur Joh. 7. 18. Qui a semetipso loquitur
286 2991 564 3040 gloriam propriam quaerit.
319 3026 753 3069 Suntque vel Antichristi, vel Pseudochristi.
301 3072 1063 3115 Antichristi, sunt dissimulati hostes Christi, qui doctrinae Christi,
1068 3069 1373 3115 & nam suadent apostasiam
287 3084 1046 3147 cujus se sectatores profitentur, quoquo modo adversantur, 1. Joh. 2.
286 3123 629 3170 18, 22. & cap. 4. v. 3. 2. Joh. v. 7.
1104 158 1863 209 Iidem dicuntur etiam Pseudoprophetae, Matt. 7. v. 15. & lupi graves
1084 198 1229 237 sictor. 20. v 6.
1117 222 1874 267 Antichristus est duplex: aut enim uni vel alteri tantum parti do¬
1070 264 1687 298 ctrinae Christiana; aut fere toti ejus corpori adversatur.
1113 288 1876 333 Prioris generis sunt omnes haeretici, 1. Joh. 2. v. 18. & 2. ep. Jo¬
1086 330 1241 368 hannis vers. 7.
1120 362 1884 399 Haereticus, est antichristus qui dogma aliquod erroneum pugnans
1084 401 1884 429 cum sacris literis & fidei aliquem articulum oppugnans atque con¬
1077 432 1884 466 vellens, quod sibi sive sponte sua sive aliena seductione delegit, qua¬
1080 464 1868 499 vis convictus autoritate verbi divini etiam in conscientia sua, volun¬
1083 493 1868 530 taria animi obfirmatione pertinaciter tuetur, Rom. 16. vers. 17, 18.
1086 526 1880 570 cap. haeresis. 24. q 3. Item I. 1. & 2. C. de summa Trinit. & Nov. 115.
1080 559 1216 607 cap. 3. §. 14.
1129 587 1886 627 Haereticum hominem igitur tria haec conjuncta faciunt: error, e¬
1084 625 1886 664 victio & contumacia. Error autem non quivis haereticum facit, veluti
1099 663 1887 702 qui tantum attingit dogma aliquod inferius, non ita ad fidem pro¬
1096 691 1877 726 prie simpliciterque necessarium; talis enim error est hominis miser¬
1093 723 1874 762 in via a via aberrantis, sed retinentis caput ac proinde cadentis sue
1102 756 1877 795 Domino & suo Domino surrecturi, potest enim Deus eum stabilire
1089 797 1880 828 ut Paulus Apostolus loquitur Rom. 14. v. 4. Quapropter etiam ho¬
1090 819 1883 860 minem tali errore praeoccupatum nec veritas haereticum & Anti¬
1092 856 1883 891 christum vocat, nec debet charitas, nec Domini jubet autoritas Sed
1099 891 1880 925 error ille haereticum facit, qui praecipuo alicui dogmati fidei Chri¬
1092 917 1873 956 stianae seu articulo aliquo fidei aut pluribus contrarius est & sic in do¬
1083 955 1879 994 ctrinae Christianae fundamentum impingit: Haeresis enim est proprie
1093 983 1346 1026 in quaestionibus fidei
1119 1013 1883 1058 Deinde non omnis qui errat in fide, haereticus est; potest enim ex
1090 1050 1886 1090 simplicitate & ignorantia errate in fide. Nec quisquis sic errat, ut ta¬
1092 1084 1876 1122 men veriora & meliora docentem paratus sit audire & veritati lo¬
1092 1119 1879 1159 cum dare; nec omnis qui semel aut bis erroris evictus est: sed quisqui
1095 1152 1883 1188 in errore demonstrato & autoritate verbi Dei evicto, est contumax
1098 1181 1879 1217 & in eo persistit. Insignis est locus Augustini secundo tomo, episto
1093 1215 1877 1251 la centesima sexagesimasecunda, quem operaepretium est huc adscri¬
1095 1248 1886 1285 bi: Dixit quidem Apostolus Paulus: Haereticum hominem post unam
1108 1279 1879 1318 correptionem devita, sciens quia subversus est ejusmodi, & peccat, & cs.
1110 1316 1876 1355 a semetipso damnatus. Sed qui sententiam suam, quamvis falsam ate
1099 1351 1885 1389 perversam nulla pertinaci animositate defendunt, praesertim quam non
1104 1378 1886 1422 audacia praesumtionis suae pepererunt, sed a seductis atque in errorem la¬
1107 1414 1879 1452 psis parentibus acceperunt, quaerunt autem cauta solicitudine verita
1105 1446 1883 1491 tem, corrigi parati cum invenerint, nequaquam sunt inter haereticos de¬
1110 1476 1891 1523 putandi. Tales ergo vos nisi esse crederem, nullas fortasse vobis literas
1101 1509 1882 1551 mitterem. Quanquam & ipsum haereticum quamlibet odios a superbi.
1101 1540 1891 1578 tumidum & pervicacia malae contentionis insanum, sicut vitandum
1104 1575 1886 1620 monemus, ne infirmos & parvulos fallat ita non abnuimus quibus¬
1105 1609 1892 1644 cunque modis possimus corrigendum. Unde factum est, ut etiam ad non¬
1111 1641 1891 1674 nullos Donatistarum primarios scriberemus, non communicatorias li¬
1101 1668 1886 1706 teras, quas jam olim propter suam perversitatem ab unitate Catholite
1105 1708 1886 1746 quae toto orbe diffusa est non accipiunt, sed tales privatas, qualibus no¬
1104 1740 1883 1776 bis uti etiam ad paganos licet, quas illi etsi aliquando legerunt, respon¬
1113 1766 1892 1817 dere tamen eis sive noluerunt, sive ut magis creditur nequiverunt. Ubi¬
1110 1800 1879 1840 nobis satis visum est implevisse nos officium charitatis, quam non so¬
1105 1831 1885 1876 lum nostris sed & omnibus nos debere Spiritus Sanctus docet, qui nobis
1102 1865 1880 1905 ait per Apostolum: Vos autem Dominus multiplicet, & abundare fa¬
1108 1906 1883 1938 ciat in charitate, in invicem & in omnes. Monet etiam alio loco, in mo¬
1095 1935 1876 1971 destia corripiendos diversa sentientes, si forte, inquit, det illis Deus po¬
1105 1960 1880 2005 nitentiam ad cognoscendam veritatem, & resipiscant de diaboli laqueis
1101 2001 1888 2037 captivati ab ipso in ipsius uoluntatem. Haec prolocutus sum, ne quis me¬
1099 2029 1897 2070 existimet impudentius vobis quam prudentius scripta misisse, & hoc
1104 2060 1886 2101 modo vobiscum de negotio animae vestrae aliquid agere voluisse, quia no¬
1110 2093 1892 2131 trae communionis non estis, cum tamen si de negotio fundi, aut alicujus
1110 2129 1882 2168 pecuniariae liuis dirimendae vobis aliquid scriberem, nemo fortasse repre
1096 2155 1882 2199 henderet Vsque adeo charus est hic mundus hominibus, ut sibimetipsi,
1101 2191 1888 2234 viluerint. Erit ergo mihi ad defensionem testis haec epistola in judicio Dei,
1114 2224 1895 2267 qui novit quo animo fecerim, & qui dixit: Beati pacifici, quia ipsi filii
1107 2257 1276 2290 Dei vocabuntur.
1137 2276 1900 2328 Quapropter etiam non omnis error mentis in fide est haeresis, sed
1102 2325 1900 2365 qui autoritate verbi Dei demonstratus & evictus, pertinaciter defen¬
1111 2355 1877 2389 situr. Est enim propria forma haereseos, error mentis voluntate per¬
1095 2387 1315 2427 tinaci confirmatus.
1132 2412 1901 2457 Porro haeretici distinguuntur variis modis pro ratione haeresium:
1111 2454 1901 2496 quibus infecti sunt. Aut enim totaliter a doctrina verae fidei discedunt, &
1101 2485 1766 2524 ut Simoniani, Menandriani, Gnostici: aut ex parte solum.
1136 2510 1879 2550 Qui ex parte solum tenentur haereseos aut in causa capitis errant
1107 2551 1888 2587 aut in causa corporis, aut in causa adjunctorum. In causa capitis erant,
1101 2589 1885 2623 qui caput & arcem fidei subruere tentant, id est, fidem de Deo & in¬
1107 2621 1670 2665 primis de Christo Servatore nostro oppugnant
1134 2651 1729 2685 In causa corporis errant, qui male de Ecclesia sentiunm
1146 2677 1885 2718 Qui in causa adjunctorum errant, ii aut errores de rebus necessa¬
1107 2709 1877 2746 tio adjunctis Capiti vel corpori mystico pertinaci animositate de
1102 2744 1884 2779 fendunt; aut de rebus non aeque necessariis: aut denique de rebus me¬
1108 2777 1882 2818 diis, in quibus plurimum imperiti & simplices errate solent, ut de cir¬
1104 2811 1468 2850 cumstantiis, ritibus, ceremoniis.
1139 2830 1894 2877 Rurium horum omnium alii plus, alii minus errorum habent: &
1101 2876 1802 2916 in iisdem erroribus alii gravius, alii levius a veritate aberrant
1135 2909 1894 2952 Postremo haereticorum alii sunt errantes solum: alii in errorem in¬
1108 2941 1613 2986 ducentes alios, aut saltem conantes inducere
1137 2959 1898 3005 Frrantes aut privatim Deo & sibi cadunt: aut publice erroris sui
1107 3006 1702 3050 professione & demonstratione aliis sunt offendiculo
1125 3036 1888 3082 Seducentes vero aut ex parte in errorem tentant abducere: aut ple¬
1131 3102 1877 3138 Non igitur omnes errantes, sed qui a fundamento discedunt & in er¬
1096 3133 1889 3180 rore demonstrato persistunt, pertinaciter ab Ecclesia Dei fiunt alieni.
