2063 3416
1053 149 1877 198 Ano Pontifice, cap. 2.)quae est spiritualis illa Babylon, mater illa scor¬
232 196 1029 241 2. Tim. 3. v 6. Simon Magus Haeresin condidit, Helenae meretricis
244 230 1030 274 adiutus auxilio. Nicolaus Antiochenus omnium immundiciarum re¬
237 263 1016 313 pertor, choros duxit femineos. Marcion Romam praemisit mulit
238 295 1035 338 rem, quae decipiendos sibi animos praepatatet: Apelles Philomenem
244 326 1028 369 suarum comitem habuit doctrinarum. Montanus immundi spiri¬
249 358 1031 408 tus praedicator, multas Ecclesias per Priscam & Maximillam, nobi¬
246 393 1019 435 les & opulentas feminas, primum auto corrupit, deinde haeresi pos
234 430 1022 466 luit. Arius, ut orbem deciperet, sororem Principis ante decepit. Do¬
244 461 1021 502 natus per Aphiricam ut infelices quosque faetentibus pollueret a¬
250 499 1028 543 quis, Lucillae opibus adjutus est. In Hispania Agape Elpidium, mu¬
247 525 1027 571 lier virum, caecum caeca duxit in foveam, successoremque sui Pri¬
245 559 1024 602 scillianum habuit, Zoroastris magi studiosissimum, & ex mago E
240 597 1039 640 piscopum, cui juncta Galla, non gente, sed nomine, germanam huc
244 628 1034 675 illucque currentem alterius & vicinae haereseos reliquit hae¬
243 662 332 706 redem.
379 693 911 762 Sic fuit de eAntichristo prioris generis:
578 742 699 795 sequitur.
475 816 786 859 CAPUT XXIII.
399 861 893 926 In quo de Antichristo illo magno¬
334 916 1040 958 NTICHRISTUS ille magnus, est eximius quidam
330 957 1043 993 Christi & Ecclesiae ejus adversarius, qui κατ iξεχιι & prin¬
258 965 1043 1024 AEcipaliter appellatur Antichristus, qui sibi arrogat ea in Eccle¬
256 1018 1039 1058 sia universa, quae soli Christo competunt, 2. Thessal. 2. v. 7. 1. Joh. 2.
258 1056 439 1096 18. & cap. 4. v. 3.
288 1089 1052 1123 Quemadmodum olim Christo nato & revelato Herodes turbatus
256 1115 1040 1156 fuit & urbs Jerosolyma cum eo, & in ea summi Pontifices, Phatisae
252 1157 1051 1192 & Scribae: ita nunc quum Antichristus qui jam venit, magis atque
261 1187 1046 1225 magis reregitur, turbantur plurimi tum Politici, tum Ecclesiastici
249 1216 1049 1257 atque aegre ferunt de Antichristo doceri, de quo mallent altum esse.
259 1251 1042 1290 silentium, pacis & tranquillitatis mundanae causa. Atqui de Antichri¬
259 1285 599 1322 sto illo eximio est docendum:
288 1313 719 1362 I. Quia Scriptura Sacra de eo docet¬
285 1345 1046 1388 II. Quia de pseudoprophetis cavendis ministri verbi Dei audi¬
258 1382 1054 1426 tores suos admonere tenentur, exemplo Christi Matth. 7. v. 15. Anti¬
261 1418 1045 1455 christus autem est praecipuus Pseudopropheta, Apoc. 16. v. 13. & cap.
259 1484 701 1523 Dei auditores suos admonere debent.
289 1509 1062 1555 III. Quia omnibus fidelibus est cognoscendus, ut sibi ab eo ca¬
267 1553 912 1587 vere possint, ne cum aliis a Christo & vera fide deficiani
287 1585 1052 1632 IV. Quia retegendus est 2. Thess. 2. v. 2. & 8. Ministrorum ergo
255 1610 692 1661 Evangelii officium est eum retegere.
290 1651 1052 1690 V. Quia qui Antichristum retegere formidant, Christum quo
265 1678 1061 1716 dammodo abnegant, dum ae quo anima patiuntur, alium praeter Chri¬
256 1717 1061 1750 stum se pro capite universae Ecclesiae Christianae gerere & jactare. Vt
256 1747 1055 1795 infidelis est Regi & Magist: atui suo, qui ferre potest ut alius se pro
267 1777 1052 1818 Rege & Magistratu gerat & factiones defectionesque excitet: ita infi¬
261 1819 1058 1856 delis est Christo, quicunque ferre potest, ut alius quam Christus se pro¬
264 1849 1057 1886 capite Ecclesiae gerat. Et si ministr. verbi graviter peccarent, si audi¬
265 1882 1054 1920 tores suos non admonerent de fugseda factiosorum in civili republi:
255 1912 1057 1955 ca & rebellium adversus legitimum Magistratum societate: quant o
261 1947 1055 1985 magis peccarent, si non admonerent auditores suos de fugiendo An¬
265 1978 368 2018 tichristo¬
298 2005 1055 2052 VI. Quia Antichristi factio abominabilibus peccatis est dedi¬
265 2047 1046 2087 ta, & certo horribiles plagas expertura De illa cavenda igitur mone
268 2078 1053 2125 di fideles, ne participes fiant peccatorum ejus & de plagis ejus accipi¬
263 2110 474 2153 ant, Apocal. 18. 4.
303 2135 1054 2178 VII. Quia Antichristus est hostis Ecclesiae Christi Ab hostibus
268 2179 1048 2213 autem Ecclesiae Christi ut sibi fideles caveant, monere debent mini
271 2209 1067 2247 stri verbi Dei, utpote qui speculatores dati sunt a Deo Ecclesiae Chri¬
268 2242 401 2288 sti, Ezech. 3.
304 2269 1055 2313 Quid sit Antichristus ille, ambigue quaeritur: Nam interdum An¬
261 2307 1051 2346 tichristi nomine intelligitur multitudo seu factio quaedam habens u¬
261 2344 1064 2386 num monarcham, oppugnans Christum, quamvis ipsum verbis con¬
260 2373 1055 2411 fiteatur; sicut Christi nomine interdum intelligitur tota Ecclesia cum
274 2405 453 2450 Capite Christo¬
304 2419 1085 2476 Interdum Antichristi nomine intelligitur solum caput seu solus
273 2472 1058 2523 monarcha multitudinis illius adverfantis Christo, etsi cum verbis
268 2510 776 2544 confiteatur; & describitur in hunc modum:
307 2533 1059 2580 Antichristus ille magnus, est homo peccati, Christo sub Christi¬
264 2573 1054 2610 nomine adversans, Christum verbis profitens, sed facto personam &
273 2605 1067 2641 officium, quod solius Christi est, sibi usurpans, pro summo propheta¬
273 2638 1060 2671 & doctore, pro summo Pontifice & Monarcha Ecclesiae universae¬
274 2669 1052 2708 sese gerens & haberi volens, quum non sit. Hoc est, ut paulo pleni¬
267 2709 1052 2740 us describatur: Est universalis apostasiae seu defectionis a fide & do¬
276 2739 1058 2780 ctrina Christi caput, & Christianum quidem nomen profitens, sed
270 2772 1065 2815 tamen Chiisto & doctrinae Christi sese oppones: usurpas sibi regnum
264 2803 1050 2842 seu Monarchiam in Ecclesia Christi; tum duplici, eaque suprema po¬
270 2835 1061 2871 testate, spirituali & seculari, & cum fallacibus signis ac miraculis se o¬
274 2866 1045 2906 stentans magus, cum Diabolo paciscens: Idolosatra, hypocrita, bla
285 2896 1058 2940 phemus, ambitiosus & superbus, exlex, caelebs, & conjugium prohibes.
278 2929 1051 2977 sed tamen impurus scortator, adulter & Sodomita & meretrix Baby
279 2958 1059 3005 lonica: certorum ciborum abstinens, sed tamen luxuriosus: avarus
278 2996 1063 3035 emunctor pecuniae vafer, vanus, mendax, crudelis, tyranus, persequu¬
292 3028 1054 3070 tor & parricida sauctorum: setanquam Deum venditans, & contra po¬
294 3063 1065 3105 testates & majestates omnes, tum terrenas tum caelestes, se efferens;
281 3086 1064 3133 divinam potentia & Christi absolutum dominium sibi arrogans: di¬
294 3123 1058 3174 visa & dilapsa Romana Monarchia, & ejus ruderibus, in septicolli ci¬
283 3154 1064 3202 vitate, hoc est, Romae (ut interpretatur Bellar, libro secundo de Roma¬
270 157 1063 206 Decipiunt libenter muliebrem sexum ut per illum alios seducant, n
1087 197 1895 233 tationum & abominationum terrae, illa corrupta, illa nefanda, illa
1089 229 1892 269 pudoris sui nominisque decoctrix, & quae cruribus hinc inde disten¬
1092 259 1884 305 cis per secula aliquammulta libidines suas obtrusit orbi terrarum, atque
1092 297 1891 333 in templo Dei, hoc est, in Ecclesia, vi & efficacia Satanae paulatim ex¬
1079 328 1888 367 sistens & crescens, retegendus postremis mundi temporibus, ac tande
1093 359 1885 403 glorioso illo Christi adventu penitus abolendus. 2. Thess. 2. 3. 1. Tim
1093 393 1895 434 4. 1. & seqq. Joh. 2. 22. Prov 9. v. 13. usque ad sinem capitis, Daniel. 7. 8.
1088 427 1723 470 Apoc. 17. 1. & 18. Apoc. 13. 11. & passim in Apocalypsi
1120 463 1898 499 Antichristi typus fuit Rex Babylonis, de quo Jes. 14. v. 13, 14, 15. Tu¬
1096 489 1889 531 dicebas in corde tuo, in caelos adscendam, supra stellas Dei fortis exaltabi
1093 525 1894 564 solium meum & sedebo in monte conventus, &c. quem locumCypria¬
1089 565 1895 594 nus Martyr epistolam quinquagesimaquinta, quae est ad Cornelium E¬
1108 592 1882 630 iscopum Romanum interpretatur de Antichristo: Et ratio est certa
1089 627 1894 663 Nam si corporalis illa Babylon fuit typus Romae, quae propterea &
1096 665 1901 706 ipsa dicitur Babylon in Apocalypsi: tum Rex Babylonicus fuit typus
1090 689 1418 730 Antichristi Romae sedentis:
1125 717 1904 762 Ejusdem typus fuit Antiochus Epiphanes, id est, illustris, dictus ab Hi¬
1095 753 1898 795 storicis Epimanes, id est, furiosus: itu Gog, Ezech. 38, 39. Apoc. 20. 8.
1119 790 1898 828 Praedictum fuit de eodem sub imagine mulieris adulterae, Prov. 9.
1098 822 1230 867 v. 13. & seqq
1131 852 1889 893 Antichristus ille magnus jam venit, in templum Dei, tanqua Deus
1090 885 1898 928 sedens, id est, in Ecclesiam Dei sibi autoritatem & potestatem supre¬
1105 927 1889 963 mam sumens, prae se ferens se esse Deum, sicut 2. Thess. 2. v. 6, 7, 8.
1107 959 1886 996 ait Paulus de Antichristo: Nuns vero quid obstet nostis, ut is suo tem¬
1108 993 1885 1026 pore retegatur. Iam enim peragitur mysterium impietatis huju: tatum
1111 1027 1898 1056 qui nunc obstat, obstabit usquedum e medio sublatus fuarit. Et tunc ve¬
1102 1054 1905 1091 tegetur impius ille, quem Dominus confinet Spiritu oris sui, & iliustri¬
1099 1089 1889 1133 advetu suo abolebit. 1. Joh. 2. v. 18. Pueruli, ultimum tempus edest: & sis
1101 1120 1898 1155 ut audivistis Antichristum venturum, etiam nunc Antichristi multi
1111 1156 1655 1200 aeperunt esse: unde scimus ultimum tempus adesses
1126 1181 1897 1223 Antichristi illius magni malitia duplex est: una in dectuna, altera in
1109 1222 1898 1259 vita. Doctrina enim Antichristi est contraria doctrinae Christi, ut se¬
1110 1254 1904 1299 quentia ostendunt testimonia, i. Joh. 2. 23. Quis est meudex, nisi qui
1104 1286 1907 1323 negat, Iesum esse Christum illuimnac est Ancichrestus, Qui negat Pa¬
1111 1325 1910 1365 trem & Filium, & cap. 4. 1, 2, 3. Dilecti, ne cuivis spiritui credite, sed pro¬
1102 1354 1903 1392 bate spiritus an ex Deo sint: nam multi pseudocrophetae venerunt in
1110 1390 1907 1427 mundum. Ex hoc cognescite Dei Spiritum: Quicunque speritus confitetur
1110 1422 1898 1461 Iesum Christum in carnem venisse, ex Deo est: At, quitunque Spiritia
1108 1451 1904 1494 non confitetur Iesum Christum in carnem vinesse, ex Deo non est: sed hic
1117 1484 1907 1526 est ille spiritus Antichristi, de quo audivistis eum venturum fuisse, &
1120 1521 1898 1560 am nunc in mundo esse. 1. Tim 4. v. 1, 2, 3. Spiritus autem diserte dicit
1120 1550 1895 1585 fore ut posterioribus temporibus deiciscurt quidam a fide, spiritinus de
1113 1583 1898 1626 ceptoribus attendentes oc doctrinis demoniorum, Per hypocrisin falsi¬
1109 1613 1900 1651 loquorum, quorum conscientia cauterio refecta est, Prohibentium con¬
1108 1652 1907 1686 trahere matrimonium jubentium abstinere a cibis, quos Deus creavit
1116 1687 1907 1724 id participandum cum gratiarum actione, fidelibus & iis qui cognove¬
1116 1721 1903 1753 runt veritatem. 2. Tim. 4. 3. 4. Erit tempus cum sanam doctrinam non
1122 1747 1903 1782 olerabunt, sed auribus prurientes, ipsi sibi pro suis cupiditatibus coacer¬
1123 1776 1906 1820 habunt doctores. Et a veritate quidem aures avertent, ad fabulas vero
1115 1817 1897 1856 convertentur. 2. Pet 2. c. toto. Epist Judae v. 4. Subrepserunt quidam
1110 1846 1907 1888 homines, prius jam olim descripti ad hanc damnationem impii, qui Dei
1115 1884 1900 1918 nostri gratiam transferunt ad lasciviam, & solum illum verum Deum
1117 1918 1637 1955 ac Dominum nostrum Iesum Christum negant
1143 1939 1897 1982 Vita item Antichristi est contraria vitae Christi: unde Antichristu
1113 1974 1908 2015 ille describitur 2. Thess. 2. v. 3. 4. quod sit homo ille peccati, filius ille
1107 2013 1897 2056 perditionis, sese opponens & efferens adversus quicquid dicitur Deus, au¬
1119 2046 1909 2085 numen: adeo ut in templo Dei tanquam Deus sedeat, prae se ferens se esse.
1116 2084 1900 2115 Deum. Et v. 9, 10. Cujus adventus est ex efficacia Satanae, cum omn
1113 2108 1894 2149 potentia & signis, ac prodigiis medacibus, Et cum omni fraude injustiti
1110 2151 1901 2185 in iis qui pereunt: pro eo quod amorem veritatis non receperunt, ut salvi
1116 2171 1895 2214 fierent. 2. Tim. 3. v. 1, 2, 3. 4, 5. ait Paulus de moribus Antichristi & fa¬
1113 2216 1904 2248 ctionis ejus: Illud autem scito, fore ut extremis diebus instent tempo¬
1114 2240 1900 2284 ra molesta. Erunt enim homines sui amantes, avari, gloriosi, superbi.
1117 2272 1895 2310 maledici, parentibus immorigeri, ingrati, impuri, Charitatis exper
1108 2306 1897 2346 tes, nescii federis, calumniatores, intemperantes, immitos, minime a¬
1116 2347 1897 2386 mantes bonorum, proditores, praecipites, inflati, uoluptatum amante.
1107 2375 1891 2421 potius, quam amantes Dei: Habentes formam pietatis, sed qui vim ejus
1118 2405 1898 2442 ibnegarint. 2. Pet. 2. v. 10. & seqq. Qui carnem sequentes, in impura
1114 2442 1901 2475 cupiditate incedunt, & dominatum despiciunt, qui, inquem, ut sunt.
1114 2477 1898 2513 audaces & sibi placentes, non horrent dignitates probris incessere. Quum
1115 2508 1897 2551 ipsi Angeli qui sunt robore ac potentia majores non ferant adversus ea¬
1117 2542 1904 2580 apud Dominum maledictionis judicium. At isti, veluti animantia ra¬
1113 2575 1897 2610 tionis expertia qua naturali impetu feruntur, facta ad eum finem ut
1122 2601 1908 2644 capta intereant, ea vituperantes quae ignorant, sua ipsorum corruptela
1117 2635 1891 2674 interibunt: Reportaturi mercedem iniustitiae, ut qui pro uolupta
1119 2667 1903 2709 re ducant quotidianas delicias, labes ac maculas, qui fraudibus suis se
1114 2699 1911 2738 oblectant, vobiscum epulando. Oculos habentes plenos adulterii & qui¬
1116 2738 1903 2773 a peccando cessare nesciant, inescantes animas instabiles, cor habentes
1117 2765 1907 2807 ad avaritiam exercitatum, exsecrandi homines: Qui relecta recta via
1117 2802 1898 2841 aberrarunt, sequuti viam Balaam filii Bosor, qui mercedem iniquita¬
1117 2830 1901 2871 tis amavit. Sed redargutionem suae tranigressionis habuit: nam subiu¬
1107 2870 1891 2914 gis asina muta, humana voce loquuta, prohibuit Prophetae dementiam
1122 2896 1905 2942 isti sunt fontes aqua carentes, nebulae a turbine agitatae: quibus cali¬
1119 2931 1897 2973 go tenebrarum in aeternum servata est. Nam praetumidam vanitatem
1117 2963 1905 3004 loquendo, inescant eos per carnis cupiditates lascivas, quivere effugerant
1120 2994 1899 3038 eos qui in errore versantur: Libertatem eis pollicendo, quum ipsi ser¬
1122 3029 1895 3072 vi sint corruptelae: siquidem a quo quis superatus est, huic etiam in ser¬
1120 3059 1904 3103 vitutem est addictus. Nam si postquam inquinamenta mudi per agni¬
1114 3092 1904 3137 tionem Domini & Servatoris Iesu Christi effugerint, his rursum impli¬
1113 3126 1902 3169 cati superentur, facta est ultima eorum conditio deterior priore. Satius
1115 3162 1904 3214 enim fuisset eis non cognovisse viam iustitiae, quam cognita illa, regre¬
