2063 3419
293 156 1049 209 De isto loco & opere purgationis animarum in eo, quaeritur inter
264 202 958 242 nos & Papistas an sit? Papistae affirmant: nos autem negamur
308 234 1054 271 Papistae affirmationem suam probare conantur testimoniis Vete¬
269 268 1045 307 ris & Novi Testamenti, & rationibus: nam alia probationum gene
269 300 1060 333 ra ex Conciliis & Patribus non sunt oixcia. Loca e Veteri Testamen¬
267 332 1058 373 to dicit Bellarmin, se proferre decem, e quibus tantum primum sta¬
272 366 1058 410 tuit necessario confirmate purgatorium, caetera solum probabiliter
271 397 374 442 suadere.
309 425 1058 467 PRIMUS LOGUS habetur 2. Machab. 12. 43. 44. 45, 46. Iuda
275 459 1057 498 Machabaeus facta collatione duodecim millia drachmas argenti, misit
270 492 1064 531 Ierosolymam, offerri pro peccatis mortuorum sacrificium, bene & reli¬
282 520 1059 565 giose de resurrectione cogitans: (Nisi enim eos qui ceciderant, resurre¬
275 560 1051 594 cturos speraret superfluum videretur & vanum, orare pro mortuis.) &
273 593 1049 633 quia considerabat quod hi qui cum pietate dormitionem acceperant o¬
270 624 1058 667 ptimam repositam haberent gratiam. Sancta ergo & salubris est cogita
282 661 1070 706 tio pro defunctis exorare, vt a peccatis solvantur. Hinc colligit Bellar.
273 689 482 736 Purgatorium esse.
321 717 1065 761 RESP. Primo petitur principium dum probatur dogma dubium.
275 763 1058 798 ex libro autoritatis prorsus dubiae & neutiquam divinae: Negamus
281 789 1057 827 enim locum istum e libris vere & divinitus Canonicis sumtum esse.
276 823 1061 860 quia libri Machabaeorum sunt apocryphi quemadmodum a nobis
286 861 1057 893 abunde demonstratum supra primo libro, cap. 33. & 34. De hoc ta¬
279 887 1052 924 men loco Perionius in Topicis Theologicis dicit: Solus locus Machae
279 922 1060 960 baeorum depromi potest ex Scripturis diuinis, qui aperte doceat preces &
280 954 1069 991 sacrificia prodesse mortuis. Mirandum igitur, imo & miserandum,
283 993 1065 1034 quod iste purgatorius ignis, qui adversariis tanti momenti, cui de¬
272 1020 1057 1058 fendendo, tot passim ignes toto orbe Christiano succensi, ad exurenm
279 1054 1060 1099 dos vivos & veros Christi cultores, uno duntaxat loco, eoque apocry¬
285 1087 1066 1121 pho nitatur. Roffensis autem in confutatione Lutheri, Tametsi, inquit
273 1115 1097 1162 ex Scripturis probari non possit Purgatorium, veritas ejus nihilominus
282 1156 1061 1188 Christianis omnibus credenda est. Item. Quanquam fortassis unam a¬
279 1185 1064 1220 liquam Scripturam, quae protervientem adigat, uti velit nolit, confitet
276 1221 1064 1264 atur, in promiu non sit adducere: potest esse nihilominus illic aliqua, ta¬
276 1257 1071 1296 metsi diligentissimos hactenus inquisitores illa latuerit. Et post cum
280 1284 1076 1323 Petrus a Soto in Instit. Christ. Licet, inquit, in Scriptura nihil perspi¬
279 1317 1064 1354 cue de Purgatorio tradatur: tamen multa credenda quae scripta nos
285 1349 1069 1386 sunt. Utut autem isti ingenue fateantur, ex Scriptura Purgatori¬
279 1389 1064 1431 lum suum probari non posse: ausa est tamen Synodus Tridentine
273 1417 1069 1454 Sessione vigesimaquinta in Decreto dePurgatotio impudenter affir¬
267 1446 1100 1489 mare Ecclesiam Sacris literis edoctam, purgatorium esse, etiamsi ne
273 1483 1028 1527 unicam quidem Scripturam Synodus de Purgatorio protulerit
316 1517 1073 1552 Secundo etiamsi liber iste Machabaeorum esset vere divinus &
282 1547 1063 1587 Canonicus, tamen non probaret purgatorium Papisticum, quia vi¬
277 1585 1070 1625 tiosa versione est corruptus. Nam ut de isto solummodo loco agan¬
283 1617 1075 1653 primo versum est, Judam misisse Jerosolymam duodecim millia
279 1653 1061 1686 drachmarum argenti, quum ex Graeco terxtu constet, tantum du¬
282 1681 1069 1716 millia drachmarum missa. Secundo est in vulgata versione, pro pec¬
279 1718 1070 1757 catis mortuorum sacrificium: at in Graeco est, ωροσαγαγειν ωοι α μαρ¬
280 1746 1062 1786 τιας δυσιαν, ut habent Biblia Complutensia, Regia item Hispanic.
275 1781 1096 1819 ex editione Plantini, ac praeterea Germanica, Veneta; imo & Ro¬
279 1816 1069 1850 manum exemplar anno 1587. Sixti V. autoritate editum. Quapro¬
289 1844 1079 1881 pter reddi debet, offerre sacrificium pro peccato. Tertio ubi in Vul¬
279 1882 967 1929 gata. Latina est religiose, Graecus textus habet ἀσειoς, urbane
318 1916 1058 1955 Tertio quamvis versio rectissime se haberet, tamen nihil ad pro¬
276 1941 1063 1981 bandum purgatorium faceret. Qualis enim est argumentatio: Iuda
282 1978 1070 2017 Machabaeus cogitari pro defunctis exorare ut a peccatis solvantur;: Ergo
283 2017 1061 2054 credidit esse purgatorium? Nam antecedens falsum est: Judas enim
278 2044 1064 2079 Machabaeus nihil tale cogitavit: sed misit pecuniam ut offerretur sa¬
279 2079 1070 2118 crificium pro peccato Ecclesiae totius ad expiationem ipsius ex Lege,
276 2111 1076 2154 Levit. 4 v. 13. Quod vero autor libri Machabaeorum aliter accipit:
282 2143 1071 2178 factum Judae, id erroris est humani, cum nec autoritate Dei nitatur
273 2177 1066 2214 in Lege nec piorum exemplis probis. Deinde etiamsi revera ta¬
279 2210 1062 2247 se quid cogitasset Judas, quod ei autor libri tribuit & multi assentium
279 2245 1064 2288 tur: tamen inde potius colligi deberet, ipsum cogitasse de resurrecti¬
276 2276 1061 2309 one ex mortuis; quod ver. 43. & 44. attestantur: ut proprie haec ora¬
274 2311 1070 2345 tio eum finem habuerit, ut ne peccatum illud militum interfectorum;
275 2343 1071 2378 sub quorum tunicis τα ιεοώματα, anathemata seu donaria idolorum
285 2373 1064 2410 Jamniensium a quibus Lex prohibet Judaeos inventa fuerant, in ju¬
279 2410 1061 2452 dicio Domini, universalem resurrectionem ex mortuis sequuturo, ii
285 2435 1098 2476 imputetur. Qua proinde oratione, nihil defunctorum conditioni aut
282 2473 1069 2511 additur, aut demitur; non magis quam illa Pauli pro Onesiphoro 2.
277 2506 1063 2539 Tim. 1. 18. Det ei Dominus, ut inveniat misericordiam in die illo. De¬
279 2540 1074 2573 resurrectione igitur ratiocinatus fuerit Judas, non de purgatorio ani¬
288 2570 1070 2612 marum post mortem. Nec posse inde colligi purgatorium probant
278 2607 1067 2642 leges Purgatorii, quas ipsi Papistae statuerunt. Nam qui in peccate
284 2639 1057 2671 mortali ex hac vita excesserunt, locum in purgatorio non habere Pa
291 2672 1062 2707 pistae tradunt: At milites isti in peccato mortali ex hac vita excesset
288 2706 1067 2739 runt, quia polluerant se sacrilegio & idololatria, exemplo Achanis
285 2736 1064 2774 abscondentes sub tunicis res sacratas idolis Jamniensibus. Deinde
282 2769 1061 2807 qui semel temporali poena pro peccato suo a Deo affecti sunt, illi pro
282 2801 1075 2837 eadem culpa non puniuntur post hanc vitam in purgatorio; quia
288 2830 1061 2868 Deus eandem culpam nunquam bis ulciscitur, ut iidem Papistae do¬
279 2867 1063 2906 cent: At milites illi semel temporali poena pro peccato suoa Deo affe¬
289 2893 1064 2946 cti sunt, ut memoratur v. 42. generosum Iudam hortatum esse multitus
288 2928 1065 2977 dinem, ut conservarnt seipsos integros a peccatis, cum ante oculos suo.
284 2963 1069 3002 viderint ea quae facta sunt propter istorum peccatum qui ceciderant.
288 2991 1073 3045 Non igitur altera poenam temporali in purgatorio opus fnit. Insuper
297 3029 1065 3076 in purgatorio non satisfieri pro culpa, sed pro poena temporali, in
299 3061 1051 3104 quam virtute clavium aeterna poena commutata sit, Papistae tradum
291 3095 1095 3142 At Judas Machabaeus sacrificium obtulit, pro peccato, quod nusqua
288 3119 1057 3168 in Lege pro sola poena, sed pro culpa seper: Non igitur cogitavit, pur¬
288 3156 1064 3213 gatorium esse, in quod militum istorum animae venissent. Ita locus
1076 156 1910 202 Ahic purgatorium ignem extinguit, non autem confirmat, omnibus
1118 198 1921 237 circumstantiis probantibus, sacrificium Judae non alium habuisse
1107 232 1913 275 scopum, quam ut Deus in ultima resurrectione his defunctis propi¬
1119 264 1915 308 tius esse dignetur. Verum de hoc loco vide supra primo lib. capit.
1113 292 1262 337 trices. quart.
1149 322 1910 366 SECUNDUS locus a Bellar, allegatus est Tob. 4. 18. ut vulg. Latini
1116 361 1910 396 vel v. 23. ut Graeca editio habet: Panem tuum & vinum super sepultur
1123 400 1916 434 ram justi constitue, & noli ex eo manducare & bibere cum peccatoribus.
1126 426 1923 467 Hinc argumentum tale exstruendum. Tobias senior jussit instruere
1123 462 1914 498 convivium & vocare pauperes fideles iisque distribuere eleemosyna.
1122 497 1924 539 ut pro anima defuncti orent: Ergo credidit esse purgatorium in quod
1119 523 1466 562 animae defunctorum veniant.
1145 555 1918 601 RESP. Primo sophisticatur Bellar. petitione principii, quia do¬
1122 596 1910 634 gma dubium probare nititur ex libero aeque dubio atque ipsum est do¬
1118 628 1913 665 gma: quum certum sit librum Tobiae esse apocryphum. Secundo vi¬
1122 658 1910 695 tiosa est versio vulgata: textus enim Graecus habet, ἵκχεον τος ἀζτο
1117 693 1915 737 σκεπι τον ταφον τον δεκαίώον, κι μι δος τοῆς αμαρτολοίς: vertendum igi¬
1125 726 1909 764 tur, effunde panes tuos super monumentum justorum & ne des pecca¬
1123 760 1918 795 toribus. Tertio negatur antecedens enthymematis. Tobias enim
1113 791 1921 834 senior non jussit orare pro anima justi defuncti, sed filio suo injunxit.
1113 829 1912 871 ut pius de obitu defuncti alicujus propinqui sed hominis justi luge
1119 861 1921 891 tes consolaretur munere convivali, sicut apud Judaeos receptum e¬
1121 893 1920 933 rat, ut amici lugentium, convivio exciperent lugentes consolandorum
1115 926 1919 961 illorum gratia, quemadmodum videre est Jer. 10. v. 7. Neque impartien¬
1117 958 1909 993 tur cibum illis in luctu ad consolandum ullum de mortuo: neque biben¬
1123 990 1921 1027 dum dabunt eis ex poculo consolationum de parte ullius & de matre.
1113 1024 1909 1059 ullius eorum. Unde Ezech. 24. ver. 17. prohibet Deus Prophetae, no
1120 1057 1915 1090 mortuo desiderio oculorum suorum, id est, uxore sua, lugeat, neve
1120 1090 1912 1124 cibum ullorum comedat, id est, ne acceptet convivium quod amio
1126 1124 1922 1167 exhibere volent ad levandum ipsius luctum. Itaque Tobias praescri¬
1128 1157 1916 1195 psit filio suo officium praestandum posteris hominum justorum lu¬
1125 1191 1915 1231 gentibus, si modo & ipsi pii sint: nam si impii sint, conversatione &
1128 1222 1921 1259 convivio illorum interdicit. Non dicit Tobias, cibos tuos effunde
1128 1253 1921 1290 super monumentum meum: sed de officio aliis lugentibus exhiben¬
1134 1285 1927 1324 do instruit Sic ex hoc loco purgatorium nullum colligi potest: sed
1128 1319 1915 1363 hoc tantum, erga pios lugentes super obitu alicujus e suis propinquis
1126 1351 1490 1387 esse charitatis officia exercenda.
1165 1379 1928 1425 Instat Bellar, & allegat tum consuetudinem Ecclesiae, ut affines
1128 1414 1922 1454 hominis defuncti convivium faciant, & mittant etiam cibum & po¬
1129 1454 1925 1486 tum pauperibus & religiosis, ut orent pro anima defuncti: tum Chry¬
1129 1482 1925 1522 sostomum, qui homil. triges. secun. in Matth. ait, Cur post mortem tuo¬
1129 1518 1915 1559 rum pauperes convocas? cur presbyteros, ut pro eis velint orare, ob¬
1126 1548 1196 1588 secrasi
1160 1577 1922 1618 RESP. Primo mala consuetudo non minus perniciosa corrupte¬
1129 1617 1909 1656 la vitanda est, ut monet Nicolaus Papa, capitulo Mala, distinctione
1119 1652 1916 1683 octava: & talis est consuetudo quam Bellarminus allogat. Veritato
1120 1684 1913 1719 manifestata cedat consuetudo veritati. Nemo consuetudinem rationit
1134 1717 1915 1747 veritati praeponat: quia consuetudinem ratio & veritas semper exclu¬
1122 1749 1916 1785 dit: ut eadem distinctione subjicitur. Secundo in contrarium plant
1125 1779 1913 1817 sensum Bellarminus allegat Chrysostomum, qui non laudat consue
1123 1818 1925 1850 tudinem illam, sed reprehendit. Apparet Bellarminum monitores
1118 1848 1913 1897 vel consarcinatore usum imperito & ignorante, loco Chrysostom
1132 1880 1244 1922 inconsulto
1161 1902 1919 1953 TERTIUS locus est lib. 1. Samuel, aut ut Vulg. habet, 1. Reg. cap.
1125 1947 1913 1982 ult. v. 13. ubi legimus, quod habitatores Jabes Galaad audita morti
1119 1983 1917 2022 Saul jejunaverunt septemdies. Et 2. Samuelis, seu, ut Vulgata habet,
1128 2013 1921 2048 Reg. 1. v. 11, 12. David flevit, & ieiunavit proSaule & lonatha, & aliis
1126 2049 1918 2087 occisis; quod idem fecit pro Abnere, 2. Samuel. seu Reg. 3. v. 32, 33. 34, 35.
1122 2081 1909 2120 Quamvis enim haec videbantur fieri in signum doloris & tristitiae, ta¬
1131 2116 1913 2152 men credibile est, praecipue facta esse ad iuvandas animas defunctorum
1125 2138 1919 2180 ut Beda exponit in fine commentarii in lib. 1. Reg. id quod ex dnobus col¬
1128 2173 1913 2213 ligimus. PRIMO, ex eo, quod irrationabile fuisset, in signum doloris se¬
1126 2209 1921 2250 ptem dies ieiunare. SECUNDO, ex eo, quod David 2. Samuelis aut Reg.
1132 2245 1922 2276 2. v.16. ieiunavit, & oravit pro filio suo infantulo, dum aegrotaret; post¬
1123 2276 1916 2309 ea vero quando audivit eum esse mortuum, non amplius ieiunavit; quo
1124 2308 1919 2341 facto suo ostendit, se ieiunare solitum, ut aliquid a Deo impetraret, ideo
1118 2347 1907 2384 enim pro morte pueri non ieiunavit, quia sciebat, non esse puerum ad
1129 2374 1919 2420 vitam rediturum, & praeterea eum suffragiis non egere; quo etiam spe¬
1129 2405 1913 2441 ctat illa solicitudo Patriarcharum, qui cupiverunt in terra promissionis
1119 2439 1919 2488 sepeliri, Gen. 47. 30. & 5025. nimirum ut essent participes precum &
1129 2469 1505 2517 facrificiorum quae ibi offerebantur:
1156 2501 1912 2542 RESP. Argumentatio hujusmodi fuerit; Fideles in veteri Testa¬
1120 2540 1910 2574 mento aliis aut mortuis aut aegrotantibus ieiunarunt, aut in terra pro¬
1120 2574 1916 2609 missa sepeliri voluerunt ad iuvandas animas defunctorum: Ergo pur¬
1128 2611 1916 2648 gatorium esse crediderunt. Antecedens enthymematis istius negatur,
1125 2642 1912 2674 quia falsus finis in eo assignatur. Jabeschitae enim jejunarunt luctus
1126 2670 1904 2705 & calamitatis publicae conscientia ut & David cognita morte & Sau¬
1123 2703 1907 2739 lis & Jonathanis. David lugens de Abnere jejunio usus est, ut inno¬
1123 2740 1916 2783 centiam suam testificaretur luctusque sui veritatem, & se a suspicione
1128 2773 1922 2810 caedis purgaret publice, quod inprimis confirmatur 2. Sam. 3. 28, 36,
1116 2804 1916 2843 37. Tum David pro filiolo suo aegrotante oravit cum jejunio, eo
1128 2837 1916 2874 autem mortuo desiit jejunare: unde sequitur pro defunctis juvandis
1130 2874 1909 2906 non esse jejunandum, nec eos juvari jejuniis, cum David mortuo
1134 2899 1904 2937 quero statim jejunare desierit. Denique Jacobus Gen 47. 30 & Jo¬
1117 2938 1919 2971 sephus Gen. 50. 25. Patriarchae voluerunt sepeliri in terra promissa,
1122 2971 1916 3003 non ut in purgatorio exsistentes juvarentur procibus & sacrificiis;
1123 3004 1919 3047 nam id Scriptura nusquam dicit, & preces atque sacrificia tum nul¬
1117 3031 1901 3069 la offerebantur in Cananaea, cum illud Patriarchae sancti postula
1113 3067 1919 3109 rent: sed ut hoc pacto suam de Dei promissionibus erga populum:
1125 3096 1910 3134 Israeliticum implendis fidem testarentur & in eadem filios & fratres
1119 3129 1913 3170 suos confirmarent, Heb. 11. v 22. Per fidem, Iosephus obiens de egressio¬
1111 3169 1713 3215 ne filiorum Israelis meminit: deque ossibus suis praeccpit.
