2063 3502
192 211 1001 265 QUA RTUS locus est Psal. 6. 2. & 38. v. 2. Domine ne in furore
161 247 985 289 tuo arguas me, neque in ira tua corripias me. Etsi enim haec verba va¬
156 290 977 330 rie exponi possint, tamen B Augustin, ita exponit, ut in furore argui a Deo
169 315 980 361 sit in aeternum damnari, in ira corripi, sit puniri severe post hanc vitam,
166 357 974 397 ad correctionem tamen & emendationem Unde subdit: In hac vitatin
169 388 985 426 quit, purges me, & talem me reddas, cui jam emendatorio igne non
171 423 974 463 opus sit, &c. Eodem modo exponit Beda, Haymo, Dionys. Carth. & alis
198 449 989 497 RESP. Argumentatio talis fuerit: David deprecatur puniri tum in
168 478 971 537 inferno, tum in purgatorio: Ergo purgatorium est. Antecedens proba¬
172 521 991 562 tur, quia Psal. 6 & 38. per TUROREM intelligitur damnatio aeterna
174 549 986 589 in inferno, per IRAM poena severa in purgatorio, interprete Augustine
178 588 986 629 & aliis Sed negatur antecedens parte posteriore: negatur & probatio¬
1005 523 1025 557 D
182 623 979 664 ejus. Nec interpretatio ista est Augustini, ut liquet ex Psalmi sexti &
174 656 980 697 trigesimioctavi, qui ipsi est trigesimusseptimus, enarratione. In Psala
180 691 974 723 mum sextum ita Augustinus habet: Domine ne in ira tua arguas me¬
193 723 984 763 Dicit etiam Apostolus iram judicit. Thesaurixas tibi, inquit, iram in die¬
177 760 983 799 irae justi iudicii Dei. In qua se non vult argui quisquis in hac vita sanar:
177 793 987 834 desiderat. Nec in furore tuo corripias me.) Corripias, mitius videtur. Ad
180 828 986 864 emendationem enim vacet: Nam qui arguitur, id est, accusatur: metuen¬
188 855 990 898 dum est, nein finem habeat damnationem. Sed quoniam furor plus vi¬
186 889 986 924 detur esse quam ira, potest movere, cur illud quod est mitius, id est, corre
186 928 995 967 ptio, um eo positum est quod est durius, id est, cum furore. Sed ego puto u¬
186 957 992 998 nam rem duobus verbis significatam. Nam in Graeco θuuos, quod est in
183 993 993 1030 primo versu, hoc significat quod opym, quod est in secundo versu. Sed cum
178 1026 992 1069 Latini vellent etiam ipsa duo verba ponere, quaesitum est quid esset vi¬
183 1060 992 1095 cinum erae, & positum est furor. Ideo varie codites habent. Nam in aliis
193 1094 989 1130 prius invenitur ira, deinde furor. In aliis prius furor, deinde ira. In alii
189 1127 998 1166 pro furore indignatio ponitur, aut bilis. Sed quicquid illud est, motus est
201 1164 998 1192 gnimi provocans ad poenam inferendam. Qui tamen motus, non tan¬
198 1200 1001 1233 quam animae Deo tribuendus est, de quo dictum est, Tu autem Domine
183 1227 991 1269 virtutum cum tranquillitatae iudicas. Quod autem tranquillum est,
187 1258 1008 1299 non est perturbatum. Non ergo cadit in Deum iudicem perturbatio, sed
186 1300 1004 1338 quod in eius ministris fit, quia per leges eius fit, ira eius dicitur. In qua ira¬
196 1325 992 1367 non solum argni se non vult anima quae nunc orat, sed nec corripi, id est
193 1365 991 1401 emendari vel erudiri. Nam in Graeco πυιδευσης positum est, id est, erudias
191 1397 1000 1433 Arguuntur enim in die iudicii omnes qui non habent fundamentum
201 1430 995 1468 quod est Christus. Emendantur autem, id est, purgantur, qui buic fun¬
192 1465 1004 1498 damento superaedificant lignum, foenum, stipulam. Detrimentum enim
195 1500 992 1537 patientur, sed salvi erunt tanquam per ignem. Qui ergo iste orat, qui no¬
199 1527 1010 1563 vult in ira Domini vel argui vel emendari? Quid nisi ut sanetur? Ubi¬
194 1562 1003 1600 enim sanitas est, nec mors metuenda est, nec urentis aut secantis Medici
190 1597 1010 1638 manus. Ita Augustinus unam & eandem rem accipit per furorem &
1026 1525 1046 1557 E
194 1630 1004 1673 iram, & iram judicii ultimi intelligit, non igitur purgatorium. Idem
195 1662 1001 1703 docet in enarratione Psalmi 37. ubi de purgatorio igne post hanc vi¬
196 1699 1000 1739 tam altum silentium. Domine, inquit, ne in indignatione tua argua
198 1732 1009 1771 me. Non sim inter illos quibus dicturus es, Ite in ignem aeternum qui pa¬
201 1765 1010 1804 ratus est diabolo & angelis eius. Neque in ira tua emendes me, ut in hac
207 1793 1000 1838 vita purges mo, & tale me reddas cui iam emendatorio igne non opus sit
204 1836 1007 1871 Ut adulterata lectio: sic enim legendum est, cui iam emendato, igne
199 1870 1004 1899 non opus sit. Illud emendato est tertii casus & convenit voci antece¬
202 1897 1004 1938 denti cui: quasi diceret, purges me in hac vita & talem reddas, quem
202 1927 994 1974 jam emendatum & liberatum a peccatis in hac vita, non sit opus tra
204 1969 998 2005 di in ignem aeternum. Hanc germanam esse lectionem Augustini
202 1993 1010 2035 non tantum meliora exemplaria & manuscripta testantur, sed etiam
213 2029 476 2078 consequentia arguunt.
249 2048 994 2105 QUINTUS locus est Psal. 65. vel 66. juxta supputationem He¬
211 2093 993 2135 braeam, v. 12. Transivimus per ignem & aquam, & eduxisti nos in re¬
207 2125 998 2167 frigerium. Hic etiam locus potest habere varios sensus, tamen Origene
211 2157 998 2203 homil. viges. quinta in Num, & B. Ambrosius in Psalm. 36. & Sermon
210 2198 1006 2241 3. in Psalm. 118. exponit per aquam, Baptismum, per ignem, purgato¬
207 2224 1013 2267 rium: Hic, inquit, per aquam, illic per ignem: per aquam, ut abluantur
210 2268 589 2318 peccata, per ignem ut exurantur.
241 2292 1003 2340 RESP. Locus ad probandum purgatorium plane est impertinens
214 2328 1010 2372 Nam haec verba Psalmi sunt viventium adhuc in terris, non autem
211 2357 1007 2407 mortuorum, ut contextus magis quam evidenter ostendit. Et transit
218 2391 1016 2441 re per ignem & aquam, idem est quod diversis & gravissimis in hac vi¬
207 2425 1010 2475 ta exerceri afflictionibus, e quibus Deus educit invocantes & ab aesti
201 2469 1016 2506 calamitatum recreat, secundum promissionem quae exstat Jes. 42. 27.
213 2500 1012 2543 Quum transis per aquas, tibi adsum, & per flumina, ne inundent te¬
207 2562 1021 2605 factum etiam secundum literam, quum populum Israeliticum duxit
212 2594 1019 2636 Deus per mare rubrum & Jordanem: & socios Danielis conservavit.
207 2627 1015 2674 in fornace Babylonica. Adhaec quia in hoc Psalmi loco sit mentio
222 2667 1022 2707 non tantum ignis, sed etiam aquae, qui sit quod Papistae non statuant
222 2694 1021 2739 etiam purgatoriam aquam in quam animae velut in balneum post
216 2737 518 2783 hanc vitam ingrediantur:
253 2763 1025 2807 SEXTUS locus est Jes. 4. v. 3. Purgabit Dominus sordes filiorum
228 2794 1017 2841 & filiarum Sion, & sanguinem emundabit de medio eorum spiritu
222 2832 1014 2876 judicii, & spiritu combustionis. Hunc locum exponit de poena Purgato
214 2874 752 2910 rii B. Augustinus lib. 20. de civitate Dei, cap. 25.
251 2892 1019 2942 RESP. Locus hic ad probandum purgatorium prorsus est alie¬
219 2930 1020 2974 nus: nam agit de mediis quibus Germen Iehovae, id est, Christus Do¬
214 2961 1029 3006 minus in carne exhibitus erat gloriam collaturus in Ecclesiam suam.
226 2996 1035 3043 Sunt autem inter alia media illa, justitia & sanctitas illius quae efficitur.
219 3031 1018 3076 nostra ad vitam aeternam: & remissio peccatorum atque ablutio. q. d.
224 3069 1028 3114 Christus Dominus expiabit fideles suos & sistet eos sibi puros, po¬
228 3106 657 3152 pulum studiosum bonorum operum.
248 3125 1016 3178 SEPTIMUS locus est Jes. 9. v. 18. Succensa est quasi ignis impie
229 3168 1022 3207 tas, vepres & spinas devorabit. Basilius in hunc locum dicit, per confes¬
224 3193 1057 3250 sionem peccetum arefieri, ut igne purgatorio post hanc vitam absumi R
241 3239 544 3283 possit, & ex hoc loco probat
253 3260 1030 3315 RESP. Locus ast omnino ἀπροσδιόνυσις ad stabiliendum purgatorium;
1030 234 1859 275 nam in eo loco praedicitur, populum Israeliticum non tantum oppres¬
1035 260 1847 313 sum iri Assyriorum dominatu per Sancheribum & Esarchaddonem
1032 294 1844 348 Reges, sed etiam sua ipsius opera magis ac magis labefactatum iri, sit
1031 332 1847 386 ut suo ipsius igne in pulterem & fumu abiturus sit, quia populus con¬
1044 364 1850 410 paratur dumeto seu vepreto, excidium populi comparatur igni. Quod
1045 401 1850 446 ad expositionem Basilii in hunc locum attinet, verba illa, post hanc vi¬
1033 433 1852 474 tam, a Bellar. praeter mente Basilii sunt adjecta. Haec ad verbum Ba¬
1035 466 1850 515 silius habet: Si igitur per confessionem detexerimus peccatum, iam suc.
1035 500 1845 543 crescens gramen arefecimus, dignum plane quod depascatur ac devoret.
1044 532 1840 574 purgatorius ignis, &c. Esse aute ignem illum in hac vita cofirmat pro¬
1041 567 1855 606 xime sequentibus, quum in illa Jesaiae verba, quia propter indinatione
1050 602 1850 642 prae Domini suecensa est terra omnis, his verbis utitur; declavat in gratia
1050 629 1850 669 & beneficium animae, terrena ipsa tradi depasceda igni punitivo: quem.
1043 668 1852 714 admodum & ipse Dominus subindicat dicens, ignem veni mittere in
1041 698 1843 741 terram: & quid volui nisi ut accendatur? De igne in terra omnino a¬
1043 734 1753 783 git, & affirmat Christus, non de fictitio Purgatorii vaporatio
1080 766 1852 812 OCTAVUS locus est Mich. 7. v. 8. Ne laeteris inimica mea; nam
1048 797 1848 849 si cecidi, resurgam, quum sedero in tenebris, itam Domini portabo¬
1053 829 1851 879 donec causam meam judicet. Adducet me in lucem, videbo justitiam
1048 869 1857 904 ejus. Hunc locum adferri solitum pro Purgatorio, docet Hieronymus in
1050 902 1861 940 capite ultimo Iesaiae, & Glossa ordinaria exponit; Iram Domini portabo
1054 927 1289 971 hic, vel in Purgatorio
1080 960 1856 1002 RESP. Locus iste longius distat a purgatorio Papistico, quam cae¬
1047 994 1852 1044 lum a terra. Nam Ecclesia Dei in hoc loco manifeste Babylonem cae¬
1054 1036 1859 1076 terasque Gentes admonet, non esse quod calamitatibus ipsius insultent,
1068 1067 1862 1108 quia Deum liberatorem non frustra exspectet. De Hieronymo falsum
1057 1101 1861 1138 dicit Bellarminus: nam Hieronymus loquitur de igne castigationum
1053 1132 1862 1177 seu punitivo in hac vita. Glossae ordinariae quoque tribuuntur quae non
1057 1163 1849 1212 sunt ejus, sed desumta ex altera parte expositionum Nicolai Lyrani, qui
1052 1196 1859 1240 inscribuntur Moralitates Bibliae, & allegoriis alienis, ineptis, falsisque
1056 1231 1862 1274 diffluunt. Tandem dubium relinquit tectorem Glossa a Bellarmino
1068 1263 1864 1307 illata: Iram Domini portabo hic, vel in Purgatorio. Melior est glossa
1062 1298 1865 1345 interlinearis Mich. cap. 7. quae habet: Ne insultes mihi, quia pro pecca¬
1053 1333 1863 1367 tis punior: Consurgam, Deo miserante, cum sedero in tenebris, in captivi¬
1053 1364 1852 1401 tate. EtLyranus ipse: Ne laeteris, id est, Tu Babylon no letcris de captivi¬
1059 1402 1852 1441 tate Iudae, quia cecidi in manibus tuis. Consurgam per Cyri, liberando
1072 1429 1862 1475 Theodoretus Commentariis in hunc locum: Resurgam divina cura¬
1059 1466 1864 1499 tione sublevata: ipse in tenebris agenti mihi suam luce adferet. Nunc ve¬
1068 1498 1865 1541 ro iram Dei sustinebo, quia peccavi contra eum: cognosco enim ultionis:
1069 1532 1856 1570 aquitatem, quum peccati magnitudinem considero. Sed tamen expecto
1065 1563 1857 1605 iustum iudicium adversus eos, qui bellum intulerunt. Etsi enim ego poe¬
1069 1599 1862 1631 nas persolvi de his quae deliqui, tamen illi iniuste contra meusi sunt vo¬
1064 1629 1853 1673 luntate, & sententia. Eundem intellectum habet hoc quod deinceps ait
1063 1666 1856 1708 Donec justificet causam, & faciat judicium meum, & educat me in lu¬
1061 1702 1867 1737 cem, & videbo justitiam ejus; & videbit me inimica mea, & operiet eam
1059 1731 1861 1771 confusio, quae dicit ad me, Ubi est Deus tuus? Etsi non iniuste ab eo
1063 1766 1862 1809 condemnata sum, at contra illos iura permulta habeo, & ea de causu
1059 1796 1867 1835 divinam sententiam expecto, quando hanc latam videbo, & illorum ser¬
1059 1833 1859 1871 vitute liberata ero, videbit inimica mea me, & operiet eam confusio.
1060 1863 1871 1906 quae dicit ad me, ubi est Deus tuus? Non vero solum haec videbit meam
1065 1902 1868 1948 felicitatem, & Dei mei robur, in quem maledicta intentavit, sed & ego
1065 1926 1346 1970 videbo eius infelicitatem
1099 1960 1863 1999 NONUS locus est Zach. 9. Tu aute in sanguine Testamenti tui
1062 1998 1859 2035 eduxisti vinctos tuos de lacu, in quo non est aqua. Etsi enim hunc loci¬
1062 2027 1868 2061 adducunt passim pro liberatione Patrum ex limbo, tamen melius conve¬
1056 2065 1864 2102 nit liberationi animarum ex Purgatorio, quas Christus eduxit, quum eo
1066 2096 1864 2137 descendit post mortem suam. PRIMo, quia isti rectius dicuntur vincti. Se¬
1062 2133 1856 2169 CVNDO, quia in Purgatorio non est aqua consolationis, quae est in limbo¬
1065 2164 1853 2206 ut patet Luc. 16. deLazaro: Hic vero cosolatur. Unde Augustinus epist
1067 2204 1866 2236 99. ad Evodium, & lib. 12. in Gen. c. 33. contendit, Christum quum de¬
1059 2232 1865 2267 scendit ad inferos, non solum Patres invisisse, sed etiam eos, qui cruciabantur
1066 2259 1754 2298 in inferno, id est, in Purgatorio, & multos eorum inde liberasse
1104 2292 1855 2328 RESP. Primo de hujus loci recta versione & expositione videatur
1065 2325 1853 2365 supra sexto lib. capite vigesimoprimo, columna 2676. Secundo Bel
1074 2358 1862 2397 arminus sibi ipsi contradicit: nam libr quarto de Christo, capite un¬
1077 2394 1853 2434 lecimo ex hoc loco probat, animas sanctorum ante Christi adven¬
222 2539 1057 2574 quum ambulas per ignem, non ureris, & flamma non incendit te. Hoc
1070 2426 1862 2465 tum non fuisse in caelo, sed quod communiter Papistae tenent, ut hoc
1070 2460 1852 2499 loco Bellarminus fatetur, in limbo Patrum: hic vero eodem loco di¬
1071 2492 1862 2533 cit purgatorium doceri. Tertio rationes Bellarmini nihil probant,
1072 2526 1852 2565 quum Zacharias agat de captivitate Babylonica. Quario Augu¬
1069 2558 1862 2596 stinus epistol. 99. ad Evodium per infernum non intelligit purgato¬
1069 2591 1859 2630 rium, sed locum cruciandis impiis destinatum: & lib. 12. in Genesin
1079 2622 1867 2662 capite 33. nulla sit mentio purgatorii, sed inferni quo descendit anima
1082 2662 1874 2706 Christi sive essentia sive virtute sua, nam utrumque Augustinus in
1074 2692 1258 2737 medio relinquit
1104 2729 1855 2764 DECIMUS locus est Malach. 3. Ipse sedebit quasi ignis confaus
1073 2757 1862 2795 & purgabit filios Levi, & colabit eos, &c. Hunc locum exponunt de poe¬
1079 2792 1862 2831 na purgatoria Origenes homil. 6. in Exodum, S. Ambrosius in Ps. 36. B.
1083 2824 1861 2862 Augustinus lib. 20. de civitate Dei, c. 25. & B. Hieronymus in hunc lo¬
1075 2857 1855 2899 cum & quanquam poena illa purgatoria non est ea, de qua nunc agi¬
1070 2890 1865 2932 mus, nam illa purgabit viventes, nos autem agimus de poena mortuorum;
1080 2920 1866 2961 tamen inde recte infertur Purgatorium. Nam ideo tunc praecedet tribu¬
1074 2954 1861 2997 latio gravissima, & postea etiam ignis descendet, & purgabit celerrime
1081 2996 1867 3033 omnes reliquias peccatorum in hominibus iustis, quia, ut Ireneaus etiam
1076 3026 1856 3067 notat in fine lib. 5. tunc repente Ecclesia, quae est in terris, assumenda cri¬
1081 3055 1869 3102 ad sponsum, nec erit tempus purgationis ulterius, ut nunc est post mor¬
1087 3093 1293 3138 tem ante iudicium.
1107 3117 1872 3169 RESP. Locus hic impertinenter addugitur ad probandum pur¬
1089 3162 1861 3207 gatorium Papisticum. Nam purgatio haec de qua praedixit Malachias
1084 3192 1868 3229 primo ad culpam referenda, quam Pontificii in suum Purgatorium
1083 3224 1868 3268 ingredi nolunt nisi forte venialem, ut vult Bellarminus. Secundo, sit a
1088 3260 1600 3315 Christo: non ergo a fictitio igne purgatorio.
