2063 3485
147 221 979 274 Dei, sed propter suam gloriam: inteatio igitur ipsius mala erat. Saul
150 268 944 310 rex Israelitarum sinem bonum habebat in persequendis hostibus.
153 301 946 346 ut de ilis ultionem sumeret, sed eum duobus malis mediis defini¬
147 332 952 378 vit, nimirum interdicto necessarii cibi, & exsecratione, 1. Sam. 14. v.
153 367 956 411 25. Ubt Israelitae pressi sunt eodem die: quia exsecratione obstrinxit Saul
150 402 952 442 populum dicundo, malidictus esto vir ille qui comederit cibum usque ad
155 437 950 472 vesperam, nquedum ultionem sumsero de inimicis meis, neque gustavi
163 467 950 507 totus ille noculum cibum. Intentio igitur Saulis bona dici nequit
161 505 946 541 quia licet finis bonus esset, mediis tamen malis vitiata fuit. Idem sui
169 538 952 576 tulit Pythonissas e medio, sed fine malo, ut osteditur in Justini Mar¬
158 572 952 607 tyris Quet. & Respons. ad Orthodoxos, quaestione quinquagesima
162 600 950 644 secunda: proinde opus vitio Saulis corruptum fuit. Ita siquis furare
161 637 953 682 tur, ute remosynam daret is quidem finem benum sibi proponeres
163 667 968 710 sed quia medium pravum est, ideimco intentio bona dici non potest,
164 702 971 739 sed mala est: Si quis Missam Papanam & elevationem hostiae in lla¬
169 735 956 775 & imagines in templis retinet, ut aegre faciat aliis servis Christia
165 772 961 808 quibus in aliqua controversia dissentit, ejus intentio mala est & fini¬
169 806 973 845 & me tiorum respectu. Sacrisficuli Papistae fregerunt Rotomagi &
168 840 956 877 alib in Gallia imagines, & postea rumorem, quod ab haereticis fra
165 871 958 909 ctae essent, disseminatunt, eo fine ut populum ad seditionem & macta
166 906 970 938 tionem haere: icorum incitarent. Hic etsi fractio idolorum in se bona
159 937 961 972 esset, tamen ob accedentem calumniam & finem mediumque illicitur
159 972 962 1012 mala fuit. Finis erat, ut Reformati trucidaretur: medium, seditio & fu¬
172 1004 967 1045 ror populi, cujus opera sacrificuli abuti volebant & alicubi abutebam
165 1045 974 1079 tur. Intentio ergo ipsorum mala erat, etiam si sacrificuli affirmarent,
174 1070 971 1110 se bona intentione illud fecisse. Scribae & Pharisaei ut legitur Joh. 8.
184 1106 968 1135 1.3. & seqq. adduxerunt ad Christum mulierem in adulterio deprehens
171 1139 970 1178 sam, & quum statuissent eam in medio, dixerunt ei, Magister, haec mulier
177 1173 965 1209 di prehensa est in ipso facto, quum moecharetur. In Lege vero Moses prae
180 1203 968 1237 cepit nobis ut talus lapidentur: tu quid dicis? Hoc autem dicebant, ten
183 1237 983 1282 tantes eum, ut poss nt eum accusare. Iotentio ergo ipsorum mala erat,
183 1271 569 1315 ac proinde opus ipsorum malum
220 1300 974 1346 Bonum otus igitur intentio bona facit: intentionem fides actuali¬
178 1333 980 1377 dirigit: non enim sufficit fides in habitu, sed actu etiam credendum
183 1371 983 1416 est) fides a solo Verbo Dei pendet. Vere bonum opus est quo a
181 1406 974 1443 bono principio ortum ad bonum finem tendit. Mala autem intem
183 1439 984 1475 tio, ut & quodlibet aliud vitium reddit opus malum, quamvis ex ge¬
190 1470 443 1509 nere suo bonum esset,
219 1500 988 1541 Scholastici Theologi concedunt, quod fides intentionem regat,
187 1538 995 1577 eamque bonam reddat: sed errores addunt minime ferendos. Primum,
186 1576 980 1613 enim volunt, fidem non tantum a Verbo Dei pendere, sed etiam Pa¬
187 1613 992 1644 tribus & Conciliis inniti Deinde volunt, per bonam intentionem bo¬
180 1642 977 1680 na opera fieri meritoria, & quidem vitae aeternae. Tertio statuunt, o
196 1668 986 1716 bus reddi bonum, vel solam intentione bona habituali, quam in eo col¬
178 1709 998 1747 locant, ut si is, qui opus aliquod operatur, interrogetur, cur sic faciat
193 1740 986 1782 sit paratus respondere, quod illud faciat ad gloriam Dei, praesertin¬
194 1775 987 1818 cum in agendo non habuerit contrariam mentem seu repugnantem
193 1806 998 1842 voluntatem, etiamsi opus absque bono motu cordis factum sit: veluti
182 1839 982 1875 si quis precetur, Psalmos legat, e eemosynas det, tametsi de Deo nii¬
186 1874 981 1910 actu cogitet sic arbitrantur habitualem intetionem sufficere. Atqu
183 1901 976 1939 ista negligentia qua in faciendis bonis operibus de Deo & gloria ejt
184 1936 992 1977 non cogitatur, Dei madatum violatur, quod nos jubet diligere Deum
190 1969 989 2007 toto corde, tota anima, totis viribus. Quario putant satis esse, modo
190 2006 980 2046 in ipso boni operis initio de Deo & gloria ejus aliquid cogitetur, it
189 2038 992 2081 ut eo dirigatur, quod instituitur Atqui necesse est, ut non tantum bo¬
183 2062 988 2110 no initio auspicemur quicquid facimus, verum etiam in progressu
193 2100 986 2146 operis usque ad finem, Deum & gloriam ejus spectemus Qui desisti
196 2137 733 2178 a cogitationibus de Deo & gloria Dei, peccat,
234 2160 985 2210 VI. Excluditur desiderium gloriae propriae: Duobus aute modi¬
1002 2188 1019 2234 6.
200 2231 990 2285 gratiae Dei, sed suae virtuti assignant: vel dum laudari ab hominibus.
202 2268 989 2316 quaerunt. Cavendum igitur ne nobis adscribamus quicquid boni o¬
202 2301 983 2348 peris facimus, sed Deo solitimo firmiter teneamus, nulla nobis facul
202 2336 989 2379 tatem inesse posse voluntatis aut operis, nisi eam gratuito munere di¬
200 2367 995 2410 vinae miserationis acceperimus. Sciamus Deum in nobis operari &
208 2401 992 2442 velle & perficere pro bona voluntate. Ab illo poscamus voluntatis ex¬
208 2436 988 2476 ordium, ab ipso postulemus bonae operationis effectum, ab ipso per
208 2463 989 2508 severantiae donum petamus. Ne reputemus unquam, illius adjutoris
202 2500 989 2544 desistente aliquid posse nos boni velle seu fatere. Illum rogemus u
205 2565 1001 2610 monstet viam quam ambulemus. Ipsum obsecremus, ut gressus nostros
204 2603 943 2651 secundum verbum suum & opera manuum nostrarum dirigat.
244 2628 988 2678 Cavendum deinde ne in opere bono nobis adsit voluntas innote
208 2663 985 2710 scendi aliis hominibus, quod Christus monet Matt. 6. v 1. & seqe
208 2707 998 2743 Attindite ne eletmosynam vestram faciatis coram hominibus, ut spe¬
210 2733 1003 2780 ctemini ab eis: alioquin mercede non habebitis apud Patrem vestrum.
207 2770 1007 2814 qui est in caelis. Itaque quum praestabis eleemosynam ne curato buccina
208 2786 990 2841 cani coram te, sicut hypocrita faciunt in synagogis & in plateis, ut glori
210 2839 1000 2876 am consequantur ab hominibus: amen dico vobis, perceptam habent.
209 2864 1000 2908 mercede suam. Quum vero tu praestas eleemo;un n, ne noverit sinistra
207 2898 1004 2942 cua quid faciat dextera tua: Vt sit tua eleemosyna in occulto: Pater aute
211 2929 1000 2979 tuus qui te aspicit in occulto, reddet tibi in propatulo. Et quum orabis,
207 2961 998 3010 ne esto ut hypocritae: amant enim in conventibus & in angulis platea¬
217 3001 1001 3039 rum stantes orare, ut appareant hominibus: amen dico vobis, perceptam.
209 3030 1001 3077 habent mercedem suam. Tu vero qui orabis, introito in conclave tuum,
216 3074 1001 3115 & clauso ostio tuo ora Patrem tuum in occultos & Pater tuus qui te
213 3102 715 3146 aspicit in occulto, reddet tibi in propatulo, &c.
252 3128 1002 3179 Nisi ad honorem Dei pertineat, opus bonum innotescere aliis ho¬
216 3172 995 3214 minibus, ut idem Christus docet Matth 5. v. 16. Luceat lux vestra co¬
1012 3191 1036 3235 N
211 3237 1003 3278 lum vestrum qui est in caelis. 1. Pet. 2. 12. Vt pre eo quod obloquuntur
216 3260 1008 3314 vobis ut facinorosis, ex bonis operibus quae spectarint, glorisioent Deum
998 235 1813 284 die visitationis. Bona opera sic facienda sunt, ut non nosipsos, sed
1012 276 1802 319 Deum velimus in nostra operatione laudari. Laudari quide in bonis
1011 315 1811 354 operibus debes, sed in eo quod operatis, hominum laudes exspectare
1015 348 1810 394 non debes. Ita fiet ut dum tu laudem ab hominibus non quaesieris,
1020 376 1370 420 Deus laudetur in operibus tuis
1031 407 1804 450 In exercitio igitur & actione bonorum operum, ante omnia man
1016 443 1805 486 datum Dei sequendum: ita ex vera fide & ad solius Dei gloriam ope¬
1011 484 1813 516 randum, ut non tantummodo bonum opus, sed etiam bene opero¬
1017 511 1813 554 mur: nec similes fiamus non renatis, qui bonum male operantur, ac
1023 546 1705 582 proinde bonum quod operantur sit per accidens peccatum
1038 573 1816 618 Ex his patet quae sit recta censura bonorum operum. Nam multis
1011 605 1816 647 sua opera atque instituta videntur bona, quae tamen Deo non pro¬
1027 648 1811 686 bantur, quum non sint conformata ad praescriptum verbi Dei
1023 686 1811 721 quod Rex Salomon docet Proverb. 16. 2. his verbis: Quaelibet via¬
1026 716 1820 756 cum viri munda est, at ponderat spiritus Iehova. Sic de portatio
1017 748 1819 789 Arcae federis ex urbe Jeharimorum in urbem Jerosolymorum vi¬
1023 777 1804 814 tiata fuit modo seu forma deportationis, quod plaustro devecta fue
1023 813 1814 850 rit & temere ab Huzza manu comprehensa, quod utrumque verbo Dei
1024 846 1823 882 non erat consentaneum, 2 Sam. 6. & 1. Chron. 13. nam Sacerdotes.
1029 876 1432 914 Arcam humeris gestare debuerum.
1059 902 1825 946 Praetextus & opinio bonae intentionis non facit opus bonum: ut
1029 950 1826 987 quum Hugzza extendit manum ad arcam federis eamque prehendit,
1036 982 1815 1017 habuit opinione & praetextum bonae intentionis, ut retineret arcam
1032 1011 1828 1050 ne decideret e curru, sed opus ipsius propterea bonum non fuit, dum
1027 1045 1825 1087 contra legem Num. 4. v 11. tem sanctam attigit: ideo in eum Deus
1023 1082 1367 1115 animadvertit, 2. Sam. 6. v. 6, 7
1065 1113 1798 1167 Haec de conditionibus bonorum operum & cultus Dei:
1218 1156 1630 1205 sequitur distributio cultus Dei.
1068 1197 1590 1246 Cultus Dei vel immediatus est, vel mediatus.
1071 1238 1823 1284 Cultus Dei immediatus, est qui Deo praestatur immediate, exhi
1041 1270 1819 1318 bendo honorem ipsi soli debitum, qualis in prima Decalogi tabule
1035 1304 1163 1355 praecipitur?
1070 1332 1834 1386 Cultus Dei mediatus, est qui Deo praestatur mediate, faciendo ea
1035 1374 1567 1411 quae in secunda Decalogi tabula requiruntur.
1081 1403 1831 1451 Uterque tum internus est, tum externus. 1. Cor. 6. 20. Glorificate
1045 1441 1652 1475 Deum in corpore vestro& in spiritu vestro, quae sunt Dei
1070 1469 1831 1518 Internus. est motus seu actio cordis animive purificati sanguine
1056 1501 1447 1554 Christi, cum verbo Dei congruens.
1242 1541 1618 1607 Huic inprimis opera danda
1071 1597 1839 1641 I. Quia illum Deus maxime requitit, Prov 4. v 23. Supra omnem
1046 1633 1783 1671 observationem custodi cor tuum: nam exeo prodeunt actiones vitae.
1086 1668 1834 1704 II. Quia sine illo externus cultus Dei est mera hypocrisis, est pec¬
1051 1705 1835 1738 catum, & Deo displicet, Jes. 1. v. 11, 12, 13, 14, 15. Quorsum mihi multi¬
1053 1736 1835 1770 judo sacrificiorum vestrorum: dicit Iehova; Satur sum holocaustis arie¬
1052 1767 1832 1806 eum, & adipe pinguium: & sanguine juvencorum, agnorumque, & hirco¬
1051 1806 1843 1837 rum non delector. Quod advenitis, an ut compareatis in conspectu meo?
1050 1836 1847 1874 quis quaesicit hoc a manu vestra, ut conculcetis atria mea? Ne pergitote
1056 1863 1834 1907 fferre munus vanitatis, suffitus abominationi est mihi: novilunio, &
1041 1905 1841 1942 sabbatho convocando convocationem, non possum ferre iniquitatem, neque
1051 1935 1837 1975 nterdicti die Novilunia vestra, & statas ferias vestras odit anima mea,
1045 1961 1834 1997 sunt mihi laboriosae, defessus sum ferendo. Propterea expandentibus vo¬
1047 1992 1837 2028 bis manus vestras, occulto oculos meos a vobis, etiam quum uti mine mul¬
1052 2031 1835 2073 a oratione, non exaudio: manus vestrae caedibs. plenae sunt. Et c. 20. 13. Di¬
1044 2068 1832 2105 xit enim Dominus, proptercea quod appropinquans populus iste, ore suo
1042 2095 1828 2141 & labiis suis honorant me, cor autem suum procul amovet a me: estque
1047 2128 1834 2165 reverentia eorum erga me, quam praecepto hominum edocti sunt: Et ca¬
1050 2164 1838 2201 61. 8. odi rapinam corjunctam holocausto. & c. 66. 3. Qui jugulat beve
1048 2194 1834 2234 ac si percuteret virum: qui mactat parvam pecudem at si decollaret ca¬
1048 2227 1825 2261 nem, qui offert manus, ac si sanguinem porti, qui adolet thus ac si mune
1050 2260 1841 2298 raretur idolum. Matt. 15. 7, 8, 9. Hypocritae, bene de vobis prophetavit E¬
1048 2293 1839 2329 saias, dicens, Appropinquat mihi populus hic ore suo, & labus me hono¬
1050 2325 1834 2364 rat, cor autes eorum procul distat ame. Sed frustra me colunt, docentes
1059 2356 1466 2401 loctrinas quae sunt praecepta hominum
1080 2389 1835 2430 III. Quia sine interno cultu Dei externus nihil prodest, & pla¬
1053 2426 1829 2463 ne irritus est, sic ut infortunia ab hypocritis non arceat, etiamsi per
1063 2459 1835 2495 multos annos continuaretur: sicut Deus ait Jesa. 29. 1. & 1. Vae Arieli,
1062 2493 1826 2531 Arieli, urbi in qua castra metatus est David: adjicite annum ad annit
1063 2525 1828 2570 facrificiis festorum capita exsccent: Attamen angustabo Arielem, eritque
1058 2563 1591 2596 maeror & moestitia, quum erit mihi urbs ut Ariet
1083 2586 1832 2630 Externus cultus Dei, est motus seu actio externa seu opus externum
1060 2622 1763 2661 cum Lege Dei congruens, a corde fide purificato proficiscens.
1084 2653 1826 2699 Totus cultus Dei tam externus quam internus est spiritualis, qui
1048 2686 1834 2730 a spiritu nostro per Spiritum Sanctum, quo fideles aguntur renovato,
1053 2721 1839 2762 totus proficiscitur, Joh. 4. v. 23. Talis quaerit Deus anoratores, qui ado¬
1051 2764 1834 2794 rent eum in spiritu & veritate, id est, qui a spiritu Dei acti, omnia sin¬
1048 2793 1789 2834 cere, ex fide, secundum Dei voluntatem & ad ejus gliriam agant
1090 2831 1826 2874 Sed si externus cultus ab interno sit separatus & a spiritu non pro¬
1050 2863 1826 2907 ficiscatur, tum corporalis tantum est exercitatio quae ad pauca utili.
1063 2899 1832 2941 est. 1. Tim. 4. v. 8. Nam corporalis exercitatio ad pauca utilis est: ut pie¬
1052 2930 1842 2971 tas ad omnia utilis est, ut quae promissionem habeat vitae praesentis ac¬
1057 2970 1131 3016 fnturae
1081 2997 1844 3050 Eadem bona opera omnia comprehenduntur nomine obedientiae
1065 3044 1831 3081 Deo debitae, seu obedientiae Legis item justitiae universalis Christiana.
1053 3072 1832 3114 sed latiore significato quam in Philosophia Gentili Ethnica sumi¬
1053 3102 1832 3148 tur: item nomine justitiae Dei Jacob. 1. 20. quia Deus illam Lege sus
1061 3146 1838 3190 prer bit & a nobis requirit: item nomine sanctitatis: comprehen¬
1062 3168 1841 3222 dut: etiam nomine gratitudinis Deo debita pro liberatione seu rede¬
1068 3211 1328 3257 tione neftri per Christum
1097 3237 1844 3305 Nam obedientia Deo debita, seu obeduntia Legis, est habitus per¬
