2063 3380
258 157 1044 200 horreum, paleam aute exuret igni inextincto Et c. 12. 36, 37. Sed di¬
260 190 1041 229 co vobis, quodcunque verbum otiojum loquuti fuerint homines, de eo red¬
256 223 1040 266 dituros rationem in die judicii: Ex sermonibs enim tuis justificaboris, &
261 263 1033 299 ex sermonibus tuis condemnaberis. Et 25c. toto, ubi Christus tum bo¬
255 290 1050 332 na opera fidelium recenset, tum mala infidelium. Luc. 21. v. 34, 35.
264 330 1038 369 36 Cavete vobis nequando graventur corda vestra crapula & ebrieta.
268 360 1039 400 te, & solicitudinibus huius vitae: & repente vobis superveniat dies ille
271 389 1046 427 Nam ut laqueus invadet in omnes, qui habitat in superficie totius ter¬
271 426 1045 463 rae. Excubate igitur, omni tempore deprecantes ut digni habeamini quo
270 463 1033 501 effugiatis ista omnia quae futura sunt: & consistatis ante Filium hom¬
262 485 1045 530 nis. Act 17. v. 30, 31. Deus igitur temporibus istius ignorantiae conm¬
264 521 1045 562 vendo dissimulatis, nunc mandat omnib. ubique hominibus ut resipiscant
277 555 1051 594 Eo quod statuit diem quo juste judicaturus est orbem terrarum, per eum.
265 587 1058 628 virum quem definiit, fide ejus rei palaim facta omnibus, illo ex mortuis.
264 617 1048 662 suscitato. Act 24. v. 25. disserens Paulus coram Felice de iustitia &
271 653 1055 690 continentia, simul etiam disseruit de iudicio futero. 2. Cor. 4 14. Sci¬
260 686 1052 731 entes fore ut qui suscitavit Dominum Iesum, nos quoque per Iesum susci¬
271 720 1049 754 tet, & sistat vobiscum. Et cap. 5. v. 9, 10,11. Qua propter etiam conten¬
264 756 1046 792 dimus ut hic praesentes, & hinc absetes, ipsi placeamus. Omnes enim no¬
273 793 1051 827 manifestos fieri oportet coram tribunali Christi, ut unusquisque reportet
279 827 1050 862 quae in corpore fecerit, congruenter ad id quod fecerit, sive bonam, sive
276 852 1052 888 malum. Scientes igitur terrorem illum Domini, homines ad fidem ad¬
271 885 1049 926 ducimus, Deo autem manifesti sumus: & spero nos etiam conscientiis
279 917 1056 954 vestris manifestos esse. Tit 2. v. 12, 13. Erudiens nos ut abnegata impie¬
267 953 1052 990 tate & mundanis cupiditatibus, temperanter & iuste & pie vivamus
274 983 1061 1022 in praesenti seculo: Exspectantes beatam illam spem & illustrem illum
270 1023 1050 1061 adventum gloriae magni illius Dei acServatoris nostri, nempe Ie uChri¬
264 1058 1049 1094 sti. Heb. 10. v 25, 26, 27. Non deserentes aggregationem nostri mutus
270 1082 1049 1125 am, sicuti mos est quibusdam, sed adhortantes alii alios: idque eo magis
273 1124 1063 1157 quod videtis illum diem appropinquare. Nam si ultro peccaverimus
264 1150 1060 1193 post acceptam cognitionem veritatis, non adhuc pro peccatis reliqua est
267 1189 1057 1225 hostia: Sed horreda quaedam exspectatio iudici, & ignis fervor, qui de¬
274 1223 1055 1255 voraturus est adversarios. Jacob. 5. v. 7. 8, 9. Patiente igitur anime
273 1257 1051 1292 estote, fratres, usque ad Domini adventum. Ecce, agricola exspectat.
275 1286 1057 1325 pretiosum fructum terrae, patiente animo eum exspoctans, dum accipia
270 1320 1059 1355 pluviam matutinam & serotinam. Patiente animo estote & vos, &
273 1350 1057 1390 stabilite corda vestra, quoniam adventus Domini appropinquat. Ne su
273 1380 1064 1425 spirate alius adversus alium, fratres; ut ne condemnemini: ecce, iudex
266 1421 1067 1456 ante fores adstat. 1. Pet. 1 7. Et, si patrem cognominatis eum, qui citra
279 1449 1060 1484 personarum respectum tudicat ex cuiusque opere, cum timore versamino
269 1482 1061 1517 commorationis vestrae tempore. Et c. 4. v. 5. Qui reddituri sunt rationem
276 1514 1058 1551 ei qui paratus est ad judicandum vivos & mortuos. Et v. 7. Omnium
268 1555 1070 1587 autem finis imminet: Estote igitur temperantes & sobria ad preces. 2. Pet.
267 1588 1058 1623 3. 10. 11, 12, 13, 14. Veniit autem sicut fur in nocte dies ille Domini, qui
270 1618 1061 1651 caeli cum stridore praeteribunt, lemenia vero astuantia solventar, terra
272 1643 1067 1689 que & quae in ea sunt opero exurentur Quum igitur haec omnia dissel¬
266 1678 1061 1721 venda sint, quales eportet esse vos in sanctis conversationibus & pietatis
286 1709 1058 1752 ffitiis, Exspectantes & properantes ad advenatum diei Dei, in quo cael¬
282 1744 1058 1783 conflagrantes sosventur, & clementa astuantia liquescent? Sed caelos no¬
274 1777 1057 1814 vos ac terram novam secundue. promissum exspectamus, in quibus in
277 1809 1060 1850 stitia inhabitat. Qupropter dilcti, quum haec exspictetis, studete ut in
283 1848 1059 1888 contaminati & inculpati beo inviniamini eum pace. 1. Joh. 4. 17. Pe.
273 1873 1071 1914 hoc adimpl tur charitas nobiscum, ut fiduciam habeamus in die uudicii,
270 1916 1073 1951 quod qualis ille est, tales & nos sumus in hoc mundo Apoc. 1. v. 3. Beatus
269 1948 1072 1992 qui ligit, & beati qui audiunt verta prophetiae huius, & observant ea quae
268 1981 908 2020 in ea scripta sunt: praestitutum enim tempus illud: rope est,
307 2010 1059 2050 Chrysostomi locus homilia vigesimasecunda ad populum Antio¬
284 2038 1060 2079 chenum, dignus est qui huc adscribatur: Vt animam tuam velut Dei
277 2072 1069 2113 habitaculum praepares, memento horrendi multum, & tremendi illius
279 2109 1061 2141 dier, in quo omnes Christ. throno assistentes, rerum hic gestarum ratio¬
276 2141 1058 2179 nes reddemus, ante omnium oculo poccata nostra ponentur, & rursum
273 2176 1057 2212 revelobuntur, & ignorantibus ostendentur actiones, ubi ignis fluvius, &
276 2206 1064 2240 insopitus vermis, ubi omnia nuda & praecipitata. Ubi cordium nostrorum
275 2237 1063 2276 libri aperientur, & in medio marefeste logentur etiam occulta, nocturna, &
282 2274 1067 2316 diurna, ex gneraniia & oblivione facta, quae mebris effecimus, quaeque
280 2304 1063 2338 nunc latent revelabuntur. Cogita igitur, quod omnino nos hinc ad in¬
277 2340 1058 2378 fallibilem migrare iudicem oportet: ubi non tantum actiones, verum &
273 2373 1063 2407 verba, & cogitata iudicantur: ubi terribiles etiam eorum quae videntur
274 2406 1064 2450 esse parva, poenas dabimus. Haec semper recordare, & in extinctae nunqua
272 2435 1103 2476 obliviscaris flammae. Praevide venisatem iudicare vivos & mortuos. I
273 2474 1061 2507 Cogites Angelorum millia, & myriadas tunc tudici assistentes: nunc au¬
277 2508 1054 2538 ditus vocem tubarum, & tremendam illam condemnantu vocem prae
282 2539 1058 2578 veniat. Praevideat oculus hos quide velut zigania colligari, & in cliba¬
271 2568 1055 2610 nos proiici, alios manib, & pedibs. vinctos il exteriores mitti tenebras: &
277 2605 1067 2636 alios insopito vermi, & luctui, & dentiu stridori traditos: hunc quidem
282 2633 1067 2674 de intempestivo risu tudicar, huncvero quod proximum affecit iniuria,
274 2674 1068 2706 vel quod fratrem seandalizavit: hunc qu dem de incertis damnari cri¬
283 2703 1061 2737 minibs. hunc vero de otioso verbo poenas exigi: hunc vero de mala senten
283 2734 1070 2774 tia iudicium subire, hunc vero propter convicium regno exclud:quenda
273 2767 1064 2802 autem propter servatam iram intolerabilia patientem, illum vero in i¬
268 2798 1058 2834 gnominiam resurgentem aeternam:hos autem Christi cognitione priva¬
282 2833 1066 2872 ri, & audire, Amen dicovobis, nescio vos: quoniam fecerunt quae Christus.
277 2863 1059 2910 prohibuit. His igitur sic se habentibus quales nos oportet ess?vel quales e¬
288 2897 1061 2945 mittere lacrymas, & dicere: Quis dabi capiti meo aquam, & oculis meis
279 2925 1056 2975 fontem latrymarum, & lugebo dies ac noctes? Sed ut exspectatam effigis
280 2962 1057 2998 mus poeram, venite praeoccupemus facie Domini in confessione, & vitea
289 2988 1052 3042 diligentia propitiatio: es Domini Dei invocemus. In inferno (namque aun¬
298 3021 1059 3073 quis cofitebitur tibi Omnia nobis duplicia Deus dedit, duos oculos, duas
291 3056 1052 3103 aures, duas manus, duos pedes. Si gitur horum al erum laedatur, per al¬
279 3085 1089 3138 terum necessitatem consolamur. Animam ve¬o unam d dit nobis: si
282 3115 1061 3158 hanc perdiderimus quacunque vivomus? Huius igitur providentiam fa¬
284 3149 1064 3202 ciamus, nihil ipsius saluti praeferetes: quoniam haec etia est quae cum cor¬
1092 147 1895 199 pore iudicatur, & simul defenditur, & comparet ante Christi tribunat
1101 190 1898 229 Si tunc dixeris, pecuniae me allexerunt: dicit tibi iudex; Non audisti, que
1101 223 1904 257 utilitas, si quis totum mundum lucretur, animae autem suae decrimen¬
1098 259 1909 300 tum patiatur? Si dixeris, diabolus me decepit: dicet tibi & ipse, quod
1098 288 1897 329 nihil profuit Evae, quia dixit, serpens me decepit. Haec igitur mente ter
1110 323 1906 361 nentes, Venite excitemus nos ipsos priusquam obruamur, priusquamve¬
1113 355 1900 391 niat dies Domini magnus, & appareat, de quo Propheta dicit; Ecce ve¬
1107 387 1907 424 nit, & quis sustinebit, vel quis tolerabit diem adventus eius? Tremen¬
1111 422 1910 460 da dies illa tumultus, & tenebrarum. Sed dices. Quomodo igitur licet
1112 455 1900 494 praedicta mala effugere? dicum. Non tantum corpus tuum custodia¬
1105 491 1907 533 purum, sed cum mala passus benefeceris, si accuseris, continons sis &
1107 527 1909 564 patiens: cum ieiunaveris, ne glorieris: non enim ciborum absti¬
1104 563 1904 597 nentia ieiunium operatur, sed abstinentia peccatorum. Scriutare enim
1113 588 1904 627 Scripturas. Vide quomodo primum virgam nuceam videt propheta.
1113 623 1909 657 postea lebetem super ardentem, demonstrans quod non sustinentem vir¬
1105 655 1910 698 gae castigationem ignis suscipit. Sic & per Mosen demonstrabat ignis
1104 688 1911 726 columnam rebus ciamans, quod legem audiens, videt lucem, inobediens:
1106 719 1903 758 autem suscipit ignem. Legite Saivatoris Scripturas, & discite, quo-
1104 753 1900 793 modo cos hinc illuc migrantes adiuvare potest nemo. Non frater fra¬
1105 789 1914 826 trem redimet ex interminabilibus tormentis: non amicus amicum, non
1104 820 1909 864 parentes filios, non filiit parentes. Et quid dico homines miserabiles,
1119 853 1907 891 um neque si Noe veniat, & lob, & Daniel, tunc iudicantem exorare pos¬
1113 886 1898 922 sint? Sed dices: Unde horum demonstritio? Vide non indutum veste nu¬
1120 919 1910 959 ptiali ex sponsali domo expul sum, neminem pro illo intercedentem. Vide
1113 952 1907 997 talentum habentem creditum, & non negociatum, & quomodo pro ipse
1108 985 1901 1027 supplicat nemo. Respice mihi quinque virgines exclujas, & aequales pro i¬
1116 1017 1909 1061 psis non deprecatas, quas & stuitas Chr stus iuncuvavit, quontaus post.
1116 1050 1897 1089 calcatas uoluptate, post extinctum concupicertiae fornacem, est iiiu
1110 1089 1899 1125 nium, & lectum humi stratum & vigiliam, tunc stuitae sant inventae, &
1115 1121 1922 1160 mer to quide: propterea quod servato magno virginitatis munere
1123 1149 1914 1185 mandatum humilitatis parvum non coestodierunt. Vide mihi in tudi¬
1116 1183 1907 1228 cii die iudicem oves a de tris constituentem, & in fruct oses haedos a sit
1123 1225 1903 1259 nistris: & a dexiris quidem positis dicentem. Vecite benedicti Patris mei
1123 1249 1919 1291 accipite paratum vobisr gnum. A sinistris vero positos in tenebi as ex¬
1122 1284 1906 1322 teriores repellintem, & eictis posse iuccurrere neminem. Verus enin
1113 1321 1537 1364 sermo dicens: Ecce homo, & opus eius.
1156 1342 1904 1387 XVIII. Spes vicae ateruae, in qua perfectam imaginem Dei recu¬
1119 1385 1916 1427 perabimus & Deum videbimus, sicuti est.  Joh. . v. 2. & 3. Duecti,
1122 1420 1909 1463 nunc fiui Dei sumus, sed nondum manif stump ctum si qued erimus
1117 1446 1907 1489 scimus autem fore ut quum i, s factus fuerit manifestus, sim les ei sit
1114 1485 1918 1530 mus: quoniam videbimus eum sicuti est Et quisquis habet hanc spem in
1119 1509 1613 1563 eo, castum se conservet, sicut & ille castus ist
1159 1555 1876 1610 Tantum de prima causa instrumentali bonorum ope¬
1299 1597 1711 1648 rum, nimirum doctrina caelesti¬
1149 1629 1916 1674 Secunda causair strumetalis, est fides viva, per quam in justificatis
1119 1671 1907 1714 per Christum, & regeneratis per Spiritum Sanctum: producuntur ce
1122 1708 1911 1738 terae virtutes fidelium, & actiones bonae a virtutibusiilis inanines.
1131 1736 1914 1774 sicut dicitur Jac. 2. 22. quod fides sit administr i onorum operum Huc
1132 1772 1912 1811 pertinent loca . Pet. 1. 5. Qui virtutis Dei praesidio custodomini per sut
1117 1811 1915 1845 ad salutem paratam revelari praestituto tempore ultimo. 1 Joh. 2. v. 3, 4.
1119 1835 1913 1870 Et per hoc scimus quod ipsum novimus, si praecopta ipsius obserzemus.
1119 1866 1923 1910 Qui dicit, novi eum, & praecepta eius non observat, mendux est, & in eo
1122 1902 1921 1937 veritas non est. Et c. 3. v. 3. Et quisquis habet hanc spem in eo sitam, ca¬
1113 1932 1564 1980 stum, se conservat, sicut & ille castus est.
1149 1962 1913 2002 Fides autem est causa bonorum operum, non quatenus est qualitas
1129 2002 1910 2036 hobis inhaerens: sed quatenus est instrumentum appichendens Chri¬
1119 2033 1913 2068 stum, qui pe. Spiritum Sanctum non regenerat, reformat, sanctific at
1119 2069 1925 2103 atque imaginem Dei in nobis instautat. Act 15 v. 9. Nihi que discrevit
1112 2104 1723 2139 inter nos & illes, fide ab ipso purificatis cordibus eorum.
1148 2135 1918 2170 Eadem fides est causa bonorum operum non proxima, se remota.
1122 2161 1906 2202 Nam est proxima causa justificationis: deine est causa eorum qui
1125 2202 1916 2250 ustificationem consequuntur, nimirum regenerationis seu sanctifi¬
1122 2237 1465 2278 cationis & bonorum operum.
1146 2260 1913 2308 Omnia proinde opera quae fiunt absque fide Sunt mala, sunt peccata,
1113 2293 1918 2332 Rom 14 Et talia sunt omnia opera, quaecunque homines faciunt ante
1120 2333 1514 2378 justificationem suam coram Deo.
1155 2356 1907 2401 Tertia instrumentalis causa bonorum operum est natura nostra
1119 2403 1907 2442 per Spiritum Saectum regenerata, hoc est, homines ipsi regene
1117 2429 1904 2473 rati, qui sunt Dei instrumenta per quae is operatur, qui acti a Spi¬
1113 2464 1904 2500 ritu Sancto ipsi quoque agunt, ac proinde actionum bonarum i
1129 2501 1916 2539 psi quoque sunt causae cooperantes, Matthaei 3. versic 8. Forte igitur
1123 2528 1919 2573 fructus convenientes resipi, centiae. Ephes. 2. vers 10. Nam it sius su¬
1119 2568 1916 2604 mus opus, conditi in Christo Iesu ad opera bona, quae praeparivit Deus ut
1121 2596 1910 2634 in eis ambulemus. 2 Corinth. 5. versic. 17 Si quis igitur est in Christo.
1129 2628 1901 2672 nova creatura est: vetera praeterierunt: eice nova facta sunt omria
1129 2659 1907 2699 Roman. 6. versic. 4, 5, 6. Consepu ti sumus igituret per baptismum in
1124 2699 1910 2731 mortem: ut sicut suscitatus est Christus ex mortuis in gloriam Patris,
1123 2727 1916 2763 ita & nos nova vita ambulemus. Nam si cum eo plantati coaluimus
1121 2765 1909 2799 assimilatione mortis eius, nimirum etiam resurrectionis assimilatione.
1113 2795 1910 2828 cum eo coalescemus: Illud scientes, veterem illum nostum hominem cit
1119 2828 1910 2872 eo crucifixum esse, ut aboleatur corpus peccati, ne nos amplius serviamia
1113 2859 1328 2905 peccato. Gal 5. 22.
1143 2894 1660 2931 Agunt autem regenerati anima & corpore.
1142 2927 1918 2971 Anima quidem, dum mente, intellectu. voluntate & affectibus
1115 2965 1903 3003 sanctis Deo servium Legique ipsius, Roman. 7. versic. 25. Gra¬
1120 3002 1904 3042 tias ago Deo per Iesum Christum Dominum zostrum. Nempe igitus
1116 3032 1904 3073 ipse exo ment quidem servio Legi Dei, carne v so egi peccat: Libe
1117 3061 1910 3105 rum ergo arbitrium in renatis est causa efficiens instrumentalis bo¬
1111 3103 1907 3139 norum operum, sed quatenus liberatum per Christum & regenes
1114 3137 1900 3178 tatum per Spiritum Sanctum, & a gratia regenerationis semper ino¬
1119 3163 1566 3214 lum & adjutum aut potius promotum.
