2063 3516
203 166 1038 223 torum gratia plenior & evidentior infundatur. Non enim catechumeni:
204 212 1009 253 non credunt, aut vero Cornelius non credebat cum eleemosynis & oratio
210 245 1021 280 nibus dignum se praeberet cui angelus mitteretur: sed nullo modo ista ope¬
200 279 1003 323 raretur, nisi ante credidisset. Nullo modo autem credidissetnisi vel se
211 313 1011 361 cretis per visa mentis aut spiritus, vel manifestioribus per sensus corpori¬
201 346 1010 382 admonitionibus vocaretur. Sed in quibusdam tanta est gratia fidei quam
204 379 1019 422 ta non sufficit ad obtinendum regnum coelorum, sicut in Catechumenis,
202 412 1017 455 sicut in ipso Cornelio, antequam Sacramentorum participatione incor¬
207 447 1010 491 poraretur Ecclesiae. In quibusdam vero tanta est, ut iam corporiChristi &
207 482 1007 518 sancto Dei templo deputentur. Templum enim Dei sanctum est, inquit
204 517 1019 548 Apostolus, Johannis tertio, quod estis vos. Et ipse Dominus: Nisi quis na¬
203 545 1020 590 tus fuerit ex aqua & Spiritu Sancto, non intrabit in regnum caelorum.
195 578 1013 620 Fiunt ergo inchoationes quaedam fidei, conceptionibus similes, non tamen
208 611 1016 649 solum concipo, sed etiam nasci opus est, ut ad vitam perveniatur aeternam.
199 649 1019 685 Nihil horum tamen sine gratia misericordiae Dei, quia & opera si qua¬
204 684 1016 725 sunt bona, consequuntur ut dictum est, illam gratiam, non praecedunt.
196 721 1013 753 Deinde, GRECORIUS MAGNUS Papa Romanus, libro secundo
201 749 1007 796 super Ezechielem, homilia decimanona: Non virtutibus venitur ad fi¬
195 784 1016 826 dem, sed per fidem pertingitur ad virtutes. Cornelius enim Centurio, cu¬
195 818 1007 857 ius eleemosynae ante Baptismum, Angelo testante, laudatae sunt, non o¬
202 852 1018 886 peribus veuit ad sidem, sed fide venit ad opera. Nam & ei per Angelum
194 886 1020 925 dicitur: Orationes tuae & eleemosyna adscenderunt in conspectum Dei. Si
207 925 1011 957 enim Deum vere & ante baptismum non crediderat, quid orabat? ve¬
195 957 1009 996 quomodo hunc omnipotens Deus exaudierat, si non ab ipso se in boni¬
204 987 1003 1026 perfici petebat? Sciebat igitur creatorem omnium Deum, sed quod eius o¬
202 1028 1014 1065 mnipotens Filius incarnatus esset, ignorabat. Neque enim poterat bona a¬
195 1060 1003 1097 gere, nisi ante credidisset. Scriptum namque est: Sine fide impossibile est pla¬
193 1093 1007 1132 cere Deo. Fidem ergo habuit, cuius operationes & eleemosyna placere.
194 1124 1003 1163 potuerunt. Bona autem actione promeruit, ut Deum perfecte cognosceret
195 1157 1010 1197 Sincarnationis eius mysterium crederet, quater ad sacrametum baptismatis
192 1188 1007 1235 per veniret. Per fide ergo venit ad opera, sed per opera est solidatus in fide:
240 1224 1023 1263 IV. Act. 17. 23. Athenienses dicuntur ἔυσεζειν, id est, colere Deum
201 1252 763 1299 ignotum: qui tamen erant infideles & idololatrae.
221 1291 1007 1332 RESP. Homonymia committitur in verbo ἐυσερειν, quod ab Apo¬
201 1323 1016 1363 stolo usurpatur καια δοζαν, secundum opinionem Atheniensium, quo-
208 1358 545 1400 Christo lucrifacere cupiebat.
243 1388 1022 1430 V. Peccatis non est studendum: At virtutes Ethnicorum tales res fue¬
192 1424 1022 1467 runt, quibus Ethnici studere debuerunt: Ergo virtutes Ethnicorum non
200 1460 361 1507 sunt peccata.
232 1484 1022 1531 RESP. Concedo totum, si conclusio sic intelligatur, virtutes Ethni¬
205 1527 1013 1564 eorum non esse peccata per se. Si vero sic accipiatur, virtutes Ethni¬
200 1565 1024 1604 corum nec per se nec per accidens esse peccata, negatur, quia plus tum
198 1594 1017 1632 erit in conclusione, quam in premissis Maior enim nonnisi de iis qua¬
207 1634 1013 1672 per se peccata sunt, recte intelligi potest, hoc est de iis, quae contra proe¬
197 1663 1019 1701 cepta Dei admittuntur. Sic autem intellecta maiore, manifestum est
195 1697 1015 1737 hoc tantum sequi, quod virtutes Ethnicorum non sint per se peccata.
205 1739 703 1774 etiamsi interea fiant peccata per accidens.
234 1753 1016 1808 VI. Qui muita praeclava opera faciunt, eorum virtutes non sunt pec¬
195 1794 838 1838 cata: Ethnici multa praeclata opera faciunt: Ergo, &c.
240 1818 1015 1873 RESP. Faciunt praeclara opera ex parte, non ex toto secundum
210 1864 451 1914 quid, non simpliciter
243 1896 1009 1938 VII. Qui agunt secundum veras notitias de Deo & uoluntate eius.
205 1937 1022 1970 atque vita recre instituenda, & secundum rectae rationis iudicium: eorum.
198 1960 1023 2003 virtutes non sunt peccata: At Ethnici egerunt secundum veras notitias
200 2003 614 2043 de Deo. &c Rom 2. 14. Ergo, &c.
231 2028 1003 2070 RESP. Qui agunt secundum veras notitias de Deo, &c. nimirum
198 2059 1016 2099 integras & sufficietes, & ex vera fide atque hoc fine principali, ut Deus
204 2095 1003 2138 honore afficiatur: & si voluntas atque affectus rectae rationis iudicio ob
205 2132 1009 2169 temperent. At Ethnicos egisse secundum veras notitias de Deo, &c.
199 2162 1003 2202 integras & sufficientes, & vera fide, atque hoc fine principali, ut Deus
207 2205 1009 2236 honore afficeretur, negatur. Juxta notitias post lapsum in mentibus
198 2228 1019 2268 non regenitorum reliquas, Deus recte coli non potest, nisi accedat,
207 2268 1009 2310 agnitio Dei & voluntatis divina ex verbo Dei Ecclesiae tradito. De¬
196 2297 1003 2335 inde homines non instituti in Ecclesia assuunt multa falsa veris noti¬
202 2329 1007 2374 tiis naturae impressis, & erroribus peccata cumulant. Ad haec volunta¬
212 2362 1015 2410 is & affectuum in non renatis ea est contra iudicium rectae rationis
208 2401 1009 2440 contumacia, ut ne naturalib. quide notitiis, ne dum iis quae ex verbo
206 2435 1009 2482 Dei debent accedere, obtemperent: unde illa querela; Video meliora
195 2470 509 2521 proboque. Detertora sequos
238 2490 1012 2546 VIII Quicquid a Deo praeceptum est, id peccatum non est: At vir¬
201 2542 755 2577 tutes Ethnicorum a Deo praeceptae sunt: Ergo: &c.
243 2556 1007 2610 RESP. Quicquid a Deo praeceptum est, id peccatum non est?
205 2599 1009 2643 videlicet quatenus praeceptum est, ac proinde per se; & nisi accedat ali¬
213 2637 1012 2683 quid propter quod sit peccatum. At virtutes Ethnicorum esse a Deo
214 2673 1007 2710 praeceptas, conceditur, sed nihil ad eas accessisse propter quod in pec-
213 2700 1018 2741 catorum censu haberi debeant, negatur. Deinde non omnes virtutes.
210 2733 1005 2775 Ethnicorum a Deo praeceptae sunt, ut magnanimitas & magnificen¬
201 2771 767 2818 tia, quemadmodum ab Aristotele describuntur?
249 2788 1012 2841 X. Dona Dei non sunt peccata: Virtutes Ethnicorum sunt dona Dei.
210 2841 1009 2878 ut conversio & continentia Polemonis, qui Xenocratis oratione permo¬
200 2870 1018 2915 tus ex ebrioso atque ebrio repente modestus & temperans cuasit, Ergo, &c.
237 2904 1004 2948 RESPON. Dona Dei non sunt peccata, scilicet per se, si absque de
206 2940 1018 2986 pravatione maneant: nam virtutes Ethnicorum esse dona DEI,
210 2967 983 3017 concedimus: sed ea absque depravatione mansisse negamus.
245 3004 1015 3046 X. Res bonae non sunt peccata: Virtutes Ethnicorum sunt res bonae: Ergo.
236 3041 1012 3082 RESPONPEO. Res bonae, videlicet, quae non tantum sub¬
207 3068 1012 3114 stantia sua bonae sunt, sed etiam bene siunt, quod ad modum attinet.
210 3106 1022 3159 non sunt peccata. At virtutes Ethnicorum, quoad modum benefa¬
210 3142 481 3180 ctas fuiss:, imus inficias
237 3159 1048 3211 XI. Quaecunque inerito & recte laudamus atque admiramur, ea non
206 3201 1019 3250 sunt peccata: Virtutes Ethicorum merito & recte laudamus atque admi¬
206 3244 356 3290 ramur, Ergo.
1146 178 1902 247 RESPON. ad Maiorem, non sunt peccata, nimirum, si per omnia
1146 220 1902 275 ondeant voluntati divine: Bonitas enini rerum non est probanda
1158 246 1915 322 estro iudicio. Sed virtutes Ethnicorum non respondent per omnia
1172 282 1293 323 e voluntatis
1182 317 1908 382 I. Quicquid Deus amplissime remuneratur in hac vita per mo¬
1180 352 1906 411 stitiae, id non est percatum: Virtutes Ethnicorum Deus am¬
1188 384 1888 444 in hac vita remuneratur per modum iustitiae: Ezechielis trige¬
1192 419 1897 473 lebucadnetzari in praemium expugnatae Tyri promittitur AE¬
1209 450 1906 506 ugustinus libro quinto, de Civitate Dei, capite decimoquin¬
1203 492 1904 548 orum virtutibus, ait, imperium mundi loco praemii datum. Er¬
1218 517 1565 566 Ethnicorum non sunt peccata.
1237 557 1897 606 N. ad maiorem, eam universaliter intellectam, nequa¬
1249 591 1898 645 esse: merces enim terrena non semper veram virtutem
1251 628 1885 679 bonnisi rerum caducarum est, quas Deus tam reprobis
1254 659 1889 716 promiscue largitur: illae autem verae virtutes sunt, qua¬
1269 696 1888 747 traemiis dignatur: virtutes autem illae sunt verae quarum
1275 725 1897 777 Christus est, quae ex fide in Christum & ad gloriam
1275 757 1896 812 vincit id apertissime sententia quam Christus in ulti¬
1290 792 1887 846 abit, ut videre est Matth. 25. vers. 35. & sequentibus
1065 823 1886 877 Iam quod ad min orem attinet, virtutes Ethnicorum ut Nebucadnet.
1068 860 1891 908 zaris, ut Romanor um mercedem quidem a Deo habuerunt: sed illa
1074 895 1894 946 merces huius bres is vitae finibus & bonorum periturorum praemiis
1080 928 1898 980 continetur Estque, hoc insigne iustitiae Dei documentum, quod non
1065 962 1888 1010 modo veras virtutes: aeternis praeiiis, sed virtutum etiam imagine
1058 1002 1886 1048 ample in hac vita rei nuneratur, ne etiam infideles de summi & ver¬
1077 1026 1885 1082 Dei iustitia conquerat itur: perceperunt enim mercedem suam. Adhaec
1076 1068 1895 1122 quaecunque bona mora lia sunt in Gentilib. etiam dona Dei sunt: DEUS,
1077 1095 1376 1138 autem coronat dona sus 2.
1189 1148 1790 1223 Tantum de bonorum operum subiecto δεἰlικς.
1113 1212 1881 1271 Eadem in omni loco e xerceri debent, publice & privatim, Ps. 119.
1082 1259 1877 1307 46. Et loquar de testimoniiis tuis, coram Regibus, neque erubescam. Et v. 5.
1082 1289 1888 1331 Psallendi argumenta esse mahi statuta tua, in loco peregrinationum mea¬
1079 1325 1883 1365 rum: Et 63. Socius sum om nibus qui reuerentur te, & observantibsmans
1075 1358 1889 1403 data tua. Et v. 74. Timentes tui videant me & laetentur, quod in verbo
1074 1389 1891 1435 tuo exspectationem habeam, Matth. 5. v.16. Ita splendeat lux vestra coram
1075 1417 1885 1466 hominibus, ut videant vestra bona opera, glorificentque Patrem illum ve¬
1084 1453 1896 1505 strum, qui est in coelis. Iohannis 3. v. 20, 21. Quisquis enim quae mala sunt:
1078 1492 1883 1538 agit, odit lucem, nec venit ad lucem, ne arguantur opera ipsius: Qui vero
1086 1522 1886 1572 dat operam veritati, venit ad lucem: ut manifesta fiat opera ipsius, quod
1071 1550 1886 1598 secundum Deum facta fuerint. Roman. 12. v. 17. Nemini malum pro¬
1086 1589 1889 1633 nalo vicissim reddentes. Procurantes honesta in omnium hominum con¬
1075 1619 1888 1665 spectu, 1: Petr. 2 vers. 11. 12. Dilecti precor, ut tanquam inquilini & ad¬
1070 1657 1883 1698 venae abstineatis a carnis cupiditatibus, quae militant adversus animam,
1071 1693 1896 1739 conversationem vestram habentes honestam inter Gentes. Ut pro eo quod
1079 1726 1884 1771 obloquuntur vobis ut facinorosis, ex bonis operibus quae spectarint, glorifi¬
1074 1752 1386 1795 cent Deum die visitationis,
1101 1786 1888 1832 Sunt autem bona opera primo & praecipue in corde, unde effecta
1073 1828 1877 1865 eorum prodeunt: sicut opposita vitia itidem in corde sunt praecipue &
1077 1860 1880 1906 primario, unde vitiosae actiones prodeunt, ut Christus docet Matth.
1080 1890 1219 1937 15. ver. 18, 19.
1106 1917 1875 1969 Porro bona opera lege praecepta requirit Deus in omnibus homi¬
1071 1953 1883 2005 nibus, in-primis autem in illis quae praesunt populo Dei in regimine
1071 1989 1877 2044 Ecclesiastico & Politico, id est, in Ministris Ecclesiae & Magistratu po¬
1065 2018 1129 2058 litico¬
1097 2051 1873 2104 Ministros Ecclesiae oportere prae aliis omnibus bonorum operum
1066 2084 1631 2123 studio excellere, argumenta subjecta confirmant
1084 2124 1879 2170 I. Quia illis hoc Deus peculiariter iniunxit, I. Timoth. 3. versi. 2. &
1068 2149 1876 2199 seqq. Et cap. 6. v. 11: & 12. tu vero o homo Dei, ista fuge: sectare autem
1075 2192 1870 2229 ustitiam, pietatem, fidem, charitatem, tolerantiam, lenitatem. Decerta
1060 2228 1870 2262 praeclavum illud certamenfidei: apprehende vitam aeternam, ad quam &
1062 2260 1867 2298 vocatus es, & professus praeclavam illam professionem coram multis testi¬
1062 2284 1404 2332 bus. Tit. 1. v. 6. & sequentibus
1102 2316 1865 2366 II. Quia ipsi aliis exemplo praeclaro praeire debent, Matth. 5. 13, 14.
1062 2357 1865 2409 15, 16. 1. Tim. 4. 12. Esto exemplar fidelium in sermone, in conversatione,
1065 2385 1547 2423 in charitate, in spiritu, in fide, in castitate
1088 2419 1873 2465 III. Quia ipsi cavere debent, ne aliis scandalum praebeat. Nam sacerdotes
1066 2453 1859 2498 serosolymitanos reprehedit Deus, quod scadala daret, Malach. 2. v. 8.
1100 2490 1859 2535 IV. Quia illis obsequentibus promissa sunt a Deo ingentia prae¬
1072 2523 1861 2557 mia 2. Timoth. 4. v. 7, 8. Certamen illud praeclavum decertavi, cursum
1071 2554 1868 2596 consummavi, fidem servavi. Quod reliquum est, reposita est mihi iustitiae
1064 2597 1859 2632 corona, quam reddet mihi Dominus in illo die, iustus ille iudex: non solum¬
1081 2623 1870 2674 autem mihi, sed & omnibus qui expetiverint illustrem illum ipsius ad¬
1075 2657 1160 2698 ventum
1107 2686 1868 2730 V. Quia ipsis immorigeris paratae sunt graves poenae temporales.
1070 2724 1856 2762 & aeternae: Nam ipsorum ministerium Deo ingratum & Ecclesiae in
1065 2758 1853 2796 utile est, Malach. 1. 8. & c. 2. v. 2. inopia & contemtu totius populi pu¬
1077 2788 1352 2828 niuntur. Malach. 2. v. 3. 5.
1102 2825 1862 2864 Res & personae circa quas studium bonorum operum occupatur.
1072 2857 1874 2904 pro cuiusque operis ratione variantur, ut videre est Romanorum duo¬
1066 2887 1358 2930 decimo & decimotertio¬
1314 2981 1640 3048 CAPUT VIII.
1196 3053 1742 3114 In quo de adiunctis bonorum operum.
1149 3123 1871 3178 DJUNCTA bonorum operum nostrorum sunt duplicia: alia si
1149 3164 1786 3202 opera illa in se spectemus: alia si ea relate consideremus
1182 3195 1862 3241 Bona opera nostra in se, in hac vita sunt omnia tum imper¬
1064 3226 1291 3283 fecta, tum impura.
