2063 3510
183 189 1007 245 Nam gloriatio nostra haec est, testimonium conscientiae nostrae, quod cum
182 236 1016 289 simplicitate & sinceritate Dei, non cum sapientia carnali, sed cum gratia
192 276 1005 322 Dei versati sumus in mundo, plurimum autem apud vos. Et cap. 7. v. 12.
189 307 1012 354 Itaque et si scripsi vobis, non scripsi vobis eius respectu qui iniuriam fecerat,
186 346 1004 385 nec eius respectu qui iniuria affectus fuerat: sed ut apud vos manifestum
177 379 1004 424 fieret studium illud nostrum pro vobis in conspectu Dei. Et cap. 11. 3. Sec¬
189 412 1007 453 metuo ne quo modo, sicut serpens ille Evam seduxit calliditate sua, ita;
183 445 983 498 corruptae cogitationes vestrae degenerent a simplicitate quae est in Christo.
223 472 552 518 Eique summe studendum
223 506 538 550 I. Quia a Deo mandatur.
232 542 1009 593 II. Quia securitatem affert, Prov. 10. 9. Qui ambulat in integritate,
188 570 360 617 ambulat secure.
221 605 1013 654 Hilaritas, est per quam sponte & libenter cum gaudio obedimus
187 647 1001 692 praeceptis Dei. Psal. 40. 9. Facere uoluntatem tuam, Deus mi, delector
187 681 1013 723 & Lex tua est in visceribus meis. Et Psal. 105. 3. Laudibus vos efferte in
176 717 1009 749 nomine sancto eius, laetetur animus quaerentium Iehovam. Et 110. 3. Po¬
187 749 1008 781 puli tui oblationes uoluntariae die copiarum tuarum in decoris locis san¬
176 786 997 824 ctitatis inde ab utero, futuraesunt: tibi aderit ros iuventae tuae accuratissi
183 819 1012 853 me. Et I19. 14. De via testimoniorum tuorum gaudeo, ut super omnibus.
178 852 1031 900 opibus. Jes. 64. 5. Occurris gaudenti & exercenti iustitiam, id est, ei qui
178 883 1009 922 cum gaudio incumbit iustitiae. Colossens. 3. 23. Quicquid feceritis, ex a¬
187 917 1007 962 nimo praestate, tanquam Domino, & non hominibus. 1. Petr. 1. 13. Qua¬
190 949 1013 985 propter succincti lumbis mentis vestrae, sobrij ad finem usque sperate in e¬
187 981 1009 1026 am quae vobis defertur gratiam, quum revelabitur Iesus Christus, I. Thess.
189 1017 473 1060 5.16. Semper gaudete
216 1049 1003 1090 Ei opponitur praecipitantia & coactio: illa ut disparata, haec ut con¬
190 1082 260 1126 traria.
222 1105 1010 1154 Praecipitantia, est inconsideratus impetus aliquid faciendi sub prae¬
183 1155 1007 1191 textu obediendi Deo, cum tamen nondum cognoveris, an id quod facis
182 1185 1037 1234 a Deo sit praeceptum. Qualis est in idololatris, qui propensi sunt & hi¬
186 1220 985 1259 lares ad exercendam idolomaniam & quaevis a sacrificulis praecepta.
216 1252 1013 1309 Coactio, est quum quis invitus obedit vel metu poenae vel pudore co¬
184 1291 845 1330 ram aliis: ideo talis quoque obedientia Deo ingrata est.
213 1323 1011 1355 CONSEQUENTIA adjuncta bonorum operum nostri respe¬
180 1357 1006 1401 ctu sunt, studium excellendi in bonis operibus & constantia in obsequid
187 1390 242 1433 Dei.
225 1426 1003 1467 Studium excellendi in bonis operibs est, cum enitimur in illis magis a¬
182 1459 1016 1499 magis excellere, ac cum alios tum nos ipsos quotidie superate, I. Thess¬
185 1493 1006 1531 4. vers. 1. Quod reliquum est igitur, fratres, rogamus vos & precamur pe¬
184 1527 1037 1562 Dominum Iesum, ut sicut accepistis a nobis quomodo oporteat vos ambu¬
179 1560 1015 1595 lare, & placere Deo, magis excellatis. Tit. 3. 1. Ipsis suggere, ut sese subiici¬
189 1596 1008 1628 ant principatibus ac potestatibus, ut obtemperent, ut ad omne opus bonum
178 1626 314 1674 sint parati.
224 1652 1005 1700 constantia in obsequio Dei, est perpetua voluntas ac studium conti¬
189 1695 1003 1730 nuum obediendi verbo Dei: seu est in Verbi Divini obedientia perman¬
185 1729 1010 1763 sio stabilis etiam in persecutionibus, Dan. 1. v. 8. Statuens Daniel cum
184 1767 1005 1806 animo suo, ut non contaminaret se portione cibi regii & vino potionum ex
187 1797 1000 1832 ius: requisivit a principe aulicorum, ut non contaminaret se. Psal. 119.
189 1837 1010 1872 17. Beneficium confer in servum tuum. Et v. 33. Doce me, Iehova, viam
192 1862 1005 1905 statutorum tuorum, quam custodiam in finem usque. Et v. 44,. 45. E¬
183 1896 1011 1938 observabo legem tua iugiter, in saculum & sempiternum: Indesinenterque
180 1937 1007 1972 ambulabo in ipsa latitudine, quia mandata tua quaero. Item vers. 51. 61.
189 1963 998 1995 Superbis deridentibus me admodum, a lege tua me non declinare. Tur
190 1996 1007 2035 bis improborum dispoliantibus me: legis tuae non obliviscor. Et v. 83, 87.
192 2034 997 2069 Quamvis sim similis utri ad fumum: statutorum tuorum non oblitus sum
183 2062 1000 2102 Propemodum consumserunt me deiectum in terram: ego vero non derelis
183 2093 1002 2140 qui mandata tua. Et v 95, 97. Me exspectantibus improbis ad perdendum
183 2134 998 2168 me, testimonia tua cosidero. Quam diligo legem tuam:toto die est medita
188 2169 985 2205 tio mea. Et vers. 109. 110. Anima mea in manu mea iugiter versante
187 2198 1002 2235 tamen legis tuae non obliviscor. Ponentibus improbis laqueum mihi,a
184 2232 995 2273 mandatis tuis non aberro. Exempla. David constans fuit in proposi
199 2267 1010 2299 to non interficiendi Saulem quamvis hostem. Christus Dominus
193 2300 911 2345 constanter dilexit suos discipulos usque ad mortem Johan. 13.
230 2326 994 2371 Ei opponitur inconstantia in obsequio Dei, & pervicacia in peccatis
234 2362 1000 2402 inconstantia in obsequio Dei, est levitas animi temerarie deferenti
194 2402 770 2442 exercitia bonorum operum a Deo mandatorum.
224 2435 1005 2477 Pervicacia in peccatis, est durities animi refractarii Deo & verbo e¬
184 2465 902 2511 ius permanens in flagitiis & sceleribus contra conscientiam.
219 2515 986 2576 Hactenus dictum est de bonorum operum adiunctis nostri
318 2559 927 2619 respectu: sequitur de adiunctis corundem pro¬
523 2601 708 2655 ximi respectu.
231 2653 1004 2697 Adiuncta bonorum operum proximi respectu sunt: studium placen¬
199 2685 834 2730 di proximo ad aedificationem & cura vitandei scandala.
483 2747 746 2807 CAPUT IX.
318 2805 908 2866 In quo de dissentaneis bonorum operum.
234 2859 1028 2904 TIDISSENTANEA bonorum operum nostrorum spectes, PRi¬
244 2894 1010 2939 Mo, opponuntur bonis operibus mala opera, quae & peccata appel¬
246 2930 950 2968 lantur: item inobedientia erga Deum, iniustitia universalis.
236 2957 1025 3002 Porro peccata omnia nobis diligenter sunt fugienda: ut rationes
204 2997 441 3038 subjectae ostendunt:
240 3019 1020 3072 I. Quia a Deo prohibentur: ut ex Decalogo & aliis Scripturis patet:
230 3064 1028 3106 II. Quia multa mala homini pariunt. Num accendunt iram Dei in
214 3103 1015 3141 peccantes, Jesa. 64. 5. En tis effervescis quum peccamus: separant a Deo
195 3130 1022 3179 Jesa. 59. 2. Iniquitates vestrae disterminant inter vos & Deum vestrum: &
194 3164 1013 3213 peccata vestra faciunt ut occultet faciem a vobis, ne exaudiat: maledi
201 3191 1023 3238 ctionem Iehovae attrahunt, Proverb. 3. 33. Exsecratio Iehovai cumbit
205 3238 1015 3271 domut improbi, at habitaculo iustorum benedicitur: sunt causa morho¬
195 3261 1029 3315 rum, Deut. 28. 38. 59, 60, 61. Joh. 5. v. 14. Ne pecca amplius, ceiie i vd
1032 204 1881 267 A deterius tibi fiat. Ut ventus auferunt nos, Jesa. 64. versic. 6. dissolvunt
1059 251 1871 294 nos, Jesa. 64. v. 7. faciunt ut Deus non exaudiat preces, Jesa. 1. vers. 15. &
1065 290 1871 331 cap. 59. 2, 3. Quisque propter iniquitatem suam morietur: omnis hominis
1074 324 1866 368 qui comederit omphacen, obstupescent dentes ipsius, Jerem. 31. vers. 30.
1073 346 1868 403 Ezechiel 18. vers. 4. anima quae peccat, ipsa morietur. Et vers. 11, & seqqu.
1064 379 1874 435 Excludunt non resipiscentes haereditate regni Dei, Galat. 5. 19, 20, 21.
1069 414 1876 461 Porro manifesta sunt opera carnis: quae sunt, adulterium, scortatio, im¬
1065 454 1869 495 puritas, lascivia, idololatria, veneficium, inimicitiae, lites, aemulationes, ex¬
1063 492 1874 534 candescentiae, rixae, dissidia, haereses, invidiae, caedes, ebrietates, commessatio¬
1064 521 1874 576 nes, & his similia, quae praedico vobis, prout etiam praedixi: eos videlicet qui
1059 549 1502 586 talia agunt, regni Dei non fore haeredes:
1099 582 1874 640 III Quia peccatis mortui sumus, Roman. 6. Absit: qui mortui su¬
1065 619 1556 655 mus peccato, quomodo adhuc vivemus in eo
1094 653 1874 694 IV. Quia peccati non amplius servi sumus Rom. 6. vers. 14. & se¬
1070 684 1863 733 quentibus: Peccatum vobis non dominabitur: non enim estis sub Lege.
1060 722 1870 762 sed sub Gratia: Quid igitur? peccabimus, quod non simus sub Lege, sed sub¬
1059 755 1871 791 Gratia? Absit. An nescitis quod cui sistitis vos servos ad obediendum, eius
1069 785 1874 826 servi estis cui auscultatis, sive peccati ad mortem sive obedientiae ad iusti¬
1052 818 1868 857 tiam? Gratia autem habetor Deo, quod fuistis quidem servi peccati, sed ex
1058 854 1867 906 corde auscultastis ei formae doctrinae in quam estis traditi. Et liberati e¬
1059 884 1446 933 peccato, servi facti estis iustitiae, &c.
1098 917 1886 970 V. Quia abominationi sunt Deo, Proverb. 3. vers. 32. Abominationis
1068 949 1700 1002 est Iehovae praefractus: apud rectos autem arcanum eius est
1101 982 1867 1031 VI. Quia ab eis sumus purgati sanguine IESUCHRISTI, 1. Iole
1065 1022 1876 1067 1. 7. Ne igitur nos iis denuo polluamus. I. Petri quarto, versiculo
1058 1056 1130 1101 primo.
1102 1078 1874 1126 VII. Quia sunt nobis remissa & condonata a Deo. Psal. N3o. 4.
1071 1116 1879 1171 Nam apud te est condonatio, ut reverenter colaris. 1. Joh. 2. 1. Filioli mei,
1069 1154 1869 1198 haec scribo vobis, nempe quod peccata vobis siut remissa, ut ne peccetis
1075 1186 1880 1229 Cui debita remissa sunt, operam dare debet, ne nova debita contra¬
1059 1216 1101 1257 hat
1105 1235 1871 1293 VIII. Quia sumus in communione Christi, nobis ergo non pec-
1067 1286 1874 1331 candum, 1. Johan. 3. 6. Quisquis in eo manet, non peccat: quisquis peccat,
1066 1325 1874 1364 non vidit eum, neque novit eum. Exod. 23. 21. Cave tibi ob praesentiam eius.
1077 1355 1870 1397 S ausculta voci eius, ne exacerbes eum: quia non feret defectionem ve¬
1069 1387 1445 1428 stram, quia nomen meum est in eo
1100 1412 1877 1460 IX. Quia sunt opera carnis, Galat. 5. vers. 19. Porro manifesta sunt
1065 1456 1826 1498 opera carnis: quae sunt, adulterium, scortatio, impuritas, lascivia, &c.
1095 1488 1874 1531 X. Quia cum filiali timore Dei nequeunt consistere, Exodi vigesi¬
1059 1524 1874 1562 mo, versiculo vigesimo. Edixit vero Moses populo ipsi, ne timeatis, nam
1068 1556 1877 1597 ut tentaret vos venit Deus ipse, & ut sit timor eius ante faciem vestram,
1068 1588 1183 1630 ne peccetis:
1102 1610 1883 1674 XI. Quia arguunt ignorantiam Dei, Johan. 3. v. 11. Qui male agit
1069 1653 1262 1699 non vidit Deum.
1097 1684 1877 1729 XII. Quia nimium multa iam a nobis commissa sunt, quibus res
1058 1719 1877 1763 sumus coram Deo: non igitur alia peccata sunt addenda & novis scele¬
1067 1755 1886 1795 ribus cumulanda. Hoc argumento utitur Propheta Hoded ad Israeli¬
1075 1794 1728 1836 as, 2. Chr. 28. 10, 11, item primores Ephrajimitatum v. 13.
1097 1828 1876 1869 XIII. Quia militant adversus animam, 1. Pet. 2. 11. Cupiditates
1075 1853 1883 1892 iarnis blandiuntur quidem nobis, sed tamen salutem nostram non de¬
1069 1892 1277 1936 sinunt oppugnare.
1092 1917 1882 1963 XIV. Quia peccato servientes, sunt ex diabolo, I. Ioh. 3. 8. Qui dac
1068 1953 1814 2003 operam peccato, ex diabolo est: quoniam a principio diabolus peccat.
1095 1985 1877 2026 XV. Quia peccati vitatio est signum regenerationis per Spiritum
1067 2018 1874 2058 Sanctum, 1. Ioh. 3. 9, 10. Quisquis natus est ex Deo, peccato non dat ope¬
1056 2055 1883 2091 ram: quoniam semen ipsius in eo manetinec potest peccare, eo quod ex Deo.
1065 2088 1873 2125 natus est. Per hoc manifesti sunt filii Dei & filiiDiaboli, quisquis non dat
1062 2125 1778 2171 operam iustitiae, non est ex Deo, & qui non diligit fratrem suum.
1097 2150 1877 2196 XVI. Quia peccatum vitatione nobis optime consulimus, certe
1077 2187 1883 2226 qui cavent a peccatis, sibi optime consulunt. Nam velut in loco citcum
1063 2222 1874 2259 munito, aggesto tuto, editoque versantur, sicut dicitur Prover. 16. v. 17.
1071 2256 1871 2299 Agger rectorum e, recedere a malo: conservant animam suam, qui custodit
1056 2289 1364 2336 vitam suam. Et cap. 19. 16.
1103 2319 1870 2362 Uni autem boni operi opponuntur plura peccata, vel ut contraria,
1058 2350 1872 2401 vel ut dsparata. Augustin. secundo tomo, epistola viges. nona quae est.
1058 2390 1268 2434 ad Hieronymum:
1101 2421 1874 2464 Contraria bonis operibus sunt peccata illa, quae eis velut e regione
1066 2456 1874 2500 positis perpetuo adversantur: ut impietas pietati, infidelitas fidei, iniusti¬
1062 2490 1188 2531 tia iustitiae.
1104 2512 1865 2564 Quae vero ut disparata bonis operibus opponuntur, plura esse pos¬
1064 2556 1878 2597 sunt, e quibus communissimum est hypocrisis, quae est peccatum cum
1076 2585 1882 2634 quis opera facit specie externa bona, aut quae cum bonis operibus co¬
1067 2618 1863 2672 gnationem & convenientiam habere videntur, ideo similitudine & vi¬
1074 2652 1869 2694 cinitate boni hominibus illudunt, revera autem bona non sunt: vel quia
1073 2697 1873 2731 a Deo non sunt praecepta, sed ab hominibus opinione recti conficta,
1066 2718 1869 2761 vel etsi a Deo praecepta sint, omnibus etiam externis quae requiruntur
1065 2757 1868 2795 circumstantiis praestantur, tamen male fiunt, id est, non ex animo prae¬
1066 2784 1868 2826 dito fide salvifica, charitate erga Deum & proximum, veraque resipis¬
1073 2823 1865 2862 centia & fide, decipiendorum aliorum gratia aut ostentandae pieta¬
1071 2852 1865 2897 tis & consequendae ab hominibus gloriae aut utilitatis alicuius causa¬
1070 2887 1871 2938 Jesa. 66. v. 1, 2, 3. 4. Sic ait Iehova, caelum ipsum solium meum est, & terra
1075 2917 1862 2966 scabellum pedum meorum: ubinam esset domus quam aedificaretis mihi.
1071 2960 1862 3003 & ubinam locus quieti meae? Atqui omnia ista fecit manus mea, & pec
1073 2992 1871 3029 eam exsistunt omnia ista, dictum Iehova: sed in hunc intueor, in paupe¬
1068 3024 1871 3065 rem & contritum spiritu, ac trepidantem ad verbum meum. Qui iugulat
1074 3054 1871 3101 bovem, at si percuteret virum: qui mactat parvam pecudem, ac si decolla¬
1083 3083 1869 3127 ret canem: qui offert munus, ac si sanguinem porci: qui adolet thus, ac so¬
1079 3117 1875 3164 muneraretur idolum: etiam isti eligunt vias suas, & abominationibus su¬
1074 3151 1873 3194 is anima corum delectatur: Etiam ego eligam propter facinora eorum, &
1086 3194 1871 3235 ndacam quae formidant eis: eo quod mihi vocanti nemo responderit, lo¬
1086 3217 1866 3271 quenti non auscultaverint: nam fecerunt quod malum videtur in oculis
1086 3257 1865 3304 meis, & id quo non delector elegerunt lesa 1. versic. 11, 12, 13, 14, 15.
