2063 3450
216 213 1029 258 praecepti sunt: item propter sobolis successionem uxorium usum esse re¬
213 257 1010 297 Eixatum, item, ex alia tribuad sacerdotium nullus fuerat praeceptus
207 284 1006 322 accedere; item his ignorationis venia remittitur! Sed omitto istas
210 315 1003 353 imeptas ac prorsus monachales phrases, quibus epistola illa scatet, un¬
213 348 995 397 de manifestum est, epistolam illam una cum aliis similibus supposi
214 380 333 419 titiam esse.
256 415 1001 452 Deinde etiamsi epistolae illae supposititiae non essent, tamen vim
215 445 998 487 ad probandum obtinerent nullam: primo quia in illis testimonia Sa¬
219 484 1004 518 crae Scripturae foede depravantur, veluti in eadem ad Exuperium e¬
218 515 988 550 pistola ad prohibitionem conjugij sacerdotum detorquentur haec de
216 547 1004 584 cta; Sancti estote, quia & ego sanctus sum Dominus Deus vester. Le¬
220 578 995 616 vit. 11. & 20. Abstinete vos ad tempus, ut vacetis orationi 1. Cor. 7.
225 611 1002 653 Omnia munda mundis. Tit. 1. Vellem omnes sic esse sicut & ego. 1.
216 639 1000 676 Cor. 7. Qui autem in carne sunt, Deo placere non possunt. Vos autem
223 673 1002 718 jam non estis in carne, sed spiritu Roman. 8. Secundo quia haeretica.
213 707 1003 745 multa in illis epistolis asseruntur, vt in illa ipsa ad Exuperium episto¬
219 737 1009 778 la, negatur sacerdotes uxoribus legitimis utentes a Deo exaudiri, &
212 772 991 808 affirmatur communionem Eucharisticam esse quasi viaticum profe¬
219 803 998 839 cturis ex hac vita, extrema communione homines in supremo vita.
213 836 1032 870 articulo a perpetuo exitio vindicari. Tertio quia mysterij iniquitatis
213 869 1000 903 notae variae in iisdem epistolis apparent, quales etiam in illa ipsa ad
216 901 1007 938 Exuperium epistola sunt; primatus sedis Romanae, distinctio cleri¬
220 935 998 967 corum & laicorum propter sanctitatem, abusus coenae Dominicae
228 967 1007 1006 Quarto quia in illis epistolis multa falsa continentur, ut in epistola;
228 1004 1010 1039 hac ad Exuperium adscribuntur quinque libri Salomoni, cum non¬
229 1027 587 1069 nisi tres esse Salomonis constet.
276 1061 997 1097 GELASII decretum, quod exstat in secundo tomo Concilio
216 1093 1000 1134 rum pagina trecentesima decimaoctava editionis Coloniensis supr¬
219 1126 1000 1163 citatae, autoritate caret; primo, quia decretum illud repugnat decre¬
220 1156 1034 1198 to Synodi Laodicenae a sexta generali Synodo confirmatae: repugnat
225 1189 1003 1227 item aliis orthodoxis Patribus veteribus, qui aliter libros vere Ca¬
228 1222 1000 1265 nonicos recensuerunt, ut in Symphonia nostra Catholica ostensum.
276 1257 1001 1295 Secundo, quia falsa interpretatione corrumpit scripturas: nam
231 1280 1007 1330 dicto illo Christi, Tues Petrus, &c. dicit Romanam Ecclesiam caete¬
231 1316 722 1354 tis Ecclesiis praelatam primatum obtinuisse
255 1356 1013 1390 Tertio, quia contradicit Scripturae cum ait: Quamvis aliud fun¬
228 1380 1006 1419 damentum nullus possit ponere praeter id quod positum est, qui est Chri¬
218 1419 1003 1456 stus Iesus, tamen ad aedification, aostram eadem sancta Romana Ec¬
228 1449 1009 1485 clesia, post illas veteris & novi Testamenti, quas regulariter susce¬
229 1486 1036 1521 pimus scripturas, etiam plures non prohibet suscipi scripturas, quas
229 1513 835 1553 deinde enumerat, nimirum Conciliorum & Patrum
282 1545 1013 1588 Quarto, quia injuste haereticos vocat eos qui negant, uno tem¬
216 1580 1004 1618 pore, uno eodemque die Petrum & Paulum Romae sub Caesare Ne
220 1611 1012 1645 rone martyrio coronatos. Atqui haereticus non est, nisi qui errorem
222 1643 1021 1681 in doctrinae Christianae fundamentum impingentem pertinaciter
220 1676 941 1717 defendit. Haeresis est proprie in quaestionibus fidei Christiana
281 1708 1016 1752 Quinto, quia librum Nehemiae vere Canonicum e censu Cano¬
226 1736 419 1784 nicorum exclusit
292 1764 1016 1806 exto, etiamsi decretum hoc vim probandi haberet, tamen pa¬
222 1805 1006 1841 rum juvaret Papistas; quia nonnisi unum librum Machabaeorum, &
224 1840 1013 1881 unum Esdrae inter Canonicos recenset, ac proinde alios libros Ma¬
234 1870 866 1906 chabaeorum & Esdrae e Canonicorum numero excludit.
280 1902 1015 1938 AUGUSTINUS libro secundo de doctrina Christiana, capite o¬
237 1928 1014 1970 ctavo, numerat quidem inter Canonicos, libros Tobiae, Iudith, Ma¬
225 1973 1019 2010 chabaeorum duos, Sapientiam Salomonis & Ecclesiasticum, sed tum
226 2003 1009 2036 δμανθμως eos Canonicos vocat, tum progressu temporis cum am¬
231 2035 1010 2074 plius profecisset, cautius de illis scripsit. Nam quinto tomo, libro de
226 2068 1022 2101 cimooctavo de civitate Dei, capite trigesimosexto sic scribit: Ab hoc
235 2096 1016 2130 tempore apud Iudaeos restituto templo, non Reges sed Principes fuerunt
235 2133 1009 2169 usque ad Aristobulum, quorum supputatio temporum non in Scri¬
228 2164 1013 2203 pturis Sanctis, quae Canonica appellantur, sed in aliis invenitur, in
231 2201 1022 2238 quibus sunt & Machabaeorum libri, quos non Iudei, sed Ecclesia pro
241 2226 1010 2261 Canonicis habet, propter quorundam martyrum passiones vehemen¬
234 2261 1018 2302 tes atque mirabiles, qui antequam Christus venisset in carnem, usque
235 2301 1016 2333 ad mortem pro Dei lege certaverunt, & mala gravissima atque hor¬
234 2328 1017 2367 ribilia pertulerunt. Ita Augustinus libros quosdam, in quibus sum
228 2356 1012 2389 & Machabaeorum libri, a Scripturis Sanctis quae Canonicae appellan
240 2387 1006 2428 tur, distinguit, hoc est, ab illis quae vere divinitus sunt traditae, & qui
241 2420 1012 2457 simpliciter totae essent non solum morum sed etiam fidei regula. De
232 2454 1041 2496 inde ab Ecclesia dicit pro Canonicis haberi, sed num simpliciter &
235 2490 1013 2529 omnino? num ut toti & simul fidei & morum regula essent? nequa¬
244 2516 1025 2564 quam, sed propter exempla constantiae martyrum. Ergo alio sensus
237 2557 1013 2587 vere divinos libros vocavit Augustinus Canonicos, alio sensu caete
239 2582 1015 2621 ros in quibus sunt & Machabaeorum libri. Septimo autem tomo, li¬
234 2617 1015 2658 bro secundo contra secundam Gaudentij Epistolam, capite vigesime
231 2651 1016 2686 tertio ait: Hanc quidem scripturam quae appellatur Machabaeorum.
237 2683 1013 2722 non habent Iudaei sicut legem & Prophetas & Psalmos, quibus Do¬
244 2720 1019 2753 minus testimonium perhibet tanquam testibus suis dicens, Oporteba.
247 2746 1028 2781 impleri omnia quae scripta sunt in lege & Prophetis & Psalmis de me:
238 2777 1043 2818 sed recepta est ab Ecclesia non inutiliter, si sobrie legatur vel audia¬
235 2815 1019 2850 tur, maxime propter illos Machabaeos qui pro Dei lege sicut veri Mare
241 2844 974 2887 tyres a persequutoribus tam indigna atque horrenda perpessi sunt.
279 2871 1026 2914 Si Augustinus libros Machabaeorum pro univoce & proprie Ca¬
244 2914 1025 2948 nonicis habuisset, num eos separasset ab illis libris quibus Dominus
238 2942 1029 2984 testimonium perhibet tanqua testibus suis? num de eis diceret, quod
252 2972 1030 3011 recepti sint ab Ecclesia non inutiliter, cum tanta cautione in lectione
247 3007 1031 3048 & auscultatione eorum adhibenda, dicens, SI SOBRIE legantur ver
242 3037 1006 3080 audiantur? num eorum usum ad exempla martyrum restrinxisset
276 3073 1028 3115 Idem libro decimoseptimo de civitate Dei, ca. 20. ait de Salomo¬
243 3102 1039 3145 nis libris: Tres recepti sunt in autoritatem Canonicam: Proverbia,
244 3142 1040 3182 Ecclesiastes & Canticum Canticorum. Alij vero duo, quorum unus
250 3169 1043 3218 Sapientia, alter vero Ecclesiasticus dicitur propter eloquij nonnubam
1059 214 1843 263 similitudinem, ut Salomonis dicantur obtinuit consuetudo. Non au¬
1071 258 1844 286 tem esse ipsius non dubitant doctieres, eos tamen in autoritatem mu¬
1070 284 1856 322 cime occidentalis antiquitus recepit Ecclesia. Paulo post addit de his
1058 318 1847 354 duobus libris: Sed adversus contradictores non tanta autoritate
1059 349 1846 390 proferuntur, quae scripta non sunt in Canone Iudaeorum. In tribu¬
1057 381 1856 418 vero illis, quos Salomonis esse constat, & Iudaei Canonicos habent, &c.
1063 417 1853 450 Ita aperte distinguit Augustinus autoritate tres libros quos constat
1065 448 1853 484 esse Salomonis, a duobus aliis quos ab occidentali Ecclesia receptos
1065 481 1843 520 dicit, nam Orientalis Ecclesia eos nunquam in tantam autoritatem
1063 512 1139 555 recepit,
1114 540 1844 587 Ex hac collatione scriptorum Augustini patet, testimonium ex
1065 573 1850 617 libro secundo de doctrina Christiana, capite octavo allegatum, ne¬
1072 611 1847 650 quaquam validum esse ad evincendum libros Machabaeorum & cae¬
1053 642 1847 684 teros quos Hieronymus inter Apocryphos refert, proprie Canoni¬
1057 679 1853 720 cos esse. Quod in Jure receptum est, ut posteriotes leges derogent
1065 708 1838 742 prioribus, & quod vulgo dicitur δοοτέραιφροιλιδες σοφῶτεραι, posterio
1059 742 1844 784 res curae seu cogitationes sapientiores; valeat hoc quoque loco. Li¬
1056 771 1857 804 bros duos priores de doctrina Christiana scripsit Augustinus prius
1059 804 1852 840 quam fieret Episcopus, deinde Episcopus factus complevit tertium
1057 839 1853 876 & addidit quartum, ut ipse testatur libro secundo Retractationum,
1062 869 1844 903 capite quarto: libros vero de civitate Dei & contra epistolas Gau¬
1065 898 1856 938 dentij scripsit cum jam diu episcopus fuisset ac proinde plus profecis¬
1056 933 1855 970 set, & confirmatiore judicio evasisset, ut manifestum ex eodem se¬
1065 966 1855 1002 cundo retractationum libro cap. quadragesimotertio & quinquage¬
1064 996 1184 1035 simonono.
1099 1027 1856 1075 ISIDORI testimonium ex lib. 6. Etymol. cap. 1. minime fir¬
1062 1061 1859 1100 mum est, quia idem in libr. de Offic. ait, Testamentum vetus fuisse
1068 1092 1852 1130 ab Esdra in viginti & duos libros constitutum, ut tot libri haberen¬
1062 1130 1855 1165 tur in Lege, quot habentur & literae. Idem de RABANI Mauri te¬
1072 1161 1852 1197 timonio respondeo: nam is ait libro secundo de institutione cleri¬
1062 1191 1849 1228 corum, cap. 54. totum vetus Testamentum ab Esdra fuisse in duos
1058 1224 1853 1266 & viginti libros distributum, ut tot libri essent in Lege, quot & ha¬
1063 1253 1224 1298 bentur literae.
1107 1291 1853 1330 Summa, si Concilia vel Episcopi Romani vel alij Patres libros
1065 1325 1859 1362 Machabaeorum, Judith, Tobiae & caeteros qui non sunt in Canone
1066 1361 1849 1395 Hebraeo, inter Canonicos numerarunt, Canonicos alio sensu voca¬
1071 1398 1850 1434 runt, quam eos qui in Hebraeo Canone recensentur. Hoc modo Con¬
1071 1430 1850 1467 cilia & Patres interprerantur Papistae ipsi: sic enim THOMAS DI
1074 1456 1853 1498 VIOCAIETANUS CARDINALIS Sancti Xysti, qui Pontificia
1071 1490 1861 1524 Romani adversus Lutherum in Germania ad Carolum V. legatus
1065 1522 1855 1554 & Ecclesiae Papisticae columna fuit, in fine Commentariorum in Hi¬
1071 1554 1855 1590 storiam veteris Testamenti ad caput decimum Estherae scribit: Hoc
1074 1586 1856 1621 in loco (inquit) terminamus Commentaria librorum historialium
1068 1622 1862 1651 veteris Testamenti. Nam reliqui, videlicet, Iudith, Tobiae & Ma¬
1073 1652 1850 1684 chabaeorum libri, a divo Hieronymo extra Canonicos libros supputa.
1074 1688 1853 1726 tur & inter Apocrypha locantur, cum Sapientia & Ecclesiastico, ut
1075 1720 1851 1759 patet in Prologo Galeato. Ne turberis, novitie, si alicubi reperies li¬
1065 1750 1862 1788 bros istos inter Canonicos supputari vel in sacris Concilijs vel in sacris
1068 1783 1855 1818 Doctoribus. Nam ad Hieronymi limam reducenda sunt tam verba
1080 1814 1864 1850 Conciliorum, quam Doctorum. Et juxta illius sententia ad Chro¬
1068 1851 1855 1883 matium & Heliodorum Episcopos libri isti (& si qui alij sunt in ca¬
1074 1882 1862 1914 none Bibliae similes) non sunt Canonici, id est, non sunt regulares, ad
1075 1911 1856 1945 firmandum ea quae sunt fidei. Possunt tamen dici Canonici, id est, re¬
1068 1944 1854 1987 gulares, ad aedificationem fidelium, utpote in Canone Bibliae recepti &
1074 1976 1853 2013 autoritati. Cum hac distinctione discernere poteris dicta Augustin.
1074 2008 1857 2048 in secundo de doctrina Christiana & scripta in Concilio Elorentino
1078 2040 1857 2079 sub Eugenio quarto: scriptaque in provincialibus Concilijs, Cartha
1069 2078 1853 2114 ginensi & Laodicensi & ab Innocentio & Gelasio & Pontificibus.
1081 2105 1856 2145 Hactenus Cardinalis Cajetanus, qui praeterquam quod sententiam
1066 2136 1817 2179 Hieronymi approbat, diversam dicit novam esse, & ambiguam.
1120 2173 1856 2213 Similiter Sixtus Senensis libro primo Bibliothecae, & Stapleto¬
1065 2209 1858 2243 nus nono libr. capite sexto princip. fid. doctrinal. distinxerunt libros
1068 2241 1855 2276 in Protocanonicos & Deuterocanonicos. Protocanonici, sunt ij qui in
1065 2280 1853 2313 vere divino Canone recensentur, quos Hieronymi lima probavit
1089 2310 1853 2347 uos Ecclesiae nostrae vere Canonicos agnoscunt. Deuterocanonici
1074 2340 1858 2377 sunt illi, qui a Concilijs & Patribus nonnullis interdum Canonici
1080 2370 1850 2410 dicuntur, quia morum regulam aliquam & exempla proponunt.
1075 2408 1856 2443 proprie autem Canonici non sunt, sed Apocryphi, quia non sunt fi¬
1074 2439 1678 2484 dei simul & morum regula certo divinitus praescripta
1146 2485 1799 2547 Sic ad primum argumentum commune responsum
1382 2531 1541 2586 est: sequitur
1311 2578 1610 2634 SECVNDVM.
1119 2629 1868 2674 Ex quibus libris Patres Orthodoxi testimonia allegarunt, ij sunt
1077 2666 1420 2717 proprie & univoce Canonici:
1137 2694 1862 2735 At ex adjectionibus ad librum Esthera & Danielis & caeteris li¬
1075 2728 1874 2765 bris de quibus jam controuertitur, Patres Orthodoxi testimonia al¬
1089 2762 1328 2817 legarunt. Ergo, &c.
1128 2796 1877 2839 RESP. Nego consequentiam, quia ex puris particularibus nilil
1077 2832 1877 2874 sequitur. Major propositio particulariter tantum intellecta conce¬
1078 2874 1868 2907 ditur; nimirum de libris Mosis, Josuae & aliis qui sunt in divino Ca¬
1086 2909 1880 2939 none: universaliter autem intellecta negatur: Nam non tantum Pa¬
1093 2932 1876 2970 tres, verum etiam Prophetae & Apostoli nonnulla protulerunt ex
1082 2973 1877 3005 Gentilibus vel aliis humanis scriptis, ut Daniel cap. 4. ex Commen.
1099 3005 1876 3039 ariis Babylonicis programma quod a Rege Nebucadnetzare ema¬
1099 3035 1889 3071 navit, & cap. sexto edictum Darij de reverendo Deo Danielis; Ezra¬
1095 3070 1892 3105 cap. 1. edictum Cyri Regis Persidis, & cap. 6. Darij Nothi edictum:
1089 3099 1882 3138 Paulus Apostolus aslegavit Actor. 17. ver. 28i sententiam ex Arato.
1089 3139 1883 3173 γ τιιιος ἐσμηο, & 1. Corinth. 15. vers. 33. ex Menandro, φθειρυσι
1095 3162 1885 3218 θεχρι& δμιλίη, uκαs. Et 2. Timoth. 3. ver. 8. ex libris Talmudicia
