2063 3465
253 189 1067 248 Haec enim est vera religionis antiquitas, quam Scriptura Sacra A¬
206 221 1013 290 semper commendat, ut Genes. 48. v. 15, 16. 1. Reg. 15. 11. 2. Reg.
213 262 785 312 18. 3. & cap. 22. 2. Act. 24. 14. 2. Tim. 1. v. 5.
248 295 584 342 I. Vera religio est sola sancta.
250 324 1017 378 Quia sola autorem habet Deum qui sanctus est, Levit. 19. vers. 21.
215 364 1007 411 Postea afferet vir reatum suum Iehovae, ad portam tentorii conventus
207 399 389 442 arietem reatus.
250 421 1009 482 2. Quia doctrina illius solius sancta est, quae huc spectat, ut per agi¬
214 467 1006 506 nitionem Iesu Christi fugiamus inquinamenta mundi, 2. Petr. 2. ver.
216 504 1040 541 20, 21. Nam si postquam pollutiones mundi per agnitionem Domini &
211 535 1015 572 Servatoris IesuChristi effugerint, his rursum implicati superentur, facta¬
207 574 1022 613 est ultimam eorum conditio deterior priore. Melius enim fuisset eis non
217 604 1011 651 cognovisse viam iustitiae, quam cognita illa, regredi a sancto praecepto sibi
206 633 302 674 tradito.
249 666 1013 710 3. Quia genti sanctae divinitus patefacta est, 1. Petr. 2. vers9. Vo¬
223 700 1026 746 autem genus electum regale sacerdotium, gens sancta, populus quem sibi
216 735 1010 770 Deus ut proprium vendicat: ut virtutes praedicetis illius qui vos vocavi
216 764 646 805 se tenebris in admirabilem suam lucem
247 796 1010 837 Est sola salutatis, hoc est, in ea sola homines aeternum servantur.
220 837 1055 881 quia Christum Iesum solum agnoscit esse salutem Dei quam paravit
208 871 1026 906 in oculis omnium populorum, Luc. 2. 30, 31. Nec est in alio quoquam,
223 901 1019 939 salus, nec enim aliud nomen est sub coelo quod datum sit inter homines,
225 938 686 971 per quod oporteat nos servari, Act. 4. v. 12.
234 959 1023 1002 Est sola perfecta, cui nihil omnino deest, ac proinde nihil a quoquam
226 996 1022 1034 i addendum, nihil adimendum. Perfecta fuit statim ab initio, ad sco¬
222 1033 576 1078 pum suum idonea & sufficiens:
256 1061 1010 1101 Non est similis inventis humanis: quae enim homines seu ad vo¬
213 1093 1009 1135 luptatem seu ad utilitatem inveniunt, progrediuntur ab aphorismo ad
211 1134 1017 1178 aphorismum, a theoremate ad theorema, ab experimento ad experi¬
207 1166 1009 1208 mentum, & rudia primum sunt scabraque, deinde expoliuntur paula.
217 1204 1024 1243 tim, non ab uno aliquo homine, sed a pluribus, & per secula interdum
232 1236 296 1273 plura.
232 1254 1025 1311 Deformatur vel additione humanarum opinionum & traditionum:
217 1303 1024 1342 vel detractione eius quod Deus praescripsit Deut. 4, 2. Ne addite ad
221 1334 1012 1374 verbum illud quod ego praecipio vobis, neque detrahite de eo, ut servetis prae
216 1370 1021 1410 cepta Iehova Dei vestri quae ego praecipio vobis. Et cap. 12. v. 32. Unam¬
225 1399 1015 1446 quamque rem quam ego praecipio vobis, eam observantes facite: ne addit.
219 1435 1013 1475 ei, neque detrahito ex ea. Vel perversitate morum religioni verae non
216 1464 1008 1507 respondentium Rom. 2. v. 17. & seq. Ecce tu cognominaris Iudaeus &
213 1504 1015 1541 acquiescis in Lege, & gloriaris in Deo. Et nosti eius uoluntatem, & ex
225 1533 1021 1573 ploras quae discrepant, institutus ex Legis auditu. Confidisque te viae ducem
228 1564 1016 1610 esse caecis, lucem eorum qui sunt in tenebris, Eruditorem desipietium, ma¬
216 1595 1028 1646 gistrum infantium, quod habeas informationem cognit, onis ac veritatis
222 1630 1019 1673 in Lege. Qui igitur doces alium, teipsum non doces? qui praedicas non fu¬
223 1665 1021 1706 randum, furaris? Qui dicis non moechandum, moecharis? qui abomina¬
222 1700 620 1739 ris idola, sacrilegium admittis? &c.
237 1720 1023 1771 Reformatur tum errorum qui invaluerunt eradicatione & falsorum
228 1763 1021 1805 cultuum abrogatione, abolitis tum opinionibus cum verbo Dei pug¬
225 1805 1025 1838 nantibus tum ceremoniis verae religioni humana audacia adspersis in
231 1831 1016 1876 Sacramentis & reliquo cultu Dei: tum verae religionis instauratione
219 1863 1018 1905 & in theoria & in praxi illius, revocatis omnibs ad prudentiam iusto¬
224 1893 1023 1934 rum, ut omnes pendeat toti a patrib. illis iustis qui vera sapientia divi¬
222 1924 1022 1967 nitus instructi per Spiritum S. loquuti sunt, id est, Prophetis & Apostolis,
219 1961 1013 2004 Luc. 1. v. 17. Pet. 1. 10. De qua salute exquisierunt, & quam scrutati sum
223 1989 1011 2035 Prophetae, qui de vetura in vos gratia prophetarunt. 2. Pet. 1. 19. Et ha¬
219 2022 1017 2068 bemus firmiorem illum sermonem propheticum: quem benefacitis quod
231 2054 1010 2098 attenditis, velut lucernam splendentem in obscuro loco, usquedum die¬
222 2093 1012 2135 illucescat, & lucifer exoriatur in cordibus vestris. Et c. 3. 1. 2. Hasce iam
236 2123 1016 2171 alteras vobis literas scribo dilecti quibus sinceram mentem vestram per sub¬
234 2157 1013 2198 monitionem expergefacio: Vt memores sitis verborum quae praedicta sum
234 2189 1031 2235 a sanctis Prophetis, & praecepti illius nostri qui sumus Apostoli Domini¬
237 2232 388 2279 & Servatoris.
264 2245 1025 2299 Introductio publica verae religionis aut publica Reformatio a cor¬
231 2291 1016 2337 ruptelis fieri ordinatie a Principe seu Magistratu summo debet: Es¬
225 2321 1016 2365 enim officii ipsius, ut ostendit exemplum Mosis, Iosuae, Davidis, Asa
225 2351 1023 2398 2. Chro. 14. & 15. Iosaphati c17. & 19. Ezech. ca. 29. & 30 & losiae 2.
232 2391 1031 2436 Chronic. 34. & 35. Constantini item Magni & Theodosii Magni &
229 2434 339 2476 aliorum.
261 2457 1027 2504 Quod si Princeps seu Magistratus summus religionem veram non
226 2485 1018 2531 curet, aut etiam hostiliter & tyranice impediat aut opprimat: licet et¬
231 2520 1032 2574 iam frequens populus falsam religionem sequatur & vera persequa¬
232 2556 1027 2599 tur: tum ad introducendam aut reformandam religionem, operam
231 2586 1027 2632 iure impendit, quicunque a Deo cognitionem eius, & facultatem eam
231 2619 1032 2673 introducendi aut reformandi consequutus est: nec tum exspectandus
236 2657 793 2707 est Politici Magistratus consensus, ut nec populi
263 2687 992 2735 I. Quia religio est Dei, non Magistratus Politici, ut nec populi
266 2717 1035 2769 II. Quia & olim introducta aut reformata fuit a piis, qui principes
237 2760 1028 2802 & Magistratus politici non erant, ut a Iehojadaho Sacerdote, 2. Chr¬
236 2788 1034 2832 23. a Machabaeis, iuxta prophetiam Dan. 11 & 12. Apostolis & aliis
236 2819 1027 2867 Christianis in primitiva Ecclesia, non exspectato consensu Magistra
230 2855 1032 2894 tus politici & populi, Act 2. 4. & seqq. ut & in aliis capitibus per totum
233 2898 1031 2939 librum. Censuerunt enim potius obediendum esse Deo, qua hominibus
276 2918 1036 2979 Imo nec Ecclesiae ipsius aut Episcoporum eius consensus est ex¬
243 2963 381 3018 spectandus.
273 2987 918 3042 I. Quia talem consensum Christus exspectare non iussi
275 3019 1040 3078 II. Quia quisque pro seipso in solidum adstringitur Legi Dei, sive
243 3070 607 3115 alii consentiant, sive dissentiant.
264 3092 1040 3146 III. Quia Apostoli & alii fideles Ecclesiae Iudaicae & Pontificum
240 3128 1039 3180 Summorum atque Sacerdotum consensum non exspectaverunt: &
243 3162 1039 3207 contra interdictum illorum annunciare Evangelium Christi non de¬
249 3203 661 3246 stiterunt, ut Acta Apostolica docent.
255 3226 1036 3280 IV. Quia si Ecclesiae nomine intelligantur Pontisices Romani, Car¬
1056 202 1853 251 dinales & caeteri Cletici Romanenses, illi reformationem nunquam
1069 245 1860 285 approbabunt, nunquam in eam consentient: quamquam ipsi vera Ec¬
1067 273 1325 313 clesia Christi non sunt,
1101 307 1512 354 Praeterea vera religio est spontanea
1073 333 1850 386 I. Quia non imperatur ab hominibus sed ex praecepta veritatis opinione
1059 379 1855 418 accedente divini Numinis gratia, bene praeparatis mentibs infunditur.
1093 407 1573 454 II. Quia cogi non vult, sed doceri expetio
1101 440 1679 487 III. Quia immanitate non stabilitur, sed evertitur
1101 472 1667 515 IV. Quia exempla idem docent, losu. 24 21. 22.
1083 497 1856 550 Proinde armis corporalib. non est introducenda aut propaganda, non
1066 541 1849 576 coniurationibus adversus Principem seu Magistratum summum, non
1075 576 1855 616 parricidiis Regum, non oppressione violenta aliorum sed verbi Dei praedi¬
1062 615 1853 648 catione, sed doctrina & sedula institutione, quae in animum leniter in¬
1065 640 1862 680 stillata descendit: sed confessione intrepida coram quibusvis: sed & vi¬
1072 674 1689 714 tae suae sanguinisque effusione ad eius obsignationem:
1113 707 1850 742 Armis tamen defendi atque asseri potest adversus vim publicam
1078 739 1857 778 atque iniustam, tum in-primis hostium externorum, tum etiam inter¬
1072 771 1848 809 norum dolis & armis sinceros Dei cultores & verae religionis asserto¬
1065 806 1859 848 res opprimere & exstitpare conantium contra legem Dei, naturae &
1065 838 1346 885 omnis legitimae politiae:;
1092 864 1642 908 I. Quia vim vi repellere, etiam jure naturae, licet
1095 900 1868 941 II. Quia veram religionem armis defenderunt atque asseruerunt
1071 938 1866 972 cum laude aeterna olim pii Reges & Duces populi Dei adversus Phi¬
1081 971 1854 1011 istaeos & alios hostes populum Dei & religionem divinam odio ha¬
1072 1001 1863 1039 bentes ac exstirpare conantes: idem fecerunt Machabei adversus An¬
1069 1036 1844 1073 tiochum Epiphanem: Christiani imperatores & Reges, ut Constan
1071 1069 1864 1112 tinus Magnus Theodosius Magnus, & alii adversus Gentiles: & iam
1072 1101 1440 1144 a multis seculis adversus Turca¬
1105 1125 1862 1175 Adhaec religio vera acerrime oppugnatur a mundo: & quidem nul¬
1078 1158 1859 1202 lius rei praetextu crudelius & vehementius oppugnatur, quam ipsius re¬
1072 1202 1856 1238 ligionis, idque ab illis ipsis qui verae religionis conservatores, & colum:
1080 1237 1856 1276 nae Ecclesiae videri volunt. Sic enim oppugnata fuit a Iudaeis praetex¬
1071 1267 1855 1313 tu Sabbathi., Ioh. 5. v. 10. Iudaei ergo dicebant ei, qui curatus fuerat, Sab¬
1077 1297 1556 1343 bathum est, non licet tibi attollere grabatum
1105 1327 1877 1370 Est firma ac insuperabilis: nam ad eam extorquendam vere fideli &:
1083 1363 1879 1404 regenerato, nihil valent cruciatus, carceres, mulctae, facultatum ere¬
1080 1400 1879 1442 ptiones, praescriptiones, exsilia, perversa consilia, pravae suasiones, auteo o
1075 1432 1880 1467 rum montium promissiones, dignitates & honores mundi istius & sii
1084 1463 1881 1511 quae aliae sunt tentationes a dextris vel sinistris. Certe quod de sua illa
1074 1499 1881 1537 sapientia tam magnifice praedicavere Stoici, hoc nos multo iustius de
1070 1532 1862 1570 religione vera dixerimus. Nam ubi quis veram religionem Spiritus
1078 1561 1857 1600 divini gratia infusam animo penitus hausit & tenet, in eo nullum ha¬
1077 1594 1856 1636 bent momentum vexatio & dolor, & quicquid aliud incommodi est:
1087 1624 1859 1667 virtute & alacritate quae a religione praecepta ingeneratur, superatur:
1081 1662 1855 1703 Nihil illi eorum quae ferenda sunt displicet: quicquid cadere in homi¬
1086 1693 1874 1735 nem potest, in se cecidisse non quaeritur: vires suas novit, dumque se Dei
1080 1726 1862 1774 gratia fretum persuasus est, oneri ferendo se quoque parem futurum
1076 1764 1865 1798 confidit: stet illic licet carnifex, licet tortor ferrum & fiammam admo¬
1086 1793 1865 1835 peat, perseverabit: nec quid passurus, sed quid facturus sit cogitabit. Fe¬
1077 1826 1871 1865 licitas illi quippe domestica est: & si quid extrinsecus intervenit, leve¬
1066 1865 1859 1899 est & summam tantum cutem stringit. Docet hoc Iobi exemplum, cuius
1081 1894 1868 1933 religionem ac in Deum pietate nulla calamitas potuit expugnare, & cum
1069 1925 1867 1964 ab illa dimovere Iob. 1. v. 8. & seqq. tum versibi tum capitibus Exemplum
1065 1955 1859 1997 item septem fratrum in Macchabaeorum historia, Johannis Hussi, Hie¬
1074 1991 1864 2027 ronymi Pragensis & aliorum Martyrum, quos nulla damna rei fami¬
1074 2060 1859 2103 & a vera religione dimovere, sed ipsi cum victi per supplicia putaten¬
1071 2093 1681 2125 tur, victores constanter omnia perferendo evaserunt .
1353 2134 1596 2180 CAPUT II.
1124 2180 1798 2233 In quo repugnantia verae religioni exponuntur.
1099 2224 1855 2266 TIDISSENTANBA religionis verae spectemus: ei opponuntur que
1127 2265 1652 2302 dam ut repugnantia quaedam ut contraria, &c.
1146 2283 1861 2333 REPUGNANTIA verae religioni multa sunt: Primo nulla plane
1072 2324 1546 2369 vera religio homini animali tribui potest:
1102 2342 1798 2401 I. Quia illa cum veritate conjuncta est: hic autem mendax est.
1110 2380 1860 2435 2. Quia vera religio non solum in agnitione Dei posita est, sed et¬
1073 2424 1849 2464 iam in ardentissima charitate erga eum, studioque summo ei obedient
1079 2450 1850 2499 di: neutrum autem homini Vυχικῳ competit, 1. Cor. 2. v. 6, & sequ. Ec¬
1077 2486 1853 2531 nomine Paulus dicit Gentes fuisse αθεος, serviisse iis qui natura non
1074 2526 1296 2573 sunt Dii, Gal. 4. v. 8
1097 2543 1862 2596 Deinde religio vera non est ἐμπορικη, hoc est, institoria seu merca¬
1078 2582 1853 2634 toria, in qua nimirum turpis lucri compendia queruntur, nundinatio¬
1080 2621 1859 2667 ne & venditione gratiae divinae, remissionis peccatorum, celi & salutis e¬
1079 2651 1852 2700 terne, dignitatum & functionum Ecclesiasticarum, dispensationis de
1091 2686 1853 2732 Lege divina in coniugiis, rerum consecratarum, veluti sphaerularum pre¬
1087 2722 1862 2764 catoriarum quib. Deo preces adnumerantur, rosarum autearum, gla¬
1077 2751 1859 2796 diorum & pileorum a Papa nocte ac die Nativitatis Domini conse¬
1082 2785 1651 2839 cratorum, &c. item reliquiarum & aliarum rerum.
1120 2806 1851 2862 Religio enim nundinatoria est propria seductorum, haereticorum
1092 2842 1862 2894 & Antichristi, Matt. 21. 12, 13. Et introivit Iesus in templum Dei, & e¬
1095 2877 1853 2927 jecit omnes qui vendebant, & qui emebant in templo, mensasque numula
1081 2911 1850 2965 riorum, & cathedras vendentium columbas subvertit. Et dixit eis, Scri¬
1095 2942 1850 2992 tum est, Domus mea, domus precationis vocabitur: at vos fecistis eam spe¬
1085 2975 1861 3026 luncam latronum. Act. 8. v. 18. & seqq. Quum autem conspexisset Simon
1084 3006 1865 3066 per impositionem manuum Apostolorum dari S. S. obtulit eis pecunias,
1088 3042 1853 3091 Dicens, Date etiam mihi potestate istam, ut cuicumque imposuero manus
1088 3075 1862 3125 recipiat Spiritum Sanctum: Petrus autem dixit ei, Pecunia tua: eciu per¬
1098 3108 1866 3158 cat, qui donum Dei existimaris pecuntis acquiri: Non est tibi pars neque
1082 3148 1855 3202 sors in hoc negotio: cor enim tuum non est rectum in Dei conspectu. Tit. 1
1097 3173 1869 3227 v. 11. Quibus oportet os obthurare, qui totas domos subvertunt, docentes
1088 3202 1868 3268 quae non oportet, turpis lucri gratia. 2. Pet 2. v3 Et per avaritio fictis ser¬
