2063 3414
225 188 1049 234 monibus vos negotiabintur, quibus damnatio jam olim non otiatur, &
239 229 1015 274 quorum exitium non dormitat. Apocal. 18. versic.11. & sequentibus
271 263 1009 301 Et prohibetur Episcopis Ecclesiae, 1. Tim. 3. v. 3. Oportet Epr¬
236 290 1022 333 scopum esse irreprehensum, turpem quaestum facietem, sed aquum, alie¬
228 324 1025 367 num abavaritia. Et vers. 8. Diaconos itidem venerandos, non bilingues,
238 354 1016 399 non multo vino addictos, non turpem quaestum facientes. Tit. 1. v. 7. O¬
234 385 1019 430 portet Episcopum inculpatum esse, tanquam Dei dispensatorem, non sit
235 421 1028 474 bi pertinaciter placentem, non iracundum, non vinosum, non percusso¬
229 459 648 498 rem, non turpem quaestum facientem,
267 487 1010 532 Praeterea vera religio non est apud Philosophos Gentiles quaerer:
240 519 1009 561 da, qui sunt in rebus divinis caeci, Rom. 1. v. 21. & sequentibus: 1. Ce
231 561 1028 595 rinth. 1. vers. 19. & seq. Coloss. 2. vers. 8. Videte nequis sit qui vos
234 589 1016 630 depradetur per philosophiam: & inanem seductionem secundum tradi¬
235 622 1015 661 tionem hominum, secundum elementa mundi, & non secundu Christum.
246 652 1013 693 Non habet pro regula ac norma nostram voluntatem aut intentio¬
234 689 1010 723 nem bonam: Num. 15. v. 39 recordemini omnium mandatorum Iehe¬
241 714 1022 758 vae & faciatis ea, ac non attenta observatione sequamini cor vistrum &
229 759 1010 795 oculos vestros: nec aliorum quamvis multorum exepla: Exod. 32. mu¬
238 786 1019 826 ti Lavitae non sequuti sunt exemplum Aaronis, aliorumque Levitarum
227 818 1019 858 & Israelitatum idololatria vituli aurei per cantium, ut videre est Deut,
231 855 1021 895 33 v. 9. Ezech. 44. v, 1. Ruth noluit fratriae suae Horpae exemplum sequi
232 887 1021 930 & religionem Israeliticam relinquere, Ruth. 1. v. 15,16. Et Apostol
228 920 1025 970 Christi noluerunt Christum deserere aliorum multorum exemplo,
231 953 490 1001 Joh. 6. v. 66. 67, 68, 69.
268 984 1016 1027 Nec habet pro regula & norma autoritatem atque exempla Majo¬
228 1027 1025 1059 rum Jer. 9. v 14. sequuntur sentertiam animi sui & Baalimos, quod do¬
231 1051 1016 1090 cuerunt ipsos maiores ipserum. Nam Majores potuerunt esse idolola;
226 1092 1016 1127 trae, sicut ad populum Israeliticum Deus per Iosuam dicit, losuae c. 24.
229 1119 1028 1156 2. Ultra flumen Euphratem habitabant maiores vestri olim, utpote The¬
228 1150 1019 1190 rach pater Abrahami & pater Nachoris, colebantque deos alienos. Stepha¬
232 1189 1015 1223 nus Hiero Martyr Christi in oratione quae A. 7. describitur, comme¬
228 1219 1013 1258 morat diligenter Patrum quorundam etiam horrenda scelera, ut do
222 1258 1022 1291 ceat, non temes e acquiescendum esse in Patrum autoritate & exem¬
227 1288 1032 1332 plis. Maiorum proinde quorumvis exemplum in religione non se¬
234 1319 1024 1365 quendum, sed Dei mandatum. Non debet commisceri cum dog¬
228 1353 1022 1387 matib & ceremoniis humano arbitrio excogitatis: sic enim Christu
228 1386 1027 1418 ait, Matt 15. 9. Frustra me colunt docentes doctrinas quae sunt mandata
228 1417 1028 1454 hominum: Et Apostolus Heb. 13. v. 9. Doctrinis variis & peregrinis ne
229 1453 1028 1490 circumferemini. Imo non debet coniungi cum ceremoniis typicis ab¬
229 1483 1016 1529 ipsomet Deo institutis, sed possea veritate in Christo exhibita abroga
222 1520 1034 1553 tis: sicut Paulus Apostolus ait Heb. 13. v 10. Habemus altare, ex quo
234 1554 1034 1597 non habent ius edendi qui tabernaculo deserviunt, id est, non possunt,
224 1588 1029 1621 Christi fieri participes, qui legales ritus obstinate retinent. Non est
229 1619 1025 1651 aestimanda qualicumque antiquitate & duratione, ne consuetudine qui
228 1650 1034 1691 tumvis diuturna. Ps. 95. 8, 9, 0. Ezech. 20. 18, 19 Edixi enim filiis il¬
230 1683 1025 1716 lorum in deserto, in statutis patrum vestrorum ne ambuletis, & tura il¬
237 1713 1021 1750 lorum ne observetis: neque stercoreis diis illorum vos polluatis: Ego sum Io¬
235 1748 1028 1783 hova Deus vester, in statutis meis ambulate: & jura mea observate, ad
234 1781 1034 1825 facite ipsa. Zach. 1. v4. Ne sitis similes maioribus vestris, quibro proclama¬
231 1815 1034 1850 verant Prophetae priores, dicendo, Sic ait Iehova exercituum, revertimini
228 1846 1018 1881 iam a viis vestris pessimis & ab actionibs vestris pessimis: Non enim au
235 1883 1028 1920 scultarunt, naque attenderunt ad me, dictum Iehovae. Neque ex homi¬
238 1917 1034 1948 num eam amplectentium & sectantium, aut ad eam deficientium au¬
234 1948 1035 1989 toritate, dignitate, potentia, multitudine, eruditione. Neque ex felici¬
244 1980 1022 2016 ate externa ac temporali, neque ex ubertate & tranquillitate rerum
249 2016 1027 2050 Eadem non pendet a Romani Pontificis aut sedis Romanae autori
232 2051 1036 2083 tate, iudicio, testimonio, confirmatione. Neque per Romanorum
231 2080 1027 2117 duntaxat pontificum, sed etiam aliorum Episcoporum successione.
240 2118 1027 2153 & consensum olim ostendebatur. Neque ab hominum aliorum cu¬
240 2148 1034 2192 juscunque sint ordinis, dignitatis & status autoritate & approbatione
231 2180 1034 2223 pendet. Neque eius exercendae potestas & libertas nititur privilegiis
240 2216 1019 2251 & concessionibs humanis, sed Christi sive Dei solius mandato & aute
237 2247 1027 2282 ritate, Matt. 10. 7. Iter facientes vero proclamate, dicentes, Appropin¬
231 2283 1025 2324 quavit regnum caelorum. Item v. 23. Quum autem persequentur vos in
239 2311 1024 2350 ea urbe fugite in aliam, Amen enim dico vobis, nequaquam obieritis ut
235 2346 1025 2380 bes Israelis quin venerit Filius hominis. Et v. 27. Quod dico vobis in ten¬
240 2375 1035 2423 bris, dicite in luce: & quod in aurem auditis, praedicate in solariis. c. 28.
237 2411 1034 2447 18, 19. Accedens autem ad eos Iesus, loquutus est eis dicens, Data est mihi
231 2445 1021 2485 omnis autoritas in caelo & in terra: Profecti ergo docete omnes gentes, ba¬
238 2475 1018 2515 ptizantes eos in nomen Patris & Filij & Spiritus Sancti. Act 5. v. 20.
237 2510 1033 2544 te, & vos sistentes loquimini populo in templo omnia verba vitae huius.
240 2542 1034 2583 Et c. 10. v. 42. Mandavit autem nobis ut praedicemus populo, & cum te¬
240 2574 1028 2613 stificatione denunemus eum esse qui definitus sit a Deo tudex vivorum
237 2609 1022 2642 ac mortuorum. Neque in periculis deserenda aut negligenda, aut e¬
241 2641 1028 2677 ius exercitium intermittendum a piis propter edicta severa Regum.
240 2673 1034 2709 Principum vel aliorum Magistratuum, Dan. 6. v. 11. Daniel autem
249 2708 1034 2739 cum cognovisset exaratum esse scriptum illud ingressus est domum suam.
237 2742 1024 2779 cui fenestrae at ertae erant in caenaculo eius ex adverso Ieruschelem:: & te¬
249 2775 1018 2807 poribus trib. de die ipse procumbens in genua sua orabat & confitebatur co¬
237 2809 1022 2845 ram Deo suo, quemadmodum fecerat antea. Act. 4. v. 18, 19. Itaque voca
255 2836 1034 2874 is ipsis denunciarunt ne omnino loquerentur neve docerent in nomine.
243 2867 1039 2913 Iesu. Petrus autem & lohannes respondentes dixerunt eis, An iustum sit
256 2904 1028 2943 in conspectu Dei vobis potius auscultare quam Deo, judicate. Et cap. 5. v
249 2937 1027 2975 28. 29. Nonne etiam atque etiam demandavimus vobis ne doceretis no¬
261 2971 1027 3007 mine isto? & ecce, replevistis Hierosolymam doctrina vestra, & vultis i1
258 2999 1027 3037 nos inducere sanguinem hominis istius. Respondens autem Petrus & A
253 3034 1033 3076 postoli dixeruns, obedire oportet Deo potius quam hominibus. Ita enim
249 3065 1034 3108 Deus imperat, ratio suadet, exempla proba firmant. Mandatum Dei
264 3094 1042 3139 est Matt. 10 v. 26, 27. Ne eos timete: uthil enim est opertum quod non sit
259 3128 1034 3177 ret, gendum, & athil occultum quod non sit cognoscendum. Quod dice
255 3159 1042 3203 vobis in tenebris, dicite in luces & quod in aurem auditis, praedicate in so¬
263 3186 1036 3244 lariu. Et 2. 28. v. 19. Do, ete omnes geutes. Marci 10. v. 15. praedicute Ev.
1075 169 1885 236 angelium omni creaturae, Heb. 10, 25 Non deserentes aggregationem no¬
1085 224 1796 272 tri mutuam, sicuti est mos quibusdam, sed adhortantes alij alios
1083 262 1883 308 Ratio est, quia quicquid eo facit, ne in Deum, in naturam, in religio¬
1087 296 1873 337 nem veram, in patriam & gentem nostram in nos ipsos, & in liberta¬
1089 329 1885 371 em publicam Ecclesiae peccemus: id nequaquam ob interdicta pote¬
1075 359 1790 400 tum intermittendum. At religionis verae exercitium eo facit?
1113 390 1879 441 Erga Deum enim religionis verae exercitio officium fieri oportes
1081 420 1457 465 re constat ex reipsa & ex contrari¬
1108 454 1888 498 Ex reipsa. quia omnes sciunt Dei cultum rebus omnibus antepo¬
1078 488 1804 530 nendum esse: unde fuit vetus illud adagium, Us QUe ADARAS
1101 525 1877 566 Ex contrario: quia impium est & in Deum opinione etiam Gentii.
1081 561 1885 606 contumeliosissimum verae Religionis exercitium vetare: impiis aute
1078 593 1788 629 mandatis ne specie quidem, pia & proba mens assentiri debet.
1113 621 1880 673 Erga naturam religionis verae exercitio officium faciendum: quia
1072 653 1876 699 illud ipsum officium jnris naturalis est, quod ius naturale non homi¬
1074 693 1880 748 nes genuerunt, sed hominibus natura ingeneravit, eosque tantisper
1072 724 1574 761 obstrictos tenet, dum in rerum natura sum
1110 758 1879 804 Propter ipsam religionem veram praestandum hoc officium: quia
1077 796 1886 837 praeter illum religionis naturalem sensum imbuti sunt Christiani jure¬
1074 826 1876 868 supernaturali gratiae. quo jure tam obstringuntur singuli pii in consci¬
1074 861 1878 914 entia, qua conscientia pui sunt, quam obstringuntur singuli homines
1078 889 1451 929 in natura sua qua homines sunt.
1080 923 1880 966 Propter patriam & genteni nostram officium hoc praestandum: quia
1083 961 1888 1002 patriae & gentis nostrae praecipuum ornamentum & decus est vera
1071 993 1882 1034 religio, ac proinde ad hanc conservandam exemplo praelucendum po¬
1090 1028 1883 1062 pularibus, etiamsi certum dignitatis, facultatum & vitae discrimen¬
1071 1064 1882 1099 subeundum foret. Propter nos ipsos officium hoc faciendum: quia
1081 1092 1880 1133 etsi quantum ad corpus & vitam praesentem attinet expedire videatur.
1078 1123 1879 1167 si interdicto religionis parcatur: tamen nos docet conscientia id ma¬
1095 1157 1880 1203 is expedire, quod Deo, naturae, religioni ipsi, patriae & saluti aeternae
1086 1193 1885 1227 animarum nostrarum debemus. Propter libertatem publicam Ec¬
1077 1223 1889 1267 clesiae praestandum hoc officium: quia non est praeiudicandum aliis fi¬
1086 1256 1883 1296 delibus ubicunque terrarum versantur: qui exemplo nostro si impie
1084 1291 1877 1339 edicto pareamus, oppugnari, urgeri, premi & opprimi possent: nec li¬
1083 1322 1891 1365 bertas Christiana in bonum commune data, servituti impiae in malum
1079 1360 1892 1402 subiicienda. Etsi Ecclesia Christi partibs in multa & diversa loca distri¬
1085 1389 1888 1434 buta sit, uno tamen Spiritu fovetur, una charitatis & libertatis consci¬
1093 1428 1883 1460 entiarum lege continetur. Quapropter religionis verae exercitium
1086 1459 1894 1496 ob interdicta Regum, Principum, aliorumve Magistratuum neuti¬
1102 1493 1886 1530 quam intermittendum. Exempla eaque proba idem firmant. Socii Da¬
1070 1526 1879 1562 nielis Schadrach, Meschach & Abednego perseveratunt in religione
1084 1561 1887 1603 vera eiusque confessione, contemto edicto Nebucadnetzaris Magne
1089 1589 1887 1632 Daniel 3. DANIEI. Propheta perrexit quotidie in precibus ad Deum
1098 1627 1892 1659 ehovam habendis, non curato edicto regio quo invocatio DEI ad
1095 1651 1895 1696 dies triginta vetita fuerat Dan. 6. Apostoli & alii fideles Christiani
1083 1693 1895 1729 continuarunt in templo Ierosolymitano conventus ad docendum &
1092 1725 1885 1763 audiendum Evangelium Iesu Christi contra interdictum summorum
1101 1758 1882 1793 nontificum, primorum & Seniorum populi Iudaici, Act. 4. & 5. Ca¬
1098 1787 1890 1835 holici in civitate Edessa non intermiserunt congregationes sacras
1111 1822 1892 1860 namvis Imperator Valens eas severissime prohibuisset, ut refert
1093 1856 1630 1892 Theodoretus Historiae Ecclesiasticae lib. 4. c. 16.
1100 1892 1889 1925 Quin ne Gentiles quidem in periculis religionem suam, quae tamen
1086 1920 1892 1960 falsa erat, negligendam censuerunt: ut exemplum ostendit OEABIL.
1092 1954 1895 1991 obsessis Romanis in arce Capitolina a Gallis: & PAUSANIAE Spar¬
1094 1988 1894 2026 anorum Regis in pugna nobili ad Plataeas cum Petsis. Quanto mi¬
1092 2017 1492 2064 nus igitur vera religio negligenda,
1118 2050 1886 2090 Insuper religio vera non formidat homines quantumvis potentes
1084 2085 1896 2119 & crudeles, Matt 10. v. 28. Ne metuite vobis ab iis qui interimunt cor¬
1099 2126 1892 2170 jus, animam autem non possunt interimere: sed metuite potius eum qui¬
1096 2151 1589 2197 potest animam & corpus perdere in gehenna.
1123 2181 1882 2221 Non debet mutari a quoquam regum & Principum, nec a Conci¬
1080 2213 1882 2256 liis ullis, imo nec a toto genere humano, imo ne quidem ab Angelis
1098 2253 1883 2291 Sal. 1. v. 8. 9. Sed etiam si nos aut Angelus e caelo evangelixet vobis prae¬
1093 2285 1882 2322 ter id quod vobis Evangelizavimus, anathema esto. Vt ante diximus, et
1093 2317 1881 2355 iam nunc iterum dico: Si quis vobis evangelizaverit praeter id quod
1087 2356 1888 2390 accepistis, anathema esto. Non potest impediri humana autoritate,
1089 2386 1882 2421 edictis, potentia, astu, sicut Christus ait Matt. 10. v 26. Itaque ne ipsos me¬
1086 2423 1883 2466 tuite: Nihil enim est opertum quod non detegatur, & nihil occulti quod
1084 2456 1583 2493 non innotescat. Act. 4. v. 18 & 19. & c. 5. v. 25.
1122 2478 1894 2522 Non potest consistere cum hypocrisi & falsitate, quibro in religione
1088 2519 1891 2553 nililest exsecrabilius, Ps. 32 v. 2. Beatus homo, cui non imputat Iehova
1096 2549 1880 2592 benignitate, & cuius spiritui non inest dolus, Matt. vigesimotertio, ver
1096 2579 1882 2619 siculo decimotertio. Vae vobis Scribae & Pharisaei hypocritae, quoniam
1087 2621 1885 2666 exeditis domos viduarum, idque in speciem utentes longis precibus: pro¬
1083 2652 1603 2696 pterea auferetis graviorem condemnationem.
1121 2680 1346 2718 Non est inconstans
1120 2708 1888 2750 Non est in multas sectas dissecta: quia est unica. Si accre¬
1095 2742 1889 2790 scunt sectae, eae non sunt de religione. Adventitia sunt vitia haec
1096 2781 1895 2817 non innata bona. Quanquam catachresi quadam fectae vocentur
1090 2810 1285 2856 vulgo religiones
1125 2836 1894 2882 Nobis vero liberum & fas non est quamcunque velimus religio¬
1097 2881 1882 2916 nem amplecti: sed illa tantum amplectenda quae nobis a Deo manda,
1101 2917 1568 2953 a est & in Scripturis Sanctis praescripta.
1115 2940 1889 2994 Religio vera non est hostis ullius regiminis legitimi & divini¬
1095 2978 1895 3018 tus instituti, ac proinde nec Monarchiae, quam nequaquam tollit,
1089 3011 1898 3041 sed potius stabiit, ut testatur Paulus Romanorum decimotertio, ver¬
1098 3041 1888 3082 siculo primo & sequentibus & Petrus priori epistola secundo, verfi¬
1095 3077 1901 3128 culo decimotertio, decimoquarto, & ostendit exemplum Monarchis
1144 3108 1845 3161 Dauidis, Salomonis, Ezechiae, Iosiae, Constantini Magni,
1386 3142 1594 3194 Theodosii Magni
