2063 3490
489 233 776 299 CAPU II
260 290 992 353 In quo de fasa religione; ubi & de idololatria ac¬
402 342 855 406 religione simulata in genere.
214 389 1030 441 TTTdisparata verae religioni seu pietati opponitur falsa religio, &
305 425 485 469 religio simulata.
241 427 1025 507 LReligio falsa, Graece ψδιδοθρήσκεια, est vitium animo in¬
213 489 1018 539 haerens, a diaboli astutia ortum, per quod homines in cultu Dei a ver¬
217 529 1022 578 bo Dei, quod jam in Scripturis Propheticis & Apostolicis compre¬
213 556 1061 610 hensum est, discedentes erroneas opiniones de Deo & falsas rationes
207 598 833 650 eum colendi sectantur Nominatur etiam superstitio¬
250 628 577 665 Religio vera differt a falsa¬
253 661 1023 706 1. Vera est a Deo, 2. Petr. 1. v. 3. Prout divina vis ipsius omnia nobi¬
214 702 1033 738 donavit quae ad vitam & pietatem pertinent, per agnitionem illius qui¬
229 736 1019 765 vocavit nos ad gloriam ac virtutem. Falsa a Diabolo, Jac. 3. versic. 15.
212 769 1027 804 Non est enim ista sapientia superne descendens, sed terrena, animalis, dae¬
222 798 324 841 moniacae,
261 830 1023 875 2. Vera colit verum Deum modo verbo Dei praescripto: falsa vel fin
231 861 1024 906 git alium Deum ab eo qui se patefecit verbo & operibus, vel verum
225 901 751 938 Deum aliter colit quam ipse vult & mandat.
242 926 1031 978 8. Vera habet Legem Dei integra: falsa doctrinam Legis integram
207 973 965 1004 non habet, & quicquid ex ea habet, id multis modis corrumpit:
255 1003 1018 1046 4. Vera habet Evangelium, idque perfectum: falsa illud vel igno¬
216 1033 410 1079 rat, vel depravat,
246 1070 1026 1115 5. Sola vera religio habet testimonia & solatia quae pacatas & quie¬
217 1103 1031 1139 tas reddunt conscientias: falsa non habet. Sola enim Christiana reli¬
223 1138 1026 1179 gio docet, quodnam sit illud remedium, per quod perpetuum illud dissi¬
207 1177 1027 1210 dium inter Deum & nos per & propter peccata ortum Iesa. 59. v. 2.
207 1213 1033 1245 tollitur, & vera ἔυθυυια, hoc est, tranquillitas animi nobis restituitur.
217 1239 1027 1276 De illo remedio dicitur Rom. 5. v. 1, 2. Iustificati ex fide pacem habe¬
217 1272 1037 1307 mus apud Deum per Dominum nostrum Iesum Christum: Per quem et¬
216 1308 859 1345 iam fide adducti fuimus in hanc gratiam in qua stamus
231 1340 1027 1378 6. Vera religio est pacifica, & benignitatis, misericordiae, mansuetur
214 1366 1034 1409 dinis, charitatisque autor: falsa religio est turbulenta, & crude¬
220 1405 1035 1443 ditatis, immisericordiae, odii, cedium, rapinarum, omnisque iniustitiae cau¬
217 1440 1025 1475 sa. Testantur de vera religione exempla vere fidelium, persecutionem
213 1474 1034 1520 patientium omni tempore: de falsa vero religione exempla infideli¬
226 1509 1074 1554 um Gentilium, haereticorum item & Antichristianorum persecutio¬
207 1545 736 1586 nem fidelibus moventium quovis tempore
246 1568 1035 1617 Religio falsa seu superstitio est tum idololatria & ἔδελοθρήσκειας
216 1607 830 1651 tum Iudaismus, Samaritanismus, Mahumetanismus
256 1642 1031 1682 IDOLOLATRIA, est falsa religio, quum cultus soli Deo debitus ex¬
220 1673 1034 1715 hibetur idolo. Idolum autem intelligitur Deus alius preter Iehovam
222 1713 1028 1755 qui se patefecit verbo & operibs suis. Estque tum simulacrum quo nu¬
220 1746 1034 1785 men representatur & colitur: cuiusmodi fuit vitulus ab Aarone fusus,
224 1781 1031 1818 & a populo Israelitico in deserto cultus, Mose in monte commoran¬
232 1808 1064 1852 le, ut legitur Exod. 32. v. 4. Act. 7. v. 41. Unde memorantur Apoc. 9.
219 1850 1025 1886 v. 20, aurea & argentea, & aerea, & lapidea, & lignea idola, quae nec vi¬
223 1874 1028 1917 dere possunt, nec audire, nec ambulare: Tum numen seu simulacro effi¬
219 1913 1034 1946 ctum & cultum, ut plerunque: seu adoratum absque simulaero, ut non¬
222 1945 1034 1980 nunquam: unde omnes populorum dii dicuntur esse idola, 1. Chr. 16.
235 1974 1037 2016 v. 26. Sic Paulus 1. Cor. 8. v. 4. dicens: De esu igitur eorum quae idolis.
226 2010 1031 2049 immolantur, scimus idolum nihil esse in mundo, & nullum esse Deum
228 2039 1029 2083 alium, nisi unum: per idola non intelligit simulacra, sed numina ipsa si¬
226 2080 1025 2114 mulaeris representata: quamvis enim eoram simulaeris Gentiles im¬
229 2108 1023 2149 molarent: tamen non simulacris, sed numinib per ea representatis immo,
235 2142 1027 2183 labant. No aute omnes dii Gentium imaginibus fuerunt repraesentati &
225 2179 1022 2219 culti: velut apud Seras homines iustitiae amantissimos, lege cautum e
231 2206 1025 2249 rat ne coleretur simulacra, ut autor est Bardesanes Syrus omnium Chal
234 2240 1033 2281 daeorum doctissimus apud Euseb praeparat. Evang. li. 6. c. 8. Perse non
234 2277 1031 2319 solum simulacra nulla deorum ipsi statuebant: sed etiam eos, qui sta¬
234 2306 1033 2354 tuerent, stultitiae damnabant, teste Herodoto in Clione: Hermes Tris¬
232 2339 1041 2387 megistus in Ascanio affirmat Solem Deum esse: statuas explodit: ta¬
231 2381 1039 2420 quam ab errore proavorum profectas. Romani veteres, qui eosdem
231 2412 1027 2458 habebant deos quos posteri, sine simulacris ex interdicto Numae Pom.
240 2435 1087 2481 pilii eos plusquam 100 & 70. annos coluerunt, ut refert ex Varrone
240 2476 1043 2516 August. l.4. de civit. Dei, c. 31. Imo etiam idolum est omne id in quo,
234 2515 1037 2555 loco unius Dei aut praeter unum illum & verum Deum, qui se in suo
238 2543 1033 2588 verbo patefecit, homo spem reponit: ut mammona seu pecunia, sicu¬
240 2580 1034 2617 dicit Christus Matt. 6. v. 24. Nemo potest duobus dominis servire: aut eo
240 2611 1049 2652 nim unum habebit odio & alterum contemnet. Non potestis Deo servi¬
237 2639 1047 2685 re & mammonae: Ut propria prudentia, scientia, pietas, justitia, sancti¬
238 2679 1043 2718 tas, urbs munita, robur corporis, forma venusta fedus cum vicinis, a¬
234 2709 1047 2754 micorum copia, Princeps aut quivis alius homo, in quo quis fiduciam
237 2753 1046 2792 ponit. Quicunque seipsos admitantur, & suae propriae prudentiae, scien¬
244 2776 1040 2818 tiae, pietati, iustitiae, sanctitati, fortitudini confidunt, ex seipsis idola fa¬
243 2820 1047 2853 ciunt. Totum hoc potest illustrare locus insignis Tertul. li. de idolo¬
241 2843 1041 2891 latria, c. 3. Idolum aliquandiu retro non erat. Prius quam huius monstra
238 2876 1041 2918 artifices ebullissent, sola templa & vacuae aedes erant: sicut in hodiernum
241 2915 1047 2962 quibusdam locis vetustatis vestigia permanent. Tamen idololatria age¬
249 2951 1036 2989 batur non in isto nomine, sed in isto opere. Nam & hodie extra templum
246 2981 1040 3025 & sine idolo agi potest. At ubi artifices statuarum & imaginum & om¬
237 3014 1046 3059 nis generis simulacrorum diabolus seculo intulit, jude illud negotium hu¬
241 3042 1047 3086 manae calamitatis, & nomen de idolis consequutum est & profectum. Ex¬
240 3072 1046 3123 inde iam caput facta est idololatriae ars omnis quae idolum quoquo mode
245 3108 1040 3155 edit. Neque enim interest an plastes effingat, an caelator exscuipat, an Phry¬
249 3150 1037 3193 gio detexat: quia nec de materia refert, an gypso, an coloribus, an lapide
246 3174 1044 3220 an aere, an argento, an filo formetur idolum. Quando enim & sine idolo
243 3217 1046 3258 idololatria fiat: utique cum adest idolum, nihil interest quale sit, qua de¬
249 3249 908 3289 materia, qua de effigie sit consecratum. Haec Tertullianus
282 3273 1039 3320 Idololatria ergo, est quum cultus soli Deo debitus exhibetur ide
244 3309 1061 3369 lo, sive idolum illud colatur pro Deo: sive cum Deo, ita ut unus actus
1053 236 1892 298 A religiosi cultus Deo & idolo exhibeatur communiter, atque sic Deo
1077 283 1885 330 creatura aequetur: veluti Papistae cum una & eadem δεζολογίαᾳ laudant
1086 312 1770 358 Deum & B. Viiginem Mariam, committunt idololatriam,
1104 346 1883 403 Vera religio non potest cum idolorum cultu consistere. Proinde qui
1092 389 1881 434 veram religionem sunt amplexi, eos idola amovere necesse est: Sicut
1089 412 1628 451 Iosua populum Iudaicum docuit c. 24. v. 22, 23.
1130 444 1893 495 Quaeritur hic: An etiam imagines veri Dei, item Trinitatis, Christi,
1090 477 1793 529 Beatae Virginis Mariae, & Sanctorum demortaorum sint idola.
1103 512 1882 562 RESP. Omnes imagines manu humana factae, quaecunque religio¬
1074 541 1518 589 se coluntur aut cultae sunt, sunt idola;
1118 584 1877 628 Idololatria ergo est quum cultus soli Deo debitus exhibetur idolo
1072 610 1463 659 sive proprie sic dicto sive figurate
1120 644 1882 697 Incidit hic quaestio: An etiam idololatria sit, si quis Christum ne¬
1077 684 1765 725 gans esse Deum αμουσιον Patri, tamen divino cultu veneretur.
1113 715 1885 762 RESP. Est idololatria: nam quicquid praeter Deum honore, so¬
1083 742 1886 789 li Deo debito colitur, idolum est. Unde Ariani haeretici a sanctis pa¬
1088 786 1884 835 tribus Athanasio contra Arianos oratione prima, & Gregorio Nys¬
1077 817 1879 860 seno oratione in laudem Basilii Magni, danati sunt idololatriae, quod
1095 852 1882 891 Christum creaturam esse contendentes, non Deum Patri αμουσιον,
1083 885 1879 923 divino tamen cultu persequerentur. Et in Act. 6. Synodi Nicenae se¬
1077 919 1886 956 cundae dicitur, Arianos iuste a Catholica Ecclesia idololatras appel¬
1086 949 1883 993 lari. Et quoniam Nestorius divinum item cultum Christo deferebat,
1094 991 1889 1032 quem merum hominem esse volebat, non Deum; eadem Nicaena.
1089 1023 1886 1068 bynodus in Act. 7. epistola Synod. ad Constantinum & Irenen, dicit
1083 1049 1787 1091 se fidenter anathematizare Nestorii idololatriam in homine.
1114 1078 1885 1128 Idololatria duplex est: Vna est tectior & subtilior, cum verus quide
1086 1116 1886 1164 Deus colitur, sed alio modo quam se in verbo suo coli praecepit. Exem.
1093 1150 1881 1198 pli gratia: qui colunt Deum per statuas & imagines, sunt idololatrae
1081 1188 1873 1225 etiamsi centies millies negarent se colere alium praeter verum Deum
1084 1218 1883 1267 Fingunt enim Deum corporeum & qui velit coli ad statuas: proinde
1086 1255 1893 1291 mutat Deum, mutata eius essentia & voluntate. Ita cultus Iehovae per¬
1093 1288 1891 1327 vitulum auteum ab Aarone fusum erat idololatria: Similiter cultus
1093 1317 1882 1364 Iehovae per vitulos auteos Jarobeami Regis Israelitatum collocato
1087 1354 1877 1401 Dane & Bethele fuit idololatria: etiamsi & Aaron & Iarobeam prae¬
1086 1389 1883 1434 tenderent se eo modo colere Iehovam qui populum Israeliticum ex
1092 1419 1646 1454 AEgypto eduxerat, Exod. 32. 4, 5. 1. Reg. 12. v. 28.
1088 1445 1882 1493 Idololatriae autores, propagatores, propugnatores & administri prae¬
1083 1492 1887 1530 tendunt commoda populi, quum sua spectent & quaerant compendia
1086 1522 1891 1556 ac lucra, ut Jarobeamus Rex Israelitarum 1. Reg. 12. v. 26. & seq. ut De¬
1099 1557 1882 1593 metrius Actor. 19. v. 24. & seqq. Iidem praeficiunt sacris idololatrici:
1092 1589 1888 1628 etia ex insimis populi qui modo volunt, & reliciunt sacerdotes a Deo.
1096 1622 1855 1672 constitutos, ut fecit Jarobeamus 1. Reg. 12 v. 31. 2. Chr. 11. v. 14, 15.
1118 1651 1591 1694 Idololatria est omnibus modis fugienda
1128 1685 1859 1730 I. Quia severissime est a Deo prohibita in Decalogo Exod, 26.
1135 1716 1891 1762 II. Quia peccatum horredum est: nam non simplex est peccatum, sed
1091 1748 1885 1793 duo mala gravissima complectitur, nempe aversionem a Deo, & con¬
1092 1786 1886 1827 versionem ad alia pro Deo: ut patet verbis Jer. 2. v. 12, 13. Olstupescit
1090 1821 1885 1858 coeli de hac re: & horrescites desolemini valde, dictum Iehovae: Nam du¬
1098 1856 1892 1892 mala fecit populus meus: me dereliquerunt scaturiginem aquarum vive¬
1090 1888 1886 1925 tium, ut effoderent sibi cisternas, cisternas fractas, quae non capiunt aquas
1101 1922 1888 1959 Quo ergo mala concurrunt in idololatria, aversio a Dei, & conversio
1092 1959 1892 1994 ad alia, DDeo: quorum malorum prius formale posterius quasi materiale
1090 1990 1895 2026 est, ut ipsi docet Scholastici. Priy ergo gravius omnino & magis phor¬
1089 2026 1889 2059 rescendum est. Aversio a Deo est exsecrabilior invocatione sanctorum.
1117 2052 1882 2095 III. Quia inter omnia peccata omnium frequentissime & gravissi
1089 2083 1886 2134 me in Sacra Scriptura accusatur, ut libri historici & Prophetici Vete¬
1088 2123 1502 2160 ris Testamenti in primis ostendum
1123 2149 1879 2194 IV. Quia Deum maxime ad ira provocat & poenas exitiumque at
1083 2184 1876 2224 trahit totis familiis, imo etiam totis regnis, ut libri vet. Test. docent ex
1093 2218 1888 2255 emplis populorum qui in terra Canaan ante Israelitas habitatunt, exe¬
1092 2255 1891 2297 plis item Israelitatum in deserto Deut. 4. 3. & postea in terra, pmissa
1093 2285 1882 2322 tempore Iudicum, exemplis regni decem tribuum Israeliticarum & re¬
1092 2323 1885 2365 gni Iudaici. Propter idololatriam Achabi & Israelitatum siccitas in
1092 2352 1679 2395 Israele fuit per annos tres & mensos sex, 1. Reg. 17.
1113 2381 1881 2431 V. Quia ab uno scelere ad alia impellit multo graviora, vt videre est
1104 2415 1603 2457 n exemplo Achabi 1. Reg. 16. v. 30 & seqque
1098 2436 1884 2493 VI. Quia est defectio a Deo, quae in Magistratibus punitur defectione
1095 2485 1882 2530 subditorum ab eis: ut Moabitae defecerunt a regno Israelis ob idolo¬
1099 2515 1337 2562 latriam, 2. Reg. 1. v. 1.
1119 2533 1776 2595 Idololatre sunt crudeles, ut Iezebel regina 1. Reg. 18. 4.
1203 2588 1784 2634 Hactenus de idololatria tectiore & subtiliore:
1101 2633 1882 2677 Altera idololatria est apertior & crassior, cum religiose colltur pro Deo.
1089 2667 1871 2707 id q non est Deus: qualis fuitolim atque etianum est idololatria Gentili¬
1107 2703 1874 2740 um, demonia, homines & alias res creatas colentium: qualis ite est hodi
1105 2733 1872 2772 Papistarum in cultu religioso non tantum rerum creatarum, ut sanctorum Ange
1099 2765 1886 2805 lorum & hominum & imaginum seu statuarum quibrs Angeli vel homines.
1098 2801 1876 2838 sancti aut etiam scelerati (quales fuerunt Georg. Cappadox, Franciscus
1099 2834 1887 2874 Bernatdonis, Dominicus & similes qui nequaquam sancti fuerunt) ef¬
1099 2866 1887 2907 finguntur, sed etiam crucis, reliquiarum, imo & eorum qui nunquam fue¬
1095 2906 1880 2941 runt in rerum natura ut fictitii Christophori, & Catharinae fictitiae. Spe¬
1099 2938 1883 2980 cies eius exsecrabilissimae sunt fedus cum Diabolo & Magia diabolica.
1116 2967 1885 3007 Fedus cum diabolo, est ex secrabilissima idololatria quum quispia polli¬
1111 2998 1890 3040 itatione rei alicuius a diabolo accepta, eius promissis fidem adhibeta
1101 3041 1892 3076 eique obedientia, pmittit, falso de eius potentia in prestadis promissis per¬
1110 3065 1882 3113 suasus. Esse idololatriam certum est: I. quia qui fedus cum diabo¬
1106 3101 1889 3146 lo init, facit sibi ex diabolo deum quendam eoque idolum, tribuens et
1110 3139 1892 3186 quod veri Dei proprium est, nempe immutabilem veritatem & pote¬
1112 3170 1895 3211 tiam absolutam quum diabolus sit mendax & pater mendacii, & nihil
1106 3205 1883 3251 possit nisi quantum Deus ei concedit. II quia colit eum ista confede¬
1095 3231 1894 3277 ratione & fiducia sua in eum. Exempla fedus cum diabolo percus¬
1106 3269 1900 3314 serunt aliquot Pontifices Romani ut Pontificatum assequerentur &
1106 3301 1316 3355 alia quae volebant
