2063 3437
263 198 1009 243 RESP. Primo, Assumtio non recte probatur ex allegato testime
229 229 1014 270 nio: Nam in assumtione intelligitur fides justificans: At in testime¬
230 268 1012 307 nio Paulino, tantum fides miraculorum; quod liquet ex sequent
234 292 1028 339 bus verbiss adeo ut monces transferam. Secundo, dissentit Jesuita a
231 329 1015 364 Thoma Aquinate, qui in explanatione hujus loci, fidem nequa
232 364 1019 406 quam separat a cognitione; sed diserte dicit: Apostolum proponer
234 398 1033 441 quatuor dona gratuita, ad cognitionem pertinentia; scil. sapientiam,
238 432 1031 470 scientiam, FIDEM & prophetiam. Eadem est Nicolai Lyrani sen¬
232 466 299 507 tentia
276 491 1015 534 Replicatio: Non intelligi in testimonio Paulino tantum fidem mi¬
232 532 1030 578 raculorum, ajunt Papistae inde liquere; quia Paulus expresse nominat,
240 562 598 605 Omnem fidem, πκταν τῆν πίσεν,
267 586 1034 631 RESP. Homonyma est vox omnis, quae hoc loco non significat,
240 629 1021 664 universalem complexum specierum, sed unius speciei quandam per¬
241 662 1031 696 fectionem, & (ut ita loquar) totalitatem declarat: Ita ut omnis fides
237 697 1018 737 hoc loco idem sit ac tota seu perfecta fides. Sicut etiam Thomas A¬
241 731 1024 772 quinas in hujus loci explanatione declarat; Sic enim ait; Potest ex¬
243 762 1025 801 pont id, quod dicit omnem fidem, id est, omnium articulorum: sed me¬
237 799 1030 837 lius est, ut exponatur omnem, id est, perfectam fidem, propter illud, quod
244 826 1025 867 subditur, ita ut montes transferam. Dicitur enim Matth. 17. Si habue¬
232 861 1031 902 ritis fidem, sicut granum sinapis, dicetis monti huic. transi hinc & tran¬
246 897 1028 937 sibit. Et quamvis granum sinapis sit minimum quantitate, non tamen
240 930 1036 969 intelligitur parva, sed perfecta fides grano sinapis comparati. Similiter
237 966 683 1004 declarat Glossa ordinaria interlinearis
274 991 1025 1034 Triplicatio: Per omnem fidem, non intelligitur hic perfecta fides, quo
237 1035 1031 1082 miracula eduntur: quia multi sancti perfectam fidem habuerunt, nec
234 1063 685 1108 tamen ullus legitur montes transtulisse.
265 1092 1034 1135 RESP. Thomas Aquinas in explanatione 1 Cor. 13 recte respon¬
237 1125 1028 1167 det: Hoc solvitur per id, quod I. Cor. 12. dicitur: Unicuique datur declava¬
240 1171 1025 1205 tio Spiritus ad utilitatem, Illo enim modo, loco & tempore, miracula po¬
243 1201 1027 1233 gratiam Spiritus S fiunt, quo Ecclesiae requirit utilitas. Fecerunt autem
237 1233 1023 1273 sancti multo majora, quam translationem montium, prout erat fidelibs
234 1264 1028 1298 utile. puta suscitando mortuos, dividendo mare, & alia huiusmodi opera
240 1294 827 1331 faciendo. Et hoc etiam fecisset, si necessitas affuisset.
270 1325 1022 1366 Instantia: Similiter distinguit Apostolus notitiam a fide, 1. Cor. 13.
241 1364 1028 1398 8, 9. Hucc quidem per Spiritum datur sermo sapientiae, alii vero sermi
237 1400 1016 1434 notitiae per eundem Spiritum: alteri vero fides per eundem Spiritum.
271 1428 1037 1467 RESP. Primo, allegatur testimonium impertinens. Falsum enim
238 1464 1031 1505 est Apost. in hoc dicto discernere notitiam a fide justificante: sed di¬
237 1498 1037 1540 scernit sermonem notitiae a fide. S cundo, hic quoque homonyma est vox¬
231 1533 1041 1577 fides; quae in dicto Pauli, vel significat specialem fidem, per quam edun¬
231 1566 1027 1601 tur miracula: quod fatetur ipsemet Bellar. qui ait hic intelligi eximi¬
237 1597 1034 1639 fidem, quae montes etiam transferre possit: At in assumtione proban¬
231 1632 1024 1668 da intelligitur fides justificans. Vel per metonymiam subjecti, intel¬
229 1663 1037 1703 ligitur sermo, seu facultas proponendi docttinam de fide; ut exponit
231 1698 1030 1733 Thom. Tquiit. in explanatione hujus loci, ubi ait: Alieri datur fidet
231 1732 1033 1763 in eodem spiritu, non autem hic accipitur pro fidet virtute, quoniam hoc
238 1764 1033 1801 commune est omnibus membris Christi, secundum illud Hebr. 11. Sine.
243 1795 1031 1836 side impossibile ist placere Deo. Sed accipitur pro sermone fidet, prout sci¬
241 1830 1022 1869 dicet homo potest recte proponere ea, quae fidet sunt. Similiter explicat
234 1860 589 1906 Glossa ordinaria interlinearis
267 1892 1024 1939 III Si fideles est necesse captivare intellectum in obsequium Christi.
231 1929 1033 1970 tum fides non est notitia: At prius est; ut patet ex 2. Cor. 10. v. 5. & in
233 1973 1023 2016 captivitatem redigendo omnem coguationem ad obediendum Christo
224 1995 428 2040 Ergo & posterius.
249 2035 1029 2075 RESP. Prin o, Amphibolia est in phrasi propositionis, captivare
231 2062 1021 2104 intellectum in obsequium Christ.. Nam si idem declarat, ac credere
240 2096 1034 2138 Evangelio Christi, utcunque inteliectui non regenerato ac rationi¬
231 2137 1025 2175 corruptae illud absurdum videatur; & propterea etiam notitia, de ho¬
234 2168 1034 2213 minis animalis sapientia intelligatur: vera erit propositio. Neque etiam
232 2202 1025 2241 nos dicimus, fidem esse notitiam rationi humanae, a Spiritu Sancto
226 2234 1022 2271 non regenerate. consentientem. Sin vero denotet, non intelligere ea
241 2268 1022 2309 quae sunt credenda, ita ut etiam notitia negetur articulorum fidei; tum
228 2301 1016 2337 falsissima est propositio Secundo, perperam accommodatur testimo.
231 2336 1018 2372 nium Pauli, ex Cor. 10. 5 ad probandam assumtionem. Nam in as¬
226 2367 1016 2406 sumtione dicitur fidelib. esse necesse, captivare intellectum in obse¬
226 2402 1016 2444 quium Christi: At Paulus ait, arma muitiae suae diuvinitus esse valida,
229 2437 1019 2473 ad subversionem munitionum, rat ocinationes evertendo, omnemque
226 2468 1016 2505 psublimitatem, quae sese extollit, adverjus cognitionem Dei: & in capti¬
231 2499 1021 2537 vitatem redigendo omnem cogitationem, ad obediendum Christe. As¬
222 2533 1027 2569 sumtio igitur primo tribuit fidelib quod Paulus adscribit armis mili¬
235 2564 1028 2606 tiae suae. Deinde, assumtio tollit omnem cognitionem: At Paulus
225 2600 1025 2635 to: dit tantum cognitionem terrenam, quae se extoilit adversus cogni¬
223 2633 647 2669 tionem Dei caelestem & spiritualem
263 2665 934 2706 IV. Quod est conquactum cum obedientia, id non est notitia¬
307 2701 1019 2740 Fides est conjuncta cum obedientia: Fides igitur non est notitia;
254 2729 1015 2772 RESP. Propositio est falsa. propter errorem falsorum opposito. u
225 2764 1024 2805 Obedient a enim fide: non tollit notitiam, sed requirit, Joh. 10 58.
237 2798 1018 2837 Vt cignoscatis & crodatis, Patrem in me esse, & me in eo 1. Joh. 4. 16. Et
231 2829 992 2874 nes cognovimus & credidimus, charitatem quam habet Deus en nos
264 2861 1012 2905 Propositionis probatio. Quorsum enim obedientia in credendo
235 2893 728 2938 opus esset, si per fidem notitia praeberetur?
265 2929 1010 2975 RESP. Est manisesta principii petitio, in qua idem prorsus ζο
238 2962 1016 3005 λογίαᾳ quada, tantum interrogatione figurata petitur: similis huic: Vera¬
231 2989 1012 3041 Ecclesia est Catholivs: Quomodo enim, sst vera, si non esset Catholicas
262 3021 1015 3073 His igitur argumentis non evincitur, fidem notitiaui non esse: ad
241 3060 1019 3105 proinde eriam absurdissimum est, quod Bellarminus ait; Fidem me¬
230 3090 772 3138 lius per: guorantiam, quam per not intam definiri
396 3125 852 3192 Haec de prima parte fidei salvificae.
271 3173 1021 3235 Secunda pars fidei salvificae, est συγκαζοθεσις, id est, assensus firmus
230 3212 1016 3267 omni verbo Dei & spegiatim puomissioni gratiae aduibitus, uou
1079 190 1876 243 propter evidentiam rei & probationum, nec propter notitiam causi
1080 239 1886 283 rum & proprietatum rei, de qua aliquid credendum, sed propter au¬
1077 269 1885 310 toritatem dicentis Dei. Nam verbo Dei assentimur, propter Dei au¬
1077 300 1880 345 toritatem, non autem propter rationes a Deo nobis allatas; Assen¬
1083 332 1880 376 tiendum enim est Deo dicenti & promittenti, etiamsi non intellige
1077 369 1891 405 remus, an & quomodo esse vel fieri possit, quod Deus dicit & promit¬
1086 397 1891 448 tit. Credimus nobis incognita videlicet naturaliter, sed tamen cogni¬
1083 436 1841 476 ta per revelationem divinam, propter quam firmiter assentimur.
1120 468 1880 514 Tertia est ωληροφορια, ὑπο ςασις sεu πεποθεσις, id est, plena persua.
1077 499 1892 547 sio & fiducia veracitatis seu fidelitatis, potentiae & misericordiae Dei,
1084 540 1888 574 ac puoinde & salutis seu vitae aeternae per & propter Christi meritum
1083 565 1882 615 seu justitiam, quam certo unusquisque statuit sibi quoque donari & im¬
1092 597 1166 649 butari.
1227 637 1750 696 Hactenus fuerunt partes fidei salvificae.
1101 686 1885 737 Ejus caussa efficiens & conservans αρχετεκλονιιη & princeps est Deus
1077 724 1886 770 Pater, Filius & Spiritus Sanctus, unus ille Iehova, cujus donum super
1078 763 1892 805 naturale est fides salvifica, & quoad initium & quoad incrementum
1077 800 1885 847 & quoad consummationem, quum ab eo detur ut credamus, ut in
1083 828 1789 872 fide proficiamus & in eadem usque ad finem perseveremus.
1119 864 1879 906 Quod a Deo sit initium fidei salvificae, docet Paulus cum ait Phi
1089 901 1887 938 1. v. 6. qui incepit in vobis epus bonum: & clarius v. 29. Gratis datum
1092 934 1881 975 est vobis in Christi negotio, non solum in eum credere, sed etiam pro e¬
1089 971 1890 1009 pati. Docet Christus dicens Petro Matth. 16. ver. 17. Caro & san¬
1080 999 1895 1041 guis haec non retexit tibi, sed Pater meus qui est in caelis. & Paulus ite¬
1095 1034 1894 1072 tum 2. Cor. 3. v. 5. Non quod idonei sumus per nos ipsos ad cogitandum
1088 1067 1860 1114 quit quam, velut ex nobis ipsis: sed quod idonei sumus id ex Deo est.
1131 1098 1881 1142 Deinde ipsum etiam velle credere est a Deo, non a nobis, Phil. 2.
1092 1136 1889 1173 13. Deus enim is est qui efficit in vobis & ipsum velle, & ipsum agere
1093 1167 1895 1203 pro gratuita sua benevolentia. Joh. 6. v. 44. Nemo potest venire ad
1083 1199 1894 1235 me, id est, credere in me, nisi pater qui mesit me, traxerit eum, id est, ex
1088 1236 1898 1280 nolente volentem effecerit. Non ait duxerit, ne putemus illic aliquo
1089 1269 1889 1303 mo so praecedere voluntatem humanam. Quis enim trahitur, si jam
1086 1300 1897 1343 volebat? Ergo in initio fidei in eius que acceptione homo se habet
1099 1338 1892 1374 pure passive, quum homo ipse in se non efficiat fidem, sed a Deo in¬
1092 1369 1889 1407 tusam accipiat tantum. Nemo tamen venit ad Christum nisi vole ns
1093 1399 1888 1438 Pater enim trahit ad Christum non cogendo invitos, sed operando
1089 1434 1885 1475 intus ut velint, revelando Filium suum & largiendo Spitum Sancti
1098 1476 1897 1507 per quem fidem Evangelii inspirat, per quem oculos menis no ttrae
1086 1503 1880 1539 iliuminat, per quem nos docet, & dulcissimo raptu ad Christum tra¬
1083 1531 1882 1573 hit, sic ut volentes ex nolentibus facit, utque cupide trahentem Patri
1083 1568 1888 1607 sequamur: Et v. 45. Quisquis audi vit a Patri, & didicit, venit ud me,
1089 1599 1880 1641 id est, credit in me Matth. 11. 25. Illo ipso tempore respondens Iejus di¬
1093 1641 1892 1674 xit, Gloriam tibi tribuo Pater Domine cali & terrae, quoa haec occuita¬
1088 1673 1886 1713 veris sapientibus & intelligentibus: & ea detexeris infantibus: I. Cor¬
1093 1702 1883 1738 2. v. 4. Neque oratio mea & praeconium meum versatum est in persua¬
1093 1732 1886 1772 soriis humanae sapientiae verbis, sed in demonstratione spirituali & po¬
1093 1772 1889 1802 tente. Ne fides vestra consistat in sapientia hominum; sed in potentia
1089 1800 1891 1841 Dei. Joh. 15 5. Seorsim a me nhil potestis facere. 2. Cor. 12. 9. Gal. 5.
1096 1836 1888 1874 22. Fructus Spiritus, est chartas, gaudium, pax, irae cohibitio, benigni¬
1096 1865 1517 1908 ras, bonitas, fides, lenitas, consinentia.
1125 1895 1892 1938 Obiicitur I. Quicquid est in nobis ante Spiritum Sanctum, ejus
1207 1930 1653 1971 causa efficiens non est Spiritus Sanctus:
1167 1962 1682 2006 At fides est in nobis ante Spiritum Sanctum.
1171 2003 1734 2040 Ergo fidei causa efficiens non est Spiritus Sanctus
1119 2029 1804 2070 Assumtio probatur: quia fide accipimus Spiritum Sanctum.
1113 2067 1888 2110 RESP. Primo, Majorem limito: Quicquid est in nobis ante
1086 2094 1879 2141 Spiritum Sanctum, nempe reipsa, ejus causa efficiens non est Spiri¬
1076 2139 1883 2183 tus Sanctus: At fidem in nobis ante Spiritum S. esse teipia, negatur.
1083 2170 1880 2213 Nam Spiritus S. est etia in illis qui non credunt, verum ut Deus ubique
1078 2201 1888 2238 existens sua essentia, & ut suadens tantum, non ut sanctificans. In ese¬
1076 2238 1874 2282 ctis autem repente fidem inserit cordibus, sic ut causa sit fidei, prio¬
1086 2267 1885 2309 illa & ordine & dignitate. Fides quidem prius a nobis seutitur, quam
1080 2306 1877 2342 praesentia Spiritus regenerantis: reipsa tamen Spiritus regenerationis
1081 2338 1886 2378 est in nobis ante fide. Deinde assumtionis probatio est aibigua Fide
1090 2373 1873 2408 enim accipimus Spiritum S. non quod fides sit prius in nobis ex na¬
1083 2408 1873 2441 turae viribus & postea demum accedat Spiritus S. Ille enim error es
1080 2437 1888 2473 Pelagianorum: & actio Spiritus Sancti creantis in nobis fidem est,
1092 2473 1885 2507 prior fide, etsi tempore simul sit: sed quod fidei initium sit acceptio¬
1084 2500 1874 2545 Spiritus Sancti: & quod fide inchoata, magis magisque per eam au¬
1080 2539 1817 2584 geantur dona Spiritus Sancti, quae per fidem in nobis operatur.
1119 2571 1879 2612 Objicitur II. Fides impetiat Spiritum Sanctum per preces, Luc¬
1080 2599 1876 2641 I1. v. 13. Quanto magis Pater vester calestis dabit Spiritum Sanctum
1072 2644 1877 2686 petentio, ab ipso? Ergo fidei causa efficiens non est Spiritus Sanctus,
1107 2671 1886 2718 RESP. Antecedens non est simpliciter intelligendum, sed secun¬
1087 2700 1879 2739 lum quid. Fides impetrat Spiritum Sinimirum majore copia, per pre¬
1074 2741 1879 2774 ces videlicet renatorum per Spiritum S. qui in eis format preces, Rom.
1071 2773 1879 2808 8. 26, 17. Initio aute datur Spiritus S. electis non petentibus Rom.
1086 2806 1876 2841 0. 26. Ex his patet initium fidei salvificae esse a Deo: Unde non du¬
1071 2832 1870 2874 bitavit Augustinus retractare opinionem suam, qua aliquando ini¬
1077 2872 1877 2926 tium fidei nobis adscripserat nostrum esse credere, Tomo primo,
1074 2908 1670 2943 retractationum libro primo, capite vigesimotertio¬
1113 2934 1868 2978 Quod a Deo sit progressus seu profectus fidei salvificae, patet inde¬
1078 2973 1876 3015 quia a Deo incrementa fidei petenda sunt, sicut pater lunatici adole¬
1083 3011 1865 3047 entis fecit, clamans cum lachr; mis ad Christum. Marc. 9. v. 24.
1068 3038 1868 3079 Ceedo Domine, succurre incredulitati meae: Et Apostoli dixerum
1071 3065 1874 3119 Domino, Luc. 17. 5. Adaige not is fidem. Patet etiam inde, quia Deo
1078 3106 1869 3147 pro incrementis fidei gratiae agendae sunt; Sic enim Paulus scribit.
1068 3141 1871 3190 2. Thess. 1. 3. Gratias agere deb. mus Deo semper ui vobis fratres, ut
1063 3169 1595 3211 par est, quod vehementer augesca fides vestra.
1102 3202 1864 3241 Quod denique perfectio & consummatio fidei sit a Deo, se
1075 3237 1873 3278 quentia testimonia Scripiura ostendunt. Philipp. cap. 1. versic 6.
