2063 3407
183 197 982 255 mis promissionem gratiae ignorat. Quo etiam pertinet, quum quis
187 247 990 299 ignorat, Sacrae Scripturae doctrinam sive in generali, sive in particu¬
186 280 628 321 lari, esse vere divinam & Canonicam:
217 310 809 352 Estque e subjectis vel universalis, vel particularis.
225 334 989 386 Universalis, est quum quis universam veritatem in verbo Dei pa¬
184 373 398 421 tefactam ignorat.
225 397 982 446 Particularis, est quum quis partem hanc vel illam veritatis a Deo.
183 444 983 490 patefactae ignorat: qualis erat Jiphtachi, qui ignorabat, se filiam redi¬
190 476 491 519 mere posse, Jud. 11, 37. 41.
232 510 1012 561 Praeterea ignoratio veritatis coelestis vel affectata est, vel non af¬
182 533 274 586 fectata.
219 576 984 621 Ignorantia affectata, quum quis voluntaria inscitia ignorat qua¬
188 610 986 648 non poterat non scire. De quali agitur 2. Pet. 3. v. 5. Ignorantia non
188 637 389 675 affectata, contra.
229 662 929 715 Ignoratio autem veritatis divinae damnabilis est & fugienda
220 708 980 749 Primo, quia est peccatum a Deo prohibitum. Psalm. 32. 9. Ne¬
190 729 989 776 estote ut equus, ut mulus, expertes intelligentiae: cujus os fraeno & ha¬
189 773 985 812 bena constringendum est, ne appropinquet ad te. Ephos. 4. v. 17, 18. 1.
196 806 875 842 Thessal. v. 13. Nolim vos in ignorantia versari, fratres, &c.
214 839 987 884 Secundo, quia reprehenditur a Deo gravissime, Jes. 1. vers. 3. & cap.
201 872 713 913 14. 13. 14. Psal. 92. 7. & 94. 8. Matth. 15. v. 16.
222 894 986 938 Tertio, quia est mater omnium haeresium & errorum: sic ut rectu
187 933 983 971 ab Hieronymo dictum sit, Scripturarum ignorationem, Christi i¬
201 971 989 1017 gnorationem esse, ut citatur in Jure Canonico, capitulo si juxta, Di¬
186 1000 342 1043 stinctione3 8.
220 1023 995 1079 Sic ut detestandum sit dogma Papistarum, ignorantiam esse verae
199 1061 770 1103 pietatis atque obedientiae matrem atque causam.
225 1101 833 1145 Quarto, quia eam fideles detestantur, Psalm. 106. 7.
237 1138 819 1179 Quinto, quia poenas certas attrahit. Psalm. 28. 4. 5.
226 1158 994 1210 Distinguenda est ab ignoratione qua quis ignorat ea quae per se
186 1203 987 1244 non sunt necessaria ad salutem aeternam: cujusmodi ignoratio non
187 1231 987 1277 damnat, veluti cum quis nescit, quod Scriptura Sacra sive in generala
186 1262 986 1299 sive in particulari accidentaliter seu quoad literas & apices quibus
190 1299 989 1334 exarata est, sit divina & Canonica; Nam Patres ante Mosem olim
192 1329 985 1364 servati sunt, ignorantes quod aliquando scribendi essent libri Biblici
195 1364 977 1397 & post scriptos libros multi illiterati nescierunt eos & tamen cre¬
195 1394 989 1433 dentes doctrinae servati sunt & servantur: Imo Turcae & barbari alii
192 1427 991 1465 si praedicationi Evangelii crederent, servarentur, licet scriptos libros
191 1462 319 1506 ignorarent
218 1490 986 1531 Similiter cum quis ignorat numerum & seriem librorum Cano¬
184 1528 983 1562 nicorum, item capitum singulorum, ut nunc sunt in Bibliis, talis igno¬
193 1564 986 1594 ratio non damnat: quia sine notitia numeri & seriei librorum Cano¬
190 1597 758 1641 nicorum & capitum singulorum multi salvantur.
214 1622 985 1664 Ita non damnat ignoratio quod liber aliquis in particulari sit il¬
193 1654 992 1693 lius cujus nomen praefert, exempli gratia quod Hoseae liber sit Ho¬
183 1693 985 1730 seae; quia sine ea notitia salvati sunt Patres ante Hoseam, & hodie sala
183 1732 993 1766 vantur multi nescientes nomen Hoscae. Alioquin etiam ad salutem
183 1764 991 1794 aeternam pertineret scire scriptorem libri Josuae, Judicum, Estherae,
196 1790 986 1842 Jobi: de quotamen hactenus in Ecclesia ignoratum aut dubitatum
186 1822 503 1871 fuit absque periculo salutis
243 1853 992 1890 Negatio veritatis divinae, opposita pio assensui est erronea &
191 1884 986 1925 blasphema, & si pertinaciter contemtis omnibus monitis & evictio¬
193 1919 979 1957 nibus defendatur, est haeresi satque haereticum facit, sive per se & sim
202 1951 982 1990 liciter, sive per accidens: Exempli gratia, si quis neget Sacram Scri¬
184 1994 979 2031 pturam sive quoad doctrinam sive quoad libros quibus continetur
192 2019 984 2058 esse divinam & Canonicam, Jes. 8. v. 20. Ad Legem & ad testimonium,
189 2052 985 2095 Quod si non dixerint secundum verbum hoc non erit eis lux matuti¬
199 2090 974 2125 na, I. Johan. 2. 22. Quis est mendax, nisi qui negat, Iesum esse Chri¬
196 2115 983 2155 stum illum? hic est antichristus, qui negat Patrem & Filium. Etcap.
202 2155 989 2190 5. v. 10. Qui non credit Deo, mendacem cum facit, quia non credidit
188 2180 745 2223 testimonio quod testificatus est Deus de Filio suo.
223 2206 991 2255 Negare tot esse libros Canonicos & tot singulorum capita quod
192 2245 983 2283 in Bibliis exstant, item librum aliquem esse illius cujus nomen prae¬
192 2278 988 2319 fert; idque negare eo fine ut derogetur Scripturae Sacrae, aut turbe¬
193 2313 926 2355 tur & indubium vocetur fides Ecclesiae, est haeresis per accidens.
232 2338 989 2387 Diffidentia opposita plerophoriae fidei, est quum quis notitias de
194 2380 1000 2417 Deo & promissiones divinas ad se non applicat ac metu desertionis:
189 2411 851 2453 divinae ab officio recedit & extra Deum praesidia quaerit.
232 2435 1025 2490 istae sunt partes incredulitatis, quarum tamen quaelibet Synecdo¬
195 2468 831 2520 chice dicitur infidelitas, item incredulitas communiter¬
223 2509 834 2548 Porro infidelitas est primo vel positiva vel negativa.
218 2533 980 2579 Infidelitas negativa, est peccatum, cum quis Evangelium de Chri¬
195 2577 986 2612 sto non audivit, ac propterea non credit, proinde non habet saluta¬
189 2609 989 2651 rem habitum fidei vivae, sed tamen exitiali habitu incredulitatis caret.
222 2644 986 2691 Haec infidelitas negativa est peccatum, non tantum poena pec¬
190 2674 233 2712 catis
225 2706 974 2743 Eaque vel sola damnat & a regno coelorum arcet: Nam non au¬
183 2732 980 2776 diisse aliquid de Christo, non sufficit ad infidelitatis excusationem
193 2777 979 2815 quandoquidem quod multi de Christo non audiverint, id ipsorum
184 2808 968 2845 culpa contigit, Deo justissime puniente peccatum ipsorum, denega
187 2837 974 2874 tione praedicationis verbi Dei. Ignorantia igitur non excusat eos
183 2876 986 2913 qui fidei capaces sunt, quandoquidem ignorantia in Adamo, in quo
193 2907 977 2953 omnes peccaverunt, voluntaria fuit, & debent omnes & scire & cre¬
182 2937 242 2973 dere.
219 2971 977 3017 Infidelitatem negativam non esse peccatum, nititur Stapletonus
183 3003 854 3044 Thomam Aquinatem sequutus probare his argumentis.
216 3029 974 3071 I. Quia sit peccati poena. RESP. Est ignoratio elenchi, quas
186 3072 976 3113 non & peccatum esse possit, & peccati quoque poena; & si peccatum
183 3101 980 3146 non sit, possit aliquis cum ea infidelitate servari; quia saluti nihil nisi
196 3136 431 3179 peccatum adversatur.
216 3171 982 3213 II. ExJohan. 15. v. 22. ubi Christus ait: Si non venissem & loquu¬
177 3203 647 3249 tus eis fuissem, peccatum non haberent.
1077 197 1841 252 RESPON. Non voluit indicare Christus, Judaeos infidelitatis reos
1036 245 1838 284 minime futuros, nisi ipse ad eos venisset, loquutusque eis fuisset: tum
1039 280 1846 315 enim omnes; qui Christum ipsum nunquam audierunt infidelitatis
1039 314 1845 352 noxae Christus eximeret: sed habituros tamen aliquid fuisse, quo se¬
1042 350 1846 389 excusarent, quodque suae infidelitatis peccato quasi velum quoddam
1044 381 1847 427 obtenderent. Id enim sensisse Christum ex iis quae sequuntur verbis
1053 419 1829 455 pertissimum est; quando ait: Nunc vero ωροφασιν σσκ εχεσι, nihil ha¬
1054 445 1837 488 pent quod peccato suo praetexant, quandequidem ego ipse ad illos
1047 478 1537 529 veni, atque illis ipse viva voce loquutus sum
1069 508 1834 549 III. Qui habitus non fuit in Adamo ante lapsum, ejus habitusr
1052 541 1846 584 privatio non est peccatum: At fidei salvificae habitus non fuit in A¬
1038 578 1265 626 damo ante lapsum,
1072 609 1188 652 Ergo: &c.
1080 621 1846 685 RESPON: Major tantum est particularis, pro toto in ea ponitur;
1053 673 1837 717 quod totum non est, sed tantum pars, tum esset vera, si sic proponere.
1051 715 1841 743 tur: Qui habitus non fuit in Adamo ante lapsum, nimirum ullo mo¬
1048 739 1838 784 do; ejus privatio non est peccatum. Secundo minor non est simplici:
1040 776 1846 814 ter vera, sed tantum secundum quid? Fidei salvificae habitus non fuit.
1043 807 1850 847 in Adamo ante lapsum, scilicet non simpliciter, sed eo modo non fuit;
1056 838 1847 882 quo post lapsum. Nam post lapsum in Adamo fuit fides in Christum
1040 871 1849 911 moriturum propter peccata nostra: At ante lapsum fides in Adamo,
1041 903 1840 941 erat in Filium Dei datorem vitae aeternae homini praestanti perfectam¬
1051 936 1834 975 constantemque Legi obedientiam. Fides ante lapsum non minus era
1041 968 1844 1008 in Filium Dei, quam post lapsum: sicut Filius Dei non minus anter
1050 1002 1843 1041 lapsum erat autor & dator vitae aeternae, quod significabat sacramen¬
1053 1044 1842 1074 lum arboris vitae quam est post lapsum: sed diversus fidei modus erat
1050 1069 1846 1102 Nam ante lapsum credebat Adamus se vitam aeternam Filio Dei au¬
1045 1102 1843 1136 tore & datore habiturum, si ipse Adamus perstaret in praecepta a Deo
1048 1141 1837 1170 obedientia: Post lapsum vero accepta promissione de semine mulie
1054 1167 1837 1204 is credebat, se vitam aeternam Filio Dei autore & datore habitu
1050 1199 1841 1242 rum, si ipse in sola obedientia & merito Christi plena fiducia recum¬
1046 1232 1122 1273 beret.
1075 1259 1844 1305 Infidelitas positiva, est peccatum, quum quis verbum Dei & in eo¬
1056 1300 1847 1333 promissiones Dei, aut de Christo Evangelium sibi annunciatum au¬
1041 1338 1837 1377 divit, & tamen ei non credit, saltem cum fiducia, aut saltem aliquam
1042 1365 1847 1410 diu, & proinde ex utroque laborat malo, nimirum & vacuitate fidei
1054 1396 1328 1434 & habitu incredulitatis
1082 1421 1853 1475 Incredulitas onim, est proprie, cum quis audito & cognito verbo
1053 1464 1852 1506 Dei, ac praecipue Evangelio de Christo & promissioni gratiae non as¬
1057 1496 1137 1532 sentitur.
1089 1524 1850 1565 Ea non tantum peccatum est, sed etiam poena, sicut Tertullianus
1050 1557 1858 1598 dicit de Judaeis Apologetico adversus Gentes, capite vicesimoprimo:
1054 1596 1850 1631 Ne enim intelligerent pristinum (id est, primum adventum Christi.
1047 1627 1846 1661 nempe in carnem, Jcredituri si intellexissent, & consecuturi salutem
1050 1660 1854 1704 si credidissent, meritum fuit delictorum. Meritum hoc loco idem est,
1060 1692 1331 1736 quod poena commerita.
1077 1717 1598 1763 Incrudelitas duplex est: manifesta & occulta.
1073 1741 1847 1795 Incredulitas manifesta, est eorum qui verbo Dei improbe & con¬
1027 1794 1856 1827 tumaciter contradicunt, illudque contemnunt & reiiciunt: Qualis
1041 1831 1859 1867 erat Achabi Regis Israelitatum, 1. Reg. 22. 18. Et Amatziae. 2. Chro¬
1056 1859 1856 1893 25.16. & Achaxi Regis Judae, Jes. 7. vers. 10. & sequentibus: & Judaeo¬
1045 1889 1210 1931 rum Johan. 8.
1081 1915 1847 1964 Incredulitas occulta, est eorum qui quidem verbo Dei assentiun¬
1041 1952 1843 1997 tur, sed fiducia in Christum destituuntur. Istam incredulitatem qui
1047 1987 1855 2026 dam tandem produnt, ut Simon Magus; Actor. 8. ver. 18. & sequen¬
1048 2016 1112 2058 tibus.
1075 2050 1850 2093 Incredulus & non credens differunt: Nam illud fere de habitu, hoc
1054 2086 1858 2123 se actu intelligitur. Potest autem aliquis non credere rem aliqua, qui
1035 2119 1754 2159 tamen universaliter & simpliciter non potest dici incredulus.
1074 2148 1682 2190 Rursus incredulitas vel temporaria est, vel porpetua.
1070 2170 1841 2226 Incredulitas temporaria, est qua electi Dei ad tepus occupati sunt,
1050 2204 1841 2258 donec Deus illos plenius illuminet: qualis fuit Mosis & Aaronis ac
1053 2252 1848 2291 petram contradictionis. Num. 20. v. 10, 11, 12. qualis fuit Zachariae
1057 2280 1835 2327 patris Johamis Baptistae Luc. 1. vers. 20. & fratrum seu cognatorum
1041 2316 1840 2351 Christi, Johan. 7. v. 5. discipulorum Christi, Marc. 16. v. 14. quam ei
1041 2348 1840 2381 Christus exprobravit, eo quod iis, qui ipsum conspexerant suscitatum
1047 2378 1838 2418 non credidissent. Qualis fuit nominatim Thomae, cui Dominus pos¬
1038 2413 1850 2457 resurrectionem dixit, Johan. 20. 27. Ne esto incredulus, sed credens:
1039 2440 1676 2480 Et Pauli persequentis Ecclesiam Christi, 1. Tim. 1. 13:
1072 2474 1835 2520 Ista incredulitas non est habitualis, sed actualis duntaxat, quam qui
1048 2509 1846 2554 peccant postquam Christum cognoverunt & fidem in eum professi
1042 2538 1786 2585 sunt, dicuntur δλεγoσοι, item tardi ad credendum, Luc. 24. v. 25.
1074 2574 1831 2609 Incredulitas perpetua, est propria reproborum, quam illi ad extre
1050 2609 1841 2643 num occupati manent, quam certa condemnatio & mors aeterna se¬
1050 2644 1832 2685 quitur, Johan. 8. v. 24. Qualis fuit illorum Judaeorum de quibus Pau¬
1033 2670 1302 2713 lus 1. Thessal. 2. 15, 16.
1065 2698 1844 2750 Ut autem incredulitas temporaria est religiose cavenda, ita multo
1042 2740 1229 2783 magis perpetua.
1069 2765 1837 2811 I. Quia Christum abigit, sic ut postea frustra quaeratur. Johan. 7.
1040 2802 1838 2848 v. 33. 34: dixit Jesus incredulis Judaeis; Adhuc palisper ero vobiscum.
1042 2836 1767 2874 deinde abibo ad eum qui me misit. Quaeretis me, nec invenietis
1072 2860 1826 2910 II. Quia excludit coelo; sicut Jesus dicit Judaeis incredulis Johan¬
1041 2900 1833 2942 7. v. 34. Ubi ego ero, eo vos non poteritis pervenire, id est, ab ingressu in
1038 2940 1829 2977 coelum, in quod ego adscendam, vos vestra incredulitas arcebit, Apo¬
1042 2972 1825 3003 cal. 21, 27. Johan. 3. 36. Qui non assentitur Filio, non videbit vitam
1069 2999 1669 3034 III. Quia est causa condemnationis, Johan. 3. v. 18.
1074 3024 1829 3082 IV. Quia in infernum & mortem aeternam praecipitat, Apocaly¬
1046 3068 1098 3106 21. &
1074 3091 1709 3138 Secundo infidelitas vel universalis est, vel particularis
1072 3125 1835 3168 Infidelitas universalis, est quum quis nihil eorum credit quae cre¬
1044 3160 1839 3202 di debent ex verbo Dei quod totum reiicit: ut faciunt Epicuri de
1037 3203 1622 3247 grege porci; quibus totum verbum Dei est fabula.
