2063 3386
216 187 1012 234 rie cupidi. Phil. 2. v. 3. Nihil gerentes per contentionem aut per ina¬
205 218 1006 266 nem gloriam. I. Thessal. 2. ver. 6. Neque ex hominibus quaerentes glo¬
214 266 275 302 riam.
255 275 997 329 X. Quia ejus studium excitat invidiam mutuam, Gal. 5. ver. 26.
216 313 999 362 Ne simus inanis gloriae cupidi, alij alios provocantes, alij aliis invi¬
221 358 288 396 dentes
260 373 1007 427 XI. Quia gloriae cupiditas est communis homini cum brutis.
221 407 1004 456 Nam nonne in equis deprehenditur, cum victores exsultant, victi do¬
225 438 1001 490 lent? Tantus amor laudum, tantae est victoria curae. Nec immerito
229 477 1004 521 summus Poeta experiundum esse ait; Et quis cuique dolor victo, quae
225 520 376 566 gloria palmae.
251 532 1003 586 XII. Quia in hominum tantum opinione & aliorum existima¬
219 579 572 629 tione atque arbitrio posita est.
267 597 991 653 Neque VOLUPTAS CARNIS est summum hominis bonum:
257 634 1004 683 I. Quia est vanitas, Ecclesiastae 2. 1. Dixi ego cum animo meo, a¬
222 667 1003 728 gedum, probem te letitia, friuere igitur bono, sed ecce, etiam illud est
232 718 323 760 vanitas.
252 726 1013 786 II. Quia est mera insania, Ecclesiastis 2. ver. 2. De risu dico, in¬
218 778 332 827 sanus est.
260 796 1006 849 III. Quia nihil emolumenti adfert, Ecclesiastis 2. v. 2. Et de lae¬
224 842 560 891 titia (dico) ecquid ista facit?
261 868 1008 915 IV. Quia illa ne Reges quidem beatos efficit, ut exemplo suo
227 900 1006 947 Salomon docet, Ecclesiastis 2. ver. 3. & seqq. Exploravi animo meo,
229 937 1022 978 continuando potationem in carne mea: idque animum meum ducens
232 966 1010 1012 in supientia ipsa exploravi amplectendo stoliditatem, usquedum vi¬
234 996 1016 1043 derem utrum hoc bonum sit filiis hominum, quod facturi sint sub cae¬
231 1028 1005 1078 lis numero dierum vitae suae. Maxima opera feci, aedificavi mihi do¬
232 1063 1004 1111 mos, plantavi mihi vineas: Paravi mihi hortos & pomaria, in qui¬
241 1103 1004 1146 bus consevs arbores quasque fructiferas: Paravi mihi piscinas aqua¬
230 1137 775 1178 rum, ad irrigandum illis nemus ferax arborum.
255 1156 1012 1204 V. Quia est pabulum venti seu depastio animi, Ecclesiastis 2. v.
232 1194 1013 1242 II. Quum autem quicquid expetiverant oculi mei non seposuissem
241 1235 1019 1278 ab eis: non cohibuissem animum meum ab ulla latitia; sed animus
238 1268 1015 1312 meus lataretur ex omni labore meo, & hoc cessisset in partem meum
231 1299 503 1346 ex omni labore meo, &c.
277 1323 1004 1368 VI. Quia in ea animus conquiescere non potest nec debet, Ec¬
240 1356 1013 1408 clesiastis 2. v. 12. Respexi ego ad omnia opera mea quae fecerant mu¬
240 1391 1020 1439 nus meae: & ad laborem quem Ia oriose feceram: ecce autem, ista o¬
239 1425 1013 1467 mnia sunt vanitas & afflictio spiritus, vt non est emolumentum sub
244 1456 1022 1497 Sole. 1. Corint. 7. v. 2.  29, 30, 31. Qui habent uxores, sint ut non haben¬
238 1486 1015 1536 tes: & qui gaudent, ut non, gaudentes: & qui emunt, ut non obti¬
243 1520 1033 1564 nentes. Et qui utimtur hoc mundo, ut non abutentes: praeterit enim
231 1557 494 1600 hubitus hujus mundi.
279 1587 1027 1633 VII. Quia non est hominis propria, sed communis est ei cum
230 1625 460 1664 caeteris animalibus.
274 1653 1016 1698 VIII. Quia est brevis. Summum autem bonum necesse est sem¬
249 1686 394 1738 piternum esse.
277 1716 1028 1763 IX. Quia non sinit semen Verbi Dei radices in corde agere &
243 1750 760 1794 fructum proferre Deo gratum, Luc. 9. v. 24.
279 1782 1009 1822 X. Quia animum deprimit, ne se ad Deum attollat, 1. Pet. 2. 11.
247 1819 1018 1858 abstineatis a carnis cupiditatibus, quae militant adver sus animam.
298 1853 1021 1893 Imo neque VOLUPTAS CUM SAPIENTIA copulata, est sum¬
243 1883 505 1930 mum hominis bonum.
273 1907 614 1959 I. Quia sic etiam vanitas est.
280 1940 1013 1991 II. Quia ne quidem ista conjuncta animi tranquillitatem affe¬
247 1980 1023 2021 tunt, ut exemplo suo docet Salomon, Ecclesiastis 2. ver. 3. Exploravi
242 2012 1009 2050 animo meo, continuando potationem in carne mea: idque animum me¬
247 2051 1007 2091 um ducens in sapientia ipsa, &c. Depingit Salomon in suo ipsius ex¬
241 2075 710 2122 emplo mundanorum sapientum studium.
288 2115 1018 2152 Obiicitur: Ergo omnis uoluptas fugienda. RESP. Est quaedam
241 2141 1016 2180 voluptas honesta animi & corporis, a Deo minime vetita, si quis
240 2179 1003 2222 nempe rebus Dei munere concessis hilari gratoque animo fruatur.
285 2205 1021 2257 Neque VOLUPTAS CARNIS CUM HONESTATE juncta, eest
231 2237 558 2288 summum hominis bonum:
261 2281 1021 2317 I. Quia haec conjuncta esse non possunt: quoniam qui voluptati
243 2310 1019 2346 carnali deditus est, honestate careat necesse est, qui honestati studet,
249 2345 559 2383 voluptate abstineat oportet.
273 2377 1013 2416 II. Quia honestas est honor perpetuus, ad aliquem secundo po¬
237 2404 1010 2448 puli rumore delatus. At qui voluptatem carnis confectatur, is etiam
241 2435 577 2486 sapientum judicio male audit.
298 2469 1018 2521 Neque DIGNITAS ET POTESTAS SUMMA in republica
236 2502 566 2540 summum hominis bonum
267 2534 1016 2572 I. Quia frequenter in alios est injuria, armaus quasi publica au¬
237 2570 1018 2609 toritate omnem iniustitiam. Ali bone Deus, quot quantaque mala
237 2611 1007 2642 grassantur tum in Republica, tum in Ecclesia, cum improbi Princi¬
249 2642 1021 2677 pes & Magistratus pro sua libidine, spreto Dei metu atque legibus,
246 2673 1023 2705 omnia conturbant? Ecclesiastis 3. v.16. & sequentibus: Nam adhuc
250 2699 1027 2733 respiciens sub Sole, loco juris ibi improbitatem, loco, inquom, justi¬
250 2729 1028 2764 tiae ibi improbitatem esse: Dixi ego cum animo meo, justum & im¬
246 2766 1028 2805 probum ipsum judicuturus est Deus: quia tempus quidem est cuique
249 2791 1021 2830 voluntati, sed qui praeest toti isti facto, ibidem est. Dixeram ego cum
247 2831 1027 2868 animo meo secundum rationem humanam, quum declavaret eos ipse
247 2860 1025 2902 Deus, & viderem hos bestias esse illis, &c. Item cap. 4. & 5. Qui abs¬
249 2888 1016 2934 que divini Numinis metu, honores & principatus inter alios quae¬
246 2928 1019 2965 runt, quasi hac ratione felicitatem assequi possent, hi praepostera sua
243 2956 1025 2994 ambitione omnia pervertunt, ut nullus sit justitiae locus; nihil etiam
243 2990 1023 3028 ipsi tranquillitatis habeant. Propterea in divino cultu ut multae irre¬
256 3027 1022 3058 pant corruptelae permittunt, dum modo ipsi emineant. Imo in re¬
249 3060 1024 3097 publ. male administrata, simul cum politicis vitiis, religionis corru¬
252 3094 1042 3137 ptelas ob malorum principum tyrannidem subditi amplexari atque
246 3118 464 3161 retinere coguntur.
279 3148 1030 3193 II. Quia vanitatis, molestiarum, ac doloris semper multum con¬
1053 170 1856 222 junctum habet. An tu vel illos putas tutos, illos saltem inter hono¬
1059 214 1855 252 rum infulas & opes largas stabili firmitate securos, quos regalis au¬
1051 244 1856 278 lae splendore fulgentes armorum excubantium tutela citcumstat:
1063 276 1856 315 Major illis quam caeteris metus est: tam illi timere coguntur, quam
1063 306 1853 346 timentur: sint licet satellitum manu septi, & clausum ac protectum
1056 338 1852 379 latus numeroso stipatore tueantur. Quam securos non sinunt esse
1053 377 1856 416 subjectos, tam necesse est non sint & ipsi sicuri. Ante ipsos terret po¬
1057 404 1856 443 testas sua, quos facit esse terribiles. Arridet ut saeviat: blanditur ut
1053 437 1862 477 fallat: illicit ut occidat: extollit ut deprimat. Foenore quodam no¬
1062 476 1862 511 endi quam fuerit amplior summa dignitatis & honorum, tam ma¬
1061 509 1858 548 jor exigitur usura poenatum, ut verbis utar Cypriani ex epistolam se¬
1060 537 1862 576 cunda. Ecclesiastis 4. vers. 11, 12. Vidi omnes viventes qui ambulant
1063 568 1857 607 sub Sole; adiungentes se puero illi secundo qui staturus est loco hujus:
1059 606 1865 642 Non esse finem ulli populo; de illo qui praesit ipsis etium posteros non lae¬
1057 636 1760 674 taturos esse: nam hoc quoque vanitas est & afflictio spiritus.
1086 673 1865 707 III. Quia amitti potest, sic ut is qui cum potestate summa erat,
1064 699 1867 738 servus fieri possit; sicut Salomon ait Ecclesiastae 10. v. 4. Vidi principes
1060 733 1861 770 euntes tanquam servos super terram. Exemplo est Iehojacin, qui a¬
1069 767 1865 802 misso regno cum pretiosissimis spoliis & captivorum numero in Ba¬
1065 800 1861 834 byloniam captivus abductus est, 2. Reg. 24. Septuaginta Reges pol¬
1065 834 1871 870 licibus manuum suarum & pedum suorum mutilati collegerunt sub
1062 867 1835 907 mensa Adoni-Bezebi ossa & micas panis canum instar, Jud. 1. v. 7.
1101 894 1865 938 IV. Quia omnino angustis hujus vitae spaciis terminatur. Etsi
1063 934 1868 971 enim quispiam dignitatem quoad vivit, retineat: tamen moriens eam
1078 972 1865 1008 relinquere necesse habet: ut Salomon, ut alij Reges & Principes in¬
1069 997 1865 1041 numeri. Quod autem morte abrumpitur & homini adimitur, sum¬
1072 1033 1316 1067 mum bonum non est.
1108 1059 1865 1102 V. Quia saepe contingit hominibus improbis, stolidis & indi¬
1077 1097 1864 1141 gnis. Psal. 12. vers. 9. In qua circumquaque improbi obambulant;
1065 1130 1874 1175 quum extollitur res vilis inter filios hominum. Ecclesiastis 4 vers. 9.
1071 1165 1867 1208 Melior est puer indigus & sapiens Rege sene & stolido, qui nescit ad¬
1066 1200 1862 1237 moneri amplius. Et cap. 10. vers. 2. 3. 4. Est malum quod vide sub So¬
1074 1230 1868 1266 le, secundum errorem qui procedit a facie imperantis. Poni ipsam sto¬
1069 1261 1868 1297 liditatem in dignitatibus celsis & amplis; divites uero in ipsa abje¬
1077 1298 1871 1330 ctione sidere. Vidi servos insidentes equis, principes autem euntes tan¬
1071 1327 1376 1372 quam seruos super terram.
1095 1356 1868 1397 VI. Quia non est ambienda fidelibus: etsi legitime oblata ad¬
1071 1394 1865 1428 mitti & acceptari ab iis bonam conscientia possit. Quicquid apud cae¬
1071 1426 1874 1464 teros in rebus humanis sublime ac magnum videtur, intra Christia¬
1078 1460 1874 1499 ni jacet conscientiam. Nihil appetere jam, nihil desiderate de seculo
1081 1493 1865 1532 potest, qui seculo major est. Postquam autorem suum, coelum intu¬
1074 1525 1871 1562 ens, fidelis anima cognovit, solo altior & hac omni terrena potestate
1071 1557 1879 1593 sublimior, id esse incipit, quod se esse credit. Qui renunciavit jam se¬
1086 1589 1874 1633 culo, major est & honoribus ejus & regno: & ideo qui se Deo & Chri¬
1074 1623 1687 1661 sto dedicat: non terrena sed coelestia regna desiderat
1113 1654 1871 1692 VII. Quia saepe est malo eam possidentibus, eosque pessundat,
1078 1685 1876 1722 Ecclesiastis 8. vers. 8. Tempas est quo dominatur homo in hominem
1086 1722 1875 1771 malo suo. Exemplo est Pharao rex AEgypti, qui fretus potentia sua &
1083 1754 1681 1796 persequens Israelitas seipsum in perniciem adduxit.
1110 1782 1868 1824 VIII. Quia Christus Dominus noster illam fugit, Iohan. 6. ver.
1072 1820 1883 1854 15. Quum nosset venturos & se abrepturos ut facerent se regem, seces¬
1066 1854 1877 1906 sit rursus in montem solus ipse. Non appetit terrestria, qui regna dat
1081 1881 1169 1917 coelestia.
1095 1916 1874 1958 IX. Quia non semper absque peccato haberi aut retineri potest;
1087 1949 1877 1994 ut Naaman dignitatem suam retinere non potuit sine peccato, 2.
1087 1980 1228 2022 Reg. 5. v. 18.
1105 2013 1877 2053 X. Quia per illam ne una quidem nocte potest homo consistere.
1080 2037 1879 2082 Psal. 49. vex. 13. Neque tamen homo qui in honore est, per noctabit, si¬
1068 2084 1867 2116 milis sit jumentis quae intereunt. Eccles. 8 ver. 7. Nullus homo domi¬
1066 2114 1876 2148 natur spiritui suo, vt contineat spiritum suum, nullaque est domina¬
1079 2148 1873 2194 tio in die mortis, nullumque missile in isto praelio. Exemplo est Belschat¬
1086 2177 1424 2220 zar rex Babylonia Dan. 5. 30.
1098 2212 1874 2252 XI. Quia per illam non possunt etiam potentissimi Monarchae
1075 2238 1874 2280 impetrate a subditis, nedum a vicinis aut romotis populis, quaecun¬
1083 2281 1873 2319 que volunt. Docet hoc exemplum Rechabeami filij Salomonis: do¬
1077 2311 1597 2346 cent exempla Regum etiam hujus temporis.
1108 2333 1874 2381 XII. Quia dignitas & potentia ne Reges quidem immunes fa¬
1078 2366 1879 2413 cit a ludibriis, etiam subditorum, unde Regum animi indignatione
1084 2413 1869 2460 replentur. Job 12. 21. Qui effundit contemtum super Principes; &
1084 2439 1325 2482 zona validos destituit.
1107 2474 1872 2520 XIII. Quia dignitas & potentia saepe facit, ut illi qui eam pollent
1071 2510 1877 2547 non servent promisiam fidem, contemtu seu neglectu eorum, quibus
1074 2540 1878 2586 eam promiserant, ut experientia quotidiana testis est: quod a summi
1087 2570 1423 2610 boni natura penitus abhorret.
1104 2596 1874 2644 XIV. Quia dignitas & potentia ambitiosos & avaros impellit,
1090 2639 1873 2675 ut alios malis afficiant contra divina & humana jura, ut aliena occu¬
1082 2674 1867 2707 pent & per vim detineant, ut caedium multatum autoros sint: exem¬
1078 2711 1878 2752 plo est Pharao rex AEgypti, qui Israeliticum populum pressit, & Ha¬
1087 2741 1613 2781 mam Judaeorum hostis, & Xerxes ille magnus.
1113 2765 1882 2809 XV. Quia impellit hominem ut cor efferat adversus Deum, ir¬
1078 2797 1879 2849 ritat ad superbiam abominabilem, ut docet exemplum ejusdem Pha¬
1092 2835 1733 2870 raonis, Nebucadnetzaris, Antiochi Epiphanis, Herodis.
1114 2861 1873 2905 XVI. Quia est brevis & momentanca, Jesa. 40. ver. 6. Vox. di¬
1081 2895 1885 2938 cens, praedica, etiam dicit quid praedicaturus sim; omnem carnem esse
1090 2933 1876 2970 gramen, etiam etiam benignitatem ejus similem esse flori agri. 1. Pet.
1078 2969 1876 3018 I. ver. 24. Omnis caro est gramen, & omnis gloria hominis, ut flos gra¬
1078 2999 1574 3039 minis: exaruit gramen & flos ejus decidit.
1113 3028 1880 3074 XVII. Quia non vindicat ab oblivione post mortem, Ecclesiastae
1086 3061 1880 3109 8. ver. 9. Nam ita dominatos animadverti improbos sepeliri, postquam
1081 3095 1873 3138 decesserunt: atque e loco sancti abierunt & oblivioni tradi in ea civi¬
1087 3127 1670 3172 tate in qua sic fecerunt: etiam illud vanitatem est.
1131 3156 1741 3201 Neque DIVITIAE sunt summum hominis bonum:
