2063 3419
258 180 1085 218 Sratione Israclitarum, Nehem 7. v. 6. & seqq. & oratione Danielis
271 223 1079 264 9. ex Psalmis diversis: frequenter tamen per Synecdochen generis.
259 255 1034 299 pro solaeprecatione accipi solet. Hoc capite generaliter accipitur
306 288 1061 325 Oratio religiosa ad Deum ut in Veteri, ita etiam in Novo Testa.
264 321 1075 362 mente fuit interdum directa ad unam personam Deitatis, interdum
258 352 530 394 ad omnes communiter.
303 379 875 421 Ad unam, veluti ad Patrem, ut Dan. 9. videre est.
301 411 1060 456 Ad Filium, Psalma. 5. 7. Solium tuum, o Deus, in seculum & sem¬
256 445 1073 492 piternum, sceptrum rectum est sceptrum regni tui. Psal. 102. 25, 26.
265 476 1101 530 Coloss. 3. 17. Quicquid egeritis sermone, aut facto, in nomine Domi¬
261 519 902 560 ni Iesu id facite, gratias agentes Deo & Patri per eum.
288 550 799 590 Filius autem Dei est religiose adorandus.
280 577 1079 625 I. Quia in eum credimus. Rom. 10. v. 14. Quomodo invocabunt.
262 620 641 657 eum, in quem non crediderint:
285 653 1082 694 II. Quia mandato Dei Patris jubetur adorari. Hebr. 1. 6. Quum
252 685 1070 726 inducit primogenitum in orbem terrarum, dicit, Et adorent eum o¬
255 719 460 761 nnes Angeli Dei.
292 750 1082 799 III. Quia a vere sanctis religiose aderatus fuit, quorum exempla
262 784 1067 826 merito imitamur; veluti a Magis, de quibus Matth. 2. 2, 11, a leprosos
246 820 1063 857 Matth. 8. 2. a Centurione Capernaumi, Matth. 8. 5. a caecis duobu¬
259 852 1073 891 Matth. 9. v. 27. ab eo qui caecus natus & postea miraculose visu do¬
253 888 1063 926 natus fuerat, Jehau. 9. 38. Act. 7. 59. orat Srephanus Martyr: Domi¬
243 923 1033 962 ne Iesu, suscipe spiritum meum. Anocal. 22. 20. Veni Domine Iesus
285 948 1067 994 Excipiunt hostes veritatis, Christum ab istis adoratum fuisse ci¬
246 987 1058 1025 vili tantum cultu, tanquum hominem operibus mirandis excellen
240 1025 1069 1066 tem, aut prophetam: Eorum igitur exemplum perperam adduci au
240 1053 820 1100 probandum, Christum esse religiose adorandum
282 1088 1074 1128 Defeusio nostra. Antecedens exceptionis negatur. Nam adoratio
243 1110 1071 1167 civilis est absque ulla in eum fide qui externo cultu afficitur: neque
242 1157 1067 1194 enim licet salutis fiduciam in nudis hominibus collocare, juxta dictu
236 1193 1061 1238 Jerem. 17. 5. Maledictus qui consulit in homine. Haec vero adoratio
243 1229 1077 1267 tqua memorati fideles Christum adoraverunt, conjunctam habuit
246 1258 1067 1298 ecum fidem in Christum: imo ex fide illa, quam postulavit Christus.
240 1291 1063 1331 adoratio illa fuit profecta. Ergo non tantum civili honore Christum
238 1327 736 1364 coluerunt, sed cultu qui soli Deo debetur.
267 1355 1062 1398 Excipiunt rursus. Et si ea adoratione qua solus Deus adorandus est:
243 1379 1060 1436 sti adoravissent Christum: tumen ex eorum exemplo nihil colligi
237 1426 1067 1466 posse, eo quod non vecte fecerint Christum religiosa adoratione ado¬
224 1463 313 1507 rantes.
260 1488 1068 1540 Defensio nostra. Sanctos illos qui Christum religiose adorarunt
234 1537 1064 1572 tecte fecisse, inde liquet, quia Christus permisit hoc adorationis
241 1570 1055 1605 renere se adorari, neque reprehendit ullos, quod se ita adorarent
232 1596 1058 1642 Quod igitur Christus permisit se ea adoratione coli, quae soli debe¬
228 1641 1062 1674 tur Deo, aut bene fecit, aut male. Si bene; ergo illi debebatur, ac pro¬
233 1674 1064 1716 inde naturalis est Dei Filius. Sinenale: suisset igitur in Deum blasphe¬
225 1704 1061 1751 mus, & idololatriam non tam permisisset, quam probassec. Absit au¬
225 1742 925 1782 tem, ut haec de Filio Dei sentiamus, vel etiam cogitemus.
268 1773 912 1810 Ad Spiritum Sanctum oratio religiosa dirigi debet:
270 1807 1051 1851 I. Quia in eum credimus, ut Symbolo Apostolico profitemur.
233 1837 1058 1892 In quem autem credimus, eundem etiam religio: e adoraretenemur.
237 1875 421 1919 Rom. 10. v. 14.
267 1903 1061 1947 II. Quia mandatum nobis est, ut eum invocemus. Mandatum
232 1942 1058 1980 continetur in Baptismi institutione: Baptizate eos in nomen Patris
240 1976 1049 2018 & Filij & Spiritus Saucti, Foc est, obligate eos ad colendum & in¬
234 2014 838 2051 vocandum Patrem, Filium & Spiritum Sanctum
267 2037 1049 2082 III. Quia ipse distribuit dona privatim singulis, ut vult, 1. Co¬
232 2070 339 2118 rinth. 12.
262 2116 1054 2159 IV. Quia a vere fidelibus invocatus fuit, quorum nos exempla
234 2157 1051 2199 optimo jure sequimur: de quibus cideatur supra tertio libro, capite
226 2188 303 2233 sexto.
258 2221 1052 2262 Ad Patrem & Filium directa est oratio Jacobi Patriarchae Genes¬
233 2258 1046 2297 18. v. 15, 46. Deus ille ante cujus conspectum indesinenter ambula.
218 2289 1057 2331 runt patres mei Abraham & Isaac: Deus ille qui pascit me ex quo
228 2323 1045 2366 die sum usque in diem hunc: Angelus ille qui vindicat me ab omni ma¬
216 2356 1046 2397 lo, benedicat pueris istis & vocetur in eis nomen meum & nomen pa¬
223 2397 1046 2434 trum meorum Abrahami & Isaaci. Et Pauli I. Thessal. 3. v. 11. Ipse
226 2430 1044 2474 vero Deus & Pater noster & Dominus noster Iesus Christus diriga.
225 2457 490 2508 viam nostram ad vos.
262 2499 1048 2545 Ad omnes tres personas Deitatis directus fuit hymnus Angelicus
222 2533 1039 2578 Jesa. 6. v. 3. Sanctus, Sanctus, Sanctus, est Iehova exersituum: impleti
228 2567 1052 2601 totam hanc terram glorinejus. De Deo Patre nullum est dubium.
222 2601 1046 2642 Filio autem hymttim hunc dictum esse, manifestum est ex Johan. 12.
228 2638 1043 2682 1. 1. Similiter Spirieni Sancto dictum esse apparet ex Acto. 28. 25, 26.
226 2675 1040 2714 27. Sic mandata es: precatio ad omnes tres personas in Baptismi in¬
222 2704 1036 2741 stitutione, & directa ad eas, 4. Corinth. 23. versic. 13. Apocalyp.
221 2738 342 2787 versic. 4. 5.
456 2828 806 2882 CAPUT XVI.
410 2893 844 2962 Inquo de precatione religiosa
228 2962 1037 3026 CARATISreligiesa ad Deum vei est invocatio Hiei, vel giutia
224 3010 661 3070 Qrumactio ad Deum vel votum.
333 3050 1037 3092 Invocationis verx est hoonyma: nam lata significatione
219 3079 1030 3116 denotat vocationem inamilium se immploratione auxilii, quo sem
222 3114 1044 3152 sit etiam, homimua in his terris viventium ancilium invocari, id est,
228 3148 1038 3189 bnelorari licits ineese: stricte vero significat religiesum cultum sal¬
219 3178 1027 3224 Lyuιν, debitum, quo significate, accipimus hoc loce & sic definimus:
255 3213 1039 3259 Enroc ars I9.i, est oratis rulig, iosa, quam sulum Deum ex spiritibus
210 3245 1042 3290 invisibilibus, ec simpiciter ad omnia invocamus ex vera in ipsum fi¬
1135 177 1952 233 de, Psal. 50. v. 15. Invoca me tempore angustiae; cripiam te Ersionore.
1141 222 1940 267 afficias me. Et Psal. 116. v. 13. Poculum omnis sulutis acceptum exhi
1141 255 1951 297 bebo, & nomen Iehova praedicabo. Rom. 10. v. 14. Quomodo invoca¬
1138 285 1578 322 bunt eum in quem non crediderint
1165 309 1850 354 Invocatio Dei est vel precatio religiosa, vel juramentum.
1167 355 1943 392 Precatio religiosi, est invocatio Dei, per quam mala a nobis depela
1135 375 1953 429 di, bona autem necessaria animae ex corpori a Deo nobis & aliis dari¬
1138 428 1956 467 rogamus, Gen. 17. v. 18. & cap. 24. 13, 1c28. 3. & 32. 11. Exod. 8. v. 12.
1137 454 1452 499 2. Bam. 7. v. 29. 1. Reg. 8. 15.
1161 486 1948 525 Eaque sedulo est facienda ab omnibus hominibus, cujuscunque
1129 510 1952 559 sexus, gentis, conditionis, professionis seu status; idque non tantum
1131 555 1952 595 ab adultis, sed etiam ab infantibus quam primum possunt institui &
1124 584 1205 627 docer¬
1158 607 1951 670 Cause impelientes ad precandum Deum sunt quaedam ex parte.
1134 653 1945 705 Dei; quaedam en parte nostra; quaedam ex parte aliorum: quaedam ea
1135 691 1517 731 consideratione precationis ipsiis
1161 724 1940 770 Ex parte Dei sunt. I. Quia ipse est Deus 2. Reg. 19. vers. 15. Ec¬
1128 765 1946 802 precatus est Chizcija coram Jehevis, dicens, Iehova Deus Iseaelis, in¬
1137 795 1950 843 sidens Cerubinis, ta es Deus solus omnibus regnis terrae: tu fecisti cae¬
1135 829 1951 868 lum & terram. Psal. 63. 2. O Deus, Deus sortis meus es, tempestive re¬
1124 859 1529 906 quiro te;sitiens est tui anima mea
1167 895 1953 942 II. Mandatum Dei, Psal. 27. v. 8, Tuum illud, Requirite faciem
1125 930 1940 975 meam, cogitat cor mcum: faciem tuam Ichova requiro. Psal. 30. v. 15:
1125 964 1937 1005 In voca me tempore angustiae: cripium se ut honore afficias me. Jesa. 55
1127 1003 1940 1034 vers. 6. Requirit: Iehovam quum praesso est; iavocate eum, quum es
1131 1033 1954 1069 Propinquus. Math. 7. v. 7. Petite, & dabitur vobis: quaerite, & inve¬
1134 1069 1952 1102 nietis, pulsate, & aperietur vobis. Et cap. 11. 28. Venite ad me onines
1131 1097 1951 1134 vos laborantes & sustinentes onera, & ego refocillabo vos. Jacob. 5. v.
1135 1127 1937 1171 13, 14. AEger est animo aliquis inter vos? oret: AEgrotat aliquis inte¬
1132 1168 1950 1204 vos? accersat presbyteros Ecclesiae, & orent pro eo, ungentes eum oleo
1125 1198 1949 1233 in nomine Domini. I. Tim. 2. v. 1. Adhortor igitur ante omnia ut
1134 1231 1948 1266 fiant deprecationes, preces, postulationes, gratiarum astiones pro qui¬
1129 1265 1356 1305 busvis hominibus.
1164 1301 1946 1342 III. Promissio certae exauditionis, Psal. 9 1. v. 15. Simulac invo¬
1134 1338 1955 1378 caverit me, exaudiam eum, ipsi adero in angustia: cripiam eum, & ho¬
1119 1374 1946 1418 nore afficiam eum, Jesa. 65. 24. Matth. 7. v. 7. & 8. versu. Quisquis e¬
1131 1407 1939 1442 nim petit, accipit, & qui quaerit, invenit: & ei qui pulsat aperietur
1132 1437 1945 1474 Et cap. 11. 28. Joh. 14. 13, 14. Quicquid petieritis nomine meo, hoc fa¬
1131 1477 1943 1514 ciam: ut glorificetur Pater in Filio. Si quid petieritis in nomine meo,
1119 1510 1949 1554 ego faciam. Jac. 5. v. 15. Et oratio fidei servabit laborantem, erigetque
1121 1540 1942 1575 cum Dominus: quod sipeccata commiserit, remittentur ci. Eaque pro¬
1122 1573 1952 1617 missio juramento est firmata Joh. 16. v. 23. Amen, amen dico vobis,
1119 1611 1784 1649 quaecunque petieritis a Patre in nomine meo, dabit vobis
1152 1637 1937 1678 IV. Exauditio & benignitas a Deo saepe ante exhibita. Ps. 3. v. 5.
1119 1677 1945 1718 Voce mea ad Iehovam clamanti, respondit mihi e monte sanctitatis
1125 1709 1935 1753 suae maxime. Psalim. 119. 65. Bono affecisti servum tuum Iehova, sed
1114 1739 1416 1786 cundum verbum tuum.
1150 1766 1943 1817 V. Gloria Dei, Psal. 119. 74. Timentes tui videant me & laeten¬
1117 1819 1688 1851 tur, quod in verbo tuo exspectationem habeam.
1167 1841 1930 1883 VI. Certa liberatio quam Deus praestat. Ps. 18. v. 4. Laudatum
1113 1885 1929 1916 invoco Iehovam, & ab inimicis meis servor. Et Psalm. 25. v. 15. Oculo
1116 1918 1928 1948 mei jugiter ad Iehovam respiciunt; quia ipse educit e reti pedes meos
1119 1947 1921 1984 Proverb. 18. 10. Turris robusta est nomen Iehovae, quo confugien
1118 1982 1931 2023 justus, in edito collocatur. Luc. 18. v. 7. Deus autem non vindicabit.
1113 2016 1925 2058 electos suos, clamantes ad ipsum die ac nocte, etiamsi iram differat sui
1103 2050 1218 2106 per ipsis:
1144 2081 1938 2133 VII. Natura Dei, quia est bonus, misericors, benignus, Psal. S6.
1113 2124 1927 2162 4, 5. Laetifica animam servi tui: quia ad te, Domine, animam meam
1112 2159 1927 2196 attollo. Tu enim Domine bonus es & condonans; multusque benignita¬
1108 2191 1931 2229 te omnibus invocantibus te. Item 119. v. 68. Bonus es & beneficus, do¬
1110 2226 1933 2265 ce me statuta tua. Psal. 44. 27. Redime nos propter benignitate tuam.
1156 2258 1922 2299 VIII. Fedus gratiae, quod Deus nobiicum iniit. Psalm. 77. v. 4.
1114 2289 1933 2328 Recordor Dei, quum fluctuando perstrepos meditor, quum oliruit se
1113 2325 1937 2370 spiritus meus vehementissime. Jesa. 64. v. 9. Intuere quaesumus, nos
1105 2359 1437 2409 omnes sumus populus tuus.
1140 2389 1916 2435 IX. Opera Dei, 2. Reg. 19. v. 15. Psal. 119. v. 73. Manus tuae fece¬
1106 2431 1928 2475 runt me & aptanerunt me: redde me intelligentem, ut discam prae¬
1107 2462 1928 2514 cepta tua. Psal. 70. v. 6. Ego sum pauper & egens; ô Deus, festina meam
1111 2500 1928 2541 causa: auxilium meum & liberator meus es; Iehova, ne tardes, Jesa.
1111 2535 1934 2578 64. v. 8. Iam vero Iehova pater noster es, nos quidem Iutum sumus, tu¬
1116 2575 1733 2610 vero fictor nosterus & opus manus tuae sumus omnes.
1143 2589 1928 2642 X. Beneficia Dei quae antea quoque ab ipso nos accepimus, Psa.
1110 2631 1930 2677 3. v. 8. Surge Iehova, fac salvum me, Deus mi, qui percussisti omnes.
1109 2673 1916 2710 inimicos meos macillem, dentes improborum confregisti. Et Psalm. 4.
1111 2699 1919 2740 v. 2, 8. Invocantem me exaudi, Deus justitiae meo; in angusto dilatasti
1101 2730 1917 2774 mihi locum, gratiosu: ests mihi, & audi orationem meum. Indideris
1104 2763 1916 2811 letitiam animo meo; majorem quam temporis quo frumentum isto¬
1104 2801 1911 2840 rum & mustum istorum percipiuntur ab ipsis copiose. Et Psa. 27. v. 9.
1101 2831 1922 2880 Auxilium meum suisti, ne deseras meneque dereliaquas me. Psal. 61.
1101 2865 1886 2915 v. 4. Nam fuisti: eceptus mihi, turris robusta adversus inimicum.
1135 2904 1910 2950 XI. Beneficia aliis qquoque a Deo praestita, Psal. 34. v. 7. Iste pau¬
1106 2929 1919 2979 per invocavit, & Iehovis exandivit, ut ab onmibus angustiis ejus
1100 2970 1910 3020 servavit eum. Sic CHRISTUS sanavit inisumeros aegrotantes
1107 2996 1919 3056 qui ipsum invocarunt: idem facit adhuc. I. icet enim corporaliter ab¬
1095 3033 1904 3082 sens sit: tamen non minus samat nunc male asfectos ad ipsum per pro¬
1105 3072 1915 3111 ces fidei confugientes, quam olini sanavit puerum Centurionia;
1098 3101 1766 3146 Matth. 8. v. 13. filiam muliciis Cananicae, Matth. 15. 28.
1138 3138 1460 3188 Causae ex parte nostra sunt:
1143 3165 1915 3215 I. Naturae dictamem, etiam nemine extrinsecus submonente nos,
1113 3196 1911 3248 ut fieri jubente. Judicium enim naturalis rationis & testimonium
1110 3231 1911 3289 conscientia: innatae omnes homines docent atque convincunt, ut
