2063 3437
279 158 1087 205 7. Ut admoneamur, nos non ad hujus mundi, sed caeli societatem A¬
253 203 1048 252 pertinere, hoc est, ad adoptionis familiam quae est in domo superna
246 239 615 275 Patris caelestis, Hebr. 12. 22, 23.
272 267 1040 313 8. Ne adorationem Dei ad locum aut rem ullam in terra diriga¬
237 298 601 341 mus, praeter ipsius mandatum.
288 324 1044 380 . Ut intelligamus, magno clamore opus esse, si a Deo exaudir.
249 363 1042 398 volumus cum nos in profundo terrarum, ille in summo caelo seden
237 395 1049 451 habeat. Clamor autem iste non corporis, sed cordis: non vocis, sed de¬
241 429 369 473 siderii est.
271 452 1083 500 10. Ut admoneamur, in hac peregrinatione terrena nos auxilio
250 489 390 546 egere e caelo
289 521 1053 566 II. Ut admoneamur caelestem vitam nobis agendam, & non in
249 564 1049 607 terris, sed in caelis patriam & haereditatem nostram esse quaerendam,
245 592 590 642 quia Pater noster est in caelis.
304 652 1002 703 Tantum de exordio orationis Dominicae: sequuntur
566 703 704 758 petitiones.
279 749 1052 801 Petitiones orationis Dominicae sunt sexs e quibus tres priores per¬
247 788 1095 841 tinent immediate ad gloriam Dei: tres posteriores ad nostram neces¬
256 826 341 872 sitatem
285 852 1046 895 Ordo petitionum orationis Dominicae est sapient ssimus & prae
246 893 1061 926 clarissimus. Nam quum simus ideo conditi, & in hoc mundo colloca¬
249 929 1057 961 ti, ut Dei Summi boni nostri, cujus communione & fruitione beat
249 959 1061 999 sumus, noman sanctificemus, & ejus sanctificationem rebus aliis o¬
256 995 1065 1037 mnibus praeferamus, etiam posthabita propriae vitae & gloriae nostrae
252 1026 1061 1065 ratione, & ante omnia expetamus; ideo sapientissime primum omniu
245 1061 1068 1102 jubemur petere ut nomen Dei sanctificetur. Atque haec demum vera
258 1097 1057 1129 est votorum omnium moderatio, si Dei gloriam ita expetimus, ut res
259 1126 1063 1166 liqua omnia locum ei cedant. Hoc ipsum, quod nos primo loco & ante
259 1165 1062 1207 omnia petere Christus jussit, ipsemet fecit, & in eo quod praecepte
258 1193 1057 1232 praescripsit, exemplo quod imitatemur, nobis praeivit, & una Dei Pa¬
255 1228 1055 1266 tris gloria contentus, reliqua omnia pro nihilo duxit. Johan. 12. v. 27.
249 1261 1060 1298 Nunc (inquit) anima mea turbata est, & quid dica? Pater, serva me ex
255 1294 1059 1332 hac hora: sed propterea veni in horam hanc. Pater glorifica nomen tuum
288 1326 1055 1366 Quoniam vero nomen Dei sanctificari non potest nisi ubi Re¬
249 1364 1048 1405 gnum Patris caelestis viget; Nam ubi regnum diaboli, regnum pecca¬
246 1396 1054 1435 ti & Antichristi obtinet, ibi nomen Dei ignominia afficitur: ideo se¬
255 1425 713 1467 cundo loco adventus regni Dei petitura
285 1457 1102 1499 Et quum regula sanctificationis nominis divini sit, non nostrum E
253 1495 1055 1531 arbitrium vel opinio, sed sola voluntas Dei in verbo ipsius nobis re
249 1531 984 1572 velata: ideo necessario tertio loco petimus, ut voluntas Dei fiat
282 1562 1060 1608 Sed quia nomen Dei non sanctificant & celebrant qui niortui sum
261 1596 1063 1633 vel spiritualiter vel corporaliter; sicut dicitur Psal. 115. 17. Non mortus
255 1631 1069 1672 laudabunt te Dmine, neque ulli descendentes in infernum: ideo panem
255 1663 833 1706 vitae spiritualis & corporalis quarto loco petimus
288 1694 1061 1735 Quandoquidem vero innumeris vicibus & modis deficimus in
252 1730 1060 1770 sanctificando nomine Dei & peccatis nomen Dei contumelia affici
256 1763 1068 1808 mus: ideo necessario quinto loco remissionem peccatorum a DE O¬
257 1799 355 1848 petimus.
286 1830 1068 1870 Denique ne deinceps ullum peccatum vel Satanas nos impediat ver
254 1869 1070 1907 avocet a sanctificatione nominis divini; sed ut constanter usque ad fi¬
256 1899 1069 1938 nem in sanctificatione nominis divini perseveremus, victis & supera¬
259 1932 1064 1967 tis omnibus impedimentis: ideo ultimo loco petimus, ne Deus no¬
250 1964 1073 2002 inducat in tentationem sed nos a malo illo liberet. Videsne, quam di¬
261 1999 655 2046 vinus sit petitionum istarum ordo
289 2029 953 2068 Deinceps igitur petitiones hoc ipso ordine expendemus.
297 2061 1061 2103 Qualibet autem, petitione precamur bonum aliquod & depreca¬
261 2102 1057 2138 mur malum oppositum: Proinde religiose considerandum & atten
254 2135 1069 2172 dendum, quodnam bonum expetamus & quod malum deprecemur.
255 2169 1076 2202 In cujus libet petitionis expositione etiam indicari potest, qui nam
258 2201 1064 2244 homines frustra ea utantur. Sed nos copiosam expositionem relin¬
256 2237 345 2287 quimu-
273 2260 1068 2312 PRIMAPETITIO est: Sanctificetur nomen tuum: qua postula¬
253 2302 1071 2342 mus nominis divini, quod quidem in seipso sanctum est, adeo ut nihil
252 2334 1063 2381 possit ei addi sanctitatis, sanctificatione apud nos, & in nobis, & abla¬
250 2380 1073 2415 tionem omnium rerum, quibus nomen Dei prophanatur & blasphe¬
252 2408 1079 2452 matur, cujusmodi sunt, infidelitas, haereses, idololatria, & vita impia &
255 2444 920 2489 quaecunque sanctificationi nominis divini opposita sunt,
289 2468 1114 2517 Sanctificatio nominis diuvini, est exaltatio majestatis, sapientiae, bo¬
258 2502 1064 2545 nitatis, potentiae, justitiae, misericordiae & aliarum virtutum Dei, Psal
255 2546 1069 2582 3527. Cantabunt & laetabuntur, qui delectantur justitia mea, dicentque
255 2573 1063 2610 iugiter, magnifiretur Iehova, qui delectatur pace servi sui. Et Ps. 40. 17.
252 2608 1060 2641 Gaudeant & laetentur in te omnes quaeretes te; ac dicant iugiter, magni
250 2640 1076 2680 ficetur Iehova, amantes salutis tuae. Et 70 5 idem repetitur: Nam per¬
249 2675 1070 2717 nomen Dei in hac petitione intelligitur majestas, sapientia, bonitas,
257 2707 821 2752 justitia, potentia Dei, atque adeo ipsemet Deus.
283 2734 1079 2785 Sanctificatur autem nomen Dei, tum a Deo ipso: tum a creaturis
260 2772 336 2827 ipsius.
282 2805 1067 2850 A Deo ipso per patefactionem sui & editionem documentorum.
249 2842 1070 2883 suae sapientiae, bonitatis, misericordiae, clementiae, justitiae, veritatis,
267 2884 1063 2922 potentiae in operibus ejus lucentis Joh. 12. 28. Pater glorifica nomet
252 2915 1063 2952 tuum: Venit ergo vox e caelo, dicens, Et glorificavi & rursus glorificabo
256 2945 1063 2981 Ezech. 36. 23. Vt sanctificem nomen meum maximum quod prophana
258 2980 1076 3024 tum fuit in Gentibus, quod prophanatis in medio earum, ut sciant gentes
255 3011 1074 3050 me esse Iehovam, dictum Domini Iehovi, quum sanctificabo me in vobis.
265 3046 1066 3080 ante oculos earum. Exod. 9.16. Propterea feci ut exstares, ut ostendam
254 3084 1073 3121 in te potentiam meum, & ut enarretur nomen meum in tota terra. Et
257 3112 1064 3148 cap. 14. 18. Et experientur Aegyptii me esse Iehovam, quum glorificabo
267 3146 1100 3187 in Pharaone, in curribus eius, & in equitibus eius. Ps. 115. v. 1. No nobis,
274 3183 1064 3214 lehova, non nobis sed nomini tuo da honorem propter benignitatem tua
259 3215 1064 3258 propter fidem tuam. Ps. 67. Deus gratiam facit nobis, & benedicat no¬
1077 164 1901 211 bis, illustret facie suam erga nos maxime. Vt agnoscamus in terra viam
1090 201 1895 237 tuam, in omnibus gentibus salutem tuam. Celebrent te populi Deus, co¬
1098 232 1909 277 lebrent te populi omnes. Laetentur & cantent nationes; quum iudicabis
1108 266 1900 307 populos recte & nationes ipsas in terra deduces potentissime. Celebrentt
1101 303 1910 340 populi Deus, celebrent te populi omnes. Terra dante proventum suum
1109 330 1905 376 benedicat nobis Deus, Deus noster. Benedicat nobis Deus, & reverean¬
1101 365 1904 404 tur eum omnes fines terrae. Psalm. 145. v. 4, 6, 7. 8, 9, 10, 11, 21. Genera
1104 400 1905 436 tio generationi laudibus commedet opera tua, prout haec indicant omni¬
1104 434 1904 477 modam potentiam tuam. Et robur mirabilium tuorum operum praedi¬
1107 467 1907 511 cent; prout singula magna gesta tua enarraturus sum, Memoriam ampli¬
1104 496 1910 538 bonitatis tuae eructent, & iustitiam tuam cantent: gratiosum & miseri¬
1101 530 1913 572 cordem Iehovam esse, longanimem & magnum benignitate, bonum est.
1119 565 1919 604 ehovam omnibus & misericordiam eius in omnibus operibus eius. Ce¬
1111 592 1916 635 lebrent te Iehova omnia opera tua, & quos benignitate prosequeris be¬
1113 628 1913 671 nedicant tibi: gloriam regni tui praedicent, & potentiam tuam eloquan¬
1107 665 1904 705 tur. Laudationem Iehovae eloquatur os meum: & benedicat omnis car¬
1100 701 1901 736 nomini sancto eius, in saculum & sempiternum. Ps. 57. v. 6. & 17. & Ps.
1111 730 1910 769 108. v. 6, 7. Exaltare supra caelos, o Deus; & super totam terram glorie
1114 765 1916 805 tua: ut liberentur dilecti tui, serva dextera tua & exaudi me. Psalm. 9.
1114 797 1910 833 v. 17. Notum se fecit Iehova iudicio quod exereuit, quum suo ipsius facti
1121 830 1916 869 illaqueatus est improbus: remmeditandam summe. Ps. 115. 1 Non nobis
1119 863 1915 904 Domine, non nobis, sed nomini tuo da gloriam. Ezech 20. v. 41. Cumo¬
1113 901 1922 938 dore grato acceptos habebo vos, quando eduxero vos ex populis & con¬
1120 932 1916 974 gregavero vos ex regionibus in quos dispersi fueritis: & sanctificabo me,
1115 964 1917 1002 in vobis ante oculos ipsarum gentium, item cap. 38, 16, 23. Jesa. 5. v. 16.
1122 998 1915 1035 Et exaltatur Iehova exercituum tudicio suo, & Deus fortis, anctissimus
1113 1028 1925 1069 sanctificatur iustitia. Et c. 64. 6. Quemadmodum conflagrante igne.
1118 1070 1927 1107 cremia, aquarum bullas excitat ignis, ut notum faceres nomentuum
1121 1094 1631 1132 hostibus tuis, a facie tua gentes contremiscant
1134 1125 1929 1167 Inprimis facit id Deus in hac vita, patefaciedo se in Christo in mun¬
1128 1162 1927 1209 do universo, docendo nos vias suas Psalm. 25. 4. & vocando nos ad
1135 1202 1598 1244 gnitionem Christi. 2. Thessal. 1. v. 11, 12.
1155 1222 1928 1275 Plene vero sanctificabit Deus nomen suum in extremo illo die,
1131 1265 1916 1307 quum Christus judex vivorum & mortuorum venerit. 2. Thes 1. 16.
1156 1300 1925 1337 A creaturis Dei sanctificatur nomen Dei quum illae majestatem &
1121 1330 1921 1367 beneficentiam divinam testantur ac celebrant, omnes suo modo sibi
1122 1365 1919 1407 que congruente. Psal. 103. 22 Binedicite Iohovae omnia opera eius in
1123 1406 1932 1443 mnibus locis dominationis eius, & 104. 31. Sit honor Iehovae in saculum,
1113 1434 1930 1474 laetetur Iehova in operibus suis. & 145. 10. celebrent te Iehova omnia
1131 1465 1223 1507 opera tua.
1143 1500 1933 1539 lisque tum ratione carentibus, ut caelo, stellis, aquis, meteoris, terra,
1131 1537 1927 1573 pascentibus e terra, bestiis denique, Ps. 148. a v. 3. usque ad undecimum:
1129 1566 1931 1607 Laudate eum Sol & Luna, laudate eum omnes stellae lucidae. Laudate.
1121 1601 1927 1640 eum caeli caelorum, & aquae quae supra hoc caelum sunt. Laudent nomet
1119 1634 1934 1672 Iehovae, quae ipso praecipiente illico creata sunt, Quae stabilivit in sempiter¬
1128 1668 1924 1701 num, in saculum, quibus decretum dedit quod nullum transgrediatur
1133 1699 1927 1742 Laudate Iehovam terrestria; cete & omnes abyssi: Ignis & grando, nis
1125 1734 1928 1770 & exhalatio; ventus turbineus efficiens verbum eius: Ipsi montes, & o¬
1126 1773 1931 1806 mnes colles, arbores fructiferae omnesque cedri: Ipsae bestiae, & omnia iu¬
1123 1798 1935 1849 menta; reptilia, & aves alatae. Psal. 8. & 19. & 97. 6. Jes. 43. 20. Glorifi¬
1125 1836 1549 1874 cabit me bestia agri, dracones & ulula.
1159 1860 1769 1902 Tum a rationalibus creaturis, Angelis & hominibus.
1158 1893 1927 1938 De Angelis dicitur Psal. 103. 20, 21. Benedicite Iehovae angeli eius,
1135 1940 1924 1971 valentissimi robore, efficientes verbum eius, auscultantes voci verbi eius
1131 1966 1929 2009 Benedicite Iehovae omnis exercitus Iehovae, ministri eius facientes placi¬
1120 2004 1925 2046 tum eius. Et Psalm. 148. 2. Laudate eum omnes Angeli eius, Laudate.
1119 2037 1546 2078 eum omnes exercitus eius, Jes. 6. v. 2,
1160 2066 1938 2111 Abhominibus vero sanctificatur nomen Dei tum in caelo jam tri¬
1119 2103 1938 2144 umphantibus, Apocal. 4. v. 10, 11. & cap. 5 v. 13, 14. & cap. 6. v. 9, 10, &
1122 2138 1931 2178 & cap. 7. v. 9, 10. & cap. 18. versicul. 20. & capite 19, primis versibus
1129 2165 1193 2212 octo.
1171 2191 1932 2235 Tum a nobis adhuc militantibus in terra sanctificatur nomen di¬
1129 2236 1922 2272 vinum, tum communtter, sive in Ecclesiasticis coetibus a ministris Ec¬
1122 2264 1926 2310 clesiae & plebe Ecclesiastica, sive in politia civili a Magistratu & sub¬
1125 2301 1931 2347 ditis, sive in Oeconomiis a patribus & matribusfamilias & reliqua
1130 2337 1784 2379 familia tota; tum singulariter, a quolibet fidelium pro sex
1164 2358 1922 2405 in Ecclesiasticis coetibus sanctificatur nomen Dei a ministris Ec¬
1135 2399 1930 2442 clesiae, quum illi doctrinam & disciplinam Ecclesiae ex praescripto Dei
1125 2431 1927 2479 administrant Aplebe Ecclesiastica, quum exhibet cultum Deo debi
1129 2462 1931 2508 tum in auscultatione verbi divini, Sacramentorum perceptione, preci¬
1124 2501 1927 2541 bus & gratiarum actione ad Deum, eleemosynarum distributione
1128 2531 1932 2586 &c. In politia civili sanctificatur nomen Dei a Magistratu per legum
1134 2579 1748 2610 exsequutionem: a subditis per debitam obedientiam
1157 2598 1801 2645 A quolibet fideli singulariter vera ide & bonis operibus
1165 2628 1937 2677 Vera fide nomen Dei sanctificamus, quum Deum ipsiusque opera
1136 2665 1929 2709 recte agnoscimus, promissionibus ejus credimus, & in ipso omnem.
1135 2698 1928 2744 fiducia collocamus, & in ipso collocatam libere & intrepide profiter
1133 2728 1933 2776 mur, certo statuentes, nos propter solius Christi meritum servari,
1131 2765 1844 2818 Num. 20. 12. Jes 8. 13. Iehovam exercituum ipsum sanctificate.,
1158 2796 1935 2851 Bonis operibus nomen Dei sanctificamus, tum recte colendo Deum,
1128 2833 1934 2881 in primis glorificatione & praedicatione virtutum & operum ejus.
1126 2873 1921 2913 Ps. 71. 8. Impleatur os meum laude tua, toto die gloria tua. Jes. 29. 21.
1125 2895 1930 2944 Nam quum videbit natos suos, opificium manuum mearum in medio sui,
1129 2928 1922 2981 sanctificantes nomen meum; tum sanctificabunt sanctum lacobi, & Dei
1131 2960 1922 3018 Israelis expavescendum praedicabunt. 1. Petr. 2. 9. Vos autem genus ele
1123 2996 1922 3049 ctum, regate sacerdotium, gens sancta populus que sibi Deus ut proprium
1128 3024 1934 3082 vendicat, ut virtutes praedicetis illius qui vos vocavit e tenebris in admi¬
1128 3061 1925 3110 rabilem suam lucem: tum virtutis studio; idque ad hunc finem, ne san¬
1134 3089 1926 3152 ctissimum nomen Dei propter nos contumelia afficiatur, sed potius
1134 3125 1936 3181 ut alii videntes nostra bona opera glorificent Patrem nostrum cae¬
1123 3180 1204 3226 lestem
1161 3188 1928 3257 Rursus sanctifigari nome divinum a nobis debet tum in spiritis, tum
