2063 3437
134 174 989 231 spiritus successive obtinetur a Deo, ex demenso donationis Christi, A
141 224 653 264 lege vocationis, & modulo tenuitatis nostrae
173 245 942 292 Panis ille vivificus qui de caelo descendit, est Christus Dominus i1
144 289 941 330 carne exhibitus. Joh. 6. v. 32, 33. 35, 48, 50, 51, 53, 54, 55, 56, 57, 58. Sit
139 320 944 366 Augustinus ait decimo tomo, libr. homiliarum quinquaginta, homi¬
139 352 947 397 lia decimaquarta: Panis noster quotidianus, Christus in carne. Hic est
135 390 939 429 omnipotens ille vitae largitor & autor, quem nobis fame contabe¬
142 421 941 463 scentibus & pereuntibus Pater caelestis de caelo mittere dignatus est
147 456 951 495 Hic est panis ille qui vitam reddit mortuis: de quo quisquis ederit, non
140 491 949 528 morietur in aeternum. Per hunc panen reviximus: per hunc alimur ad
144 520 950 561 saginamur, & adolescimus ad perfectum robur spiritus. Hic nobis
147 554 949 597 quotidie trajiciendus in animae viscera. Corpus Christi est panis ille
151 592 950 631 vivificus, cujus participes sunt omnes vere fideles, qui versantur in
147 625 950 659 magna domo Dei, quae est Ecclesia. Unus panis est, omnium vere cre¬
145 654 950 693 dentium communis, quemadmodum & nos unum corpus sumus
153 692 963 728 constans ex membris diversis, sed eodem spiritu vegetatis. Hic panis
149 719 951 760 vere suavis est, reficit afflictos, crigit collapsos, robur addit infirmis
146 756 953 797 crigit pusillos, denique & vitam confert aeternam. Orandus igitur
159 785 956 822 benignissimus Pater caelestis, ut hunc panem nobis liberis suis quo-
157 819 948 858 tidie impartiatur, donec eo vesci contingat in mensa illa caelesti, qui
150 857 963 896 regni filios genuinos abunde explebit perenni satietate & copia gau¬
153 891 954 925 diorum in conspectu Dei amoenissimorum, ad dexteram Dei in ae¬
156 918 954 958 ternitatem, Psalm. 16. 11. Per hunc panem vitae unimur Deo Pa¬
165 951 959 994 ri, Filio & Spiritui Sancto, quo perfrui perfecta felicitas est, nesci¬
160 993 966 1027 ens desiderium alterius rei, sive quae in caelis est, sive quae in terris. In
162 1014 962 1067 ipso enim Deo nostro uno sunt omnia & extra cum nihil est quod sit
159 1053 318 1097 expetendum.
189 1087 968 1123 Corporalis panis quotidianus, est qui ad corporis nostri sustentatio¬
159 1121 956 1155 nem requiritur. Dicitur viaticum nostrum, Psal. 132. v. 15. Viatico eiu
161 1155 888 1197 affatim (seu benedicendo Jbenedicam, egentes eius saturabo cibo.
193 1181 967 1222 Estque non tantum victus seu cibus & potus, sed etiam in illo vi¬
167 1214 970 1256 alendi & nutriendi corpus, vis conservandi & confirmandi seu instau¬
166 1248 977 1292 tandi bonam valetudinem & tuendi hanc corporalem vitam, quae vis
177 1283 961 1318 promanat a benedictione seu beneficentia procedente ex omnipotet.
165 1312 980 1363 te & arcana virtute divina, Deuteronom. 8 v. 3. Matth. 4. ver. 4. quam vi¬
160 1355 967 1395 etiam pauculum diu durare potest & multiplicari, 1. Regum 17. vers
160 1383 972 1427 14, 15.16. & diu robur corporis sustentare, 1. Reg. 19. v. 8. qua vi ne di¬
164 1420 973 1461 tissimi quide carere queunt: item mens sana in corpore sano, animus
177 1448 967 1486 laetus & contentus eo quod largitur Deus, Prov. 13. v. 15. Omnes dij
177 1480 984 1521 pauperis (id est, hominis sua sorte minime contenti) mali sunt: boni au¬
166 1523 971 1557 tem corde (id est, acquiescentis in sua sorte, dies) sant convivium juge
175 1547 984 1584 amictus seu vestimentum, habitatio commoda, bonus & clemens
165 1585 980 1625 Princeps seu Magistratus, conservatio Reipublicae, pax & tranquilli¬
174 1620 968 1651 tas publica & privata, victoria adversus hostes, felix & blandum cor¬
173 1647 980 1690 jugium, probi liberi, familia morigera, boni vicini, fidi amici, honesta.
181 1680 971 1717 fama & existimatio praesertim apud bonos, charitas mutua inter ho¬
171 1717 980 1753 mines, tempestas commoda, fertilis fructuum terrae proventus, evasic
186 1752 980 1792 Epericulis, protectio ab inimicis, Psalm. 64. vers. 2, 3 prolongatio &
173 1785 973 1822 conservatio hujus vitae corporalis, Psalm. 6. versic. 5, 6. & Psalm. 36.
187 1815 976 1857 v. 10, 11. Psalm. 91. versic. 16. sanatio morborum Psalm. 6. 3. rem: di¬
180 1844 980 1882 idonea ac commoda vel ad depellendos morbos vel ad praeservatio¬
189 1882 983 1924 nem ab illis, benedictio medicamentorum ut valetudini prosint, &c.
180 1909 984 1947 Haec omnia & alia similia vitae hujus corporalis adjumenta nomine
188 1949 667 1991 corporalis panis quotidiani intelliguntur?
207 1971 981 2014 Eum quidem Deus manuum nostrarum labore parari jussit, sed
180 2009 987 2047 tamen eum a Deo petimus, quia neque labot noster, neque labore
192 2046 990 2091 parta prosunt nobis absque divina benedictione, quae & ipsa panis
189 2078 416 2125 quotidiani pars est.
213 2101 986 2146 Quod si dives es & abundans, attamen velut inops, opum tuarum
188 2139 995 2178 benignum usum indies exorato & cogitato plenas cellas & plenas ar¬
186 2177 983 2212 cas subito posse evacuari, nisi manu Domini custodiantur: imo nis
190 2212 976 2247 Dominus cibum potumque sua benedictione asperserit, edentes ta
190 2244 983 2291 bescent fame & bibentes arescent siti. Ezech. 4. v. 14. Comedetis &
183 2280 583 2313 non saturabimini. Levit. 26. v 26.
225 2309 998 2347 Nominamus eum quidem Nostrum panem, & tamen petimus eum;
193 2334 1001 2380 a Deo nobis dari: quia Dei dono sit noster: neque potest quicquam
185 2379 1000 2420 esse aut fieri nostrum, nisi dante Deo. Quid enim habes, quod non
195 2410 988 2453 accepisti? Quid ergo tibi assignas, quod non tibi ipse dedisti? Agnosc¬
197 2440 995 2487 largitorem, confitere te accipere, ut libenter ille dignetur dare. Qui
199 2474 998 2513 superbus est, qui panem quo vescitur, non agnoscit Dei donum esse, is
189 2512 991 2550 non suo, sed alieno pane vescitur, ac per hoc injustus esse & fur agnosci¬
202 2545 998 2580 tur. Praeterea quod dari nobis a Patre caelesti panem quotidianum
202 2579 992 2618 petimus, eo admonemur, ut frugaliter & reverenter illo utamur a
201 2611 991 2652 nequaquam abutamur, aut prodigalitate, voracitate & ebrietate per
198 2642 998 2681 damus. Quicquid enim a Patre caelesti nobis datur, eo nequaquam
204 2676 1003 2710 abutendum, sed recte utendum. Si liberi corrumpere & perdere non
212 2707 1004 2743 debent ea quae a terrenis parentibus acceperunt dona: multo minus
207 2740 993 2783 nos corrumrere & male perdere decet dona a Deo Patre nostro cae¬
204 2775 541 2819 lesti tam gratiose nobis data¬
243 2798 994 2849 Nominamus eum NOSTRUM panem, ut eum acquitamus ju¬
208 2840 1001 2875 re, hoc est, aut successione haereditaria, aut labore, aut dono: nam
200 2875 1010 2914 mendicitas validorum, ut sunt monachi mendicantes, contra jus est;
205 2912 998 2948 quos manibus suis laborare oportebat ex institutione Dei Genes. 3
207 2939 1004 2975 versic. 7. Ephes. 5. versic. 28. ut habeant unde iis dent qui necessitate
220 2974 1004 3017 premuntur, alioquin homines inordinati sunt I. Thessalonicens. 5. v.
210 3005 473 3049 14. & 2. Thessal 3. v. 6.
239 3036 1000 3090 Nostrum panem etiam ideo nominamus, ut eo contenti non appo¬
212 3070 386 3114 tamus alienum
249 3098 1013 3146 Dicimus vero nostrum panem & non meum, ut quisque sciat, se non
214 3137 986 3179 sibi soli, sed etiam suo proximo panem necessarium petere debere.
244 3171 1020 3212 betimus denique QUOTIDIANUM panem, eumque HODII
219 3204 616 3258 nobis dari, propter quinque causas
1036 181 1814 231 I. Ut diffidens de crastino solicitudo e nostris animis exima¬
1002 221 1040 266 tur.
1033 244 1822 306 2. Ut meminerimus, pro quotidiano pane quotidianis precibus
1004 289 1115 343 opus esse,
1038 308 1827 361 3. Ne ultra praescripium Dei immoderate & avare opes hujus
1004 357 1826 402 mundi appetamus & concupiscamus. Unde Propheta Agur Prover.
1015 391 1645 429 0. 8. orat: divitias ne des mihi: ale me pane demensi mei
1038 408 1829 467 . Ut brevitatis hujus nostrae vitae corporalis quotidie admo¬
1010 454 1426 496 neamur, quasi hodie tantum victur.
1039 478 1822 530 5. Ut altius crigamus animos; ad beatam nempe & caelestem vi¬
1007 521 1594 563 tam, quam filiis suis Pater noster caelestis promisit.
1044 555 1826 594 Quemadinodum autem panem quotidianum petimus a Deo no¬
1015 585 1819 629 bis dari, ita pudendam paupertatem deprecamur, sicut Propheta A¬
1009 620 1660 672 gur facit Proverb 30. v. 10. Paupertatem ne des mihi, &c.
1035 639 1826 688 Sinsus igitur quartae petitionis est: Liberalissime Pater, da nobis
1026 689 1827 731 quotidie quo ad sustentationem nostri egemus. Sed ante omnia, quonia
1016 718 1825 763 juxta testimonium fidi servi tui Pauli Apostoli, praecipue spirituum
1020 756 1832 793 pater es, pasce animos nostros alimonia spirituali verbi tui, sive lacte
1020 785 1839 829 opus est infirmis, sive solido cibo adultioribus. Pasce animos nostros
1026 818 1832 858 pane illo vivifico, quem nostri amore impulsus nobis dedisti, ut omnis
1016 859 1825 893 qui in eum credit, non pereat, sed vitam aeternam habeat: Da etiam
1017 886 1832 929 nobis benedictionem tuam & omnia necessaria in hac temporali,
1016 924 1836 958 caduca & fragili vita: da nobis alimenta corporis, amictum necessa¬
1017 955 1829 994 rium, hospitium seu habitationem commodam: bonam valetudine
1019 985 1825 1033 corporis: da clementem & benignum Magisiratum: fac ut regnet ale
1023 1018 1829 1058 ma inter nos pax & tranquillitas: prohibe quaeso, ne bellorum tumul¬
1022 1046 1889 1091 tibus & dissidiis affligamur. Adsis auxilio tuo Magistratui nostro 1. X.
1018 1084 1841 1123 summo & omnibus adininistris illius in regimine politico, prospe¬
1024 1117 1835 1157 ros reddas conatus illius, dona illi sapientiam, prudentiam civilem &
1023 1153 1839 1190 intellectum, guberna omnia illius consilia, omnes cogitationes, ut
1035 1186 1834 1221 tempublicam pacifice & juste gubernent, ut tranquillam ac quietam
1036 1220 1628 1256 vitam degamus cum omni pietate & honestace, &c.
1059 1245 1830 1292 QUINTA PETITIO est. Et remiite nol is debita nostra, sicut &
1039 1286 1844 1322 nos remittimus debitoribus nostris: qua petiraus remissionem peccato¬
1028 1317 1832 1354 rum propter justitiam Christi ex gratia nobis imputatam, atque adeo
1041 1356 1831 1391 beneficium justificationis gratuitae corem tribunali Dei: & firmite
1038 1385 1836 1420 credentes, precationem nostiam a Deo exauditam, nos que obtinuise
1038 1419 1843 1457 se remissionem peccatorum, declaramus, quod gratitudinis adversus
1039 1453 1848 1495 Deum testificandae gratia parati simus ad condonandum proximis
1036 1484 1328 1528 nostris ossensas ipsorum.
1070 1509 1845 1560 Bactoi igitur petitonis hujus sunt duae; postulatio a Deo remissio¬
1035 1547 1857 1595 nis pocratorium; & decleratio gratitudinis nostrae pro impetrata remisa¬
1034 1585 1233 1631 sicqus jeccarorum.
1070 1610 1847 1656 Postulatio remissionis peccatorum, est petitio absolutionis tum a
1037 1653 1854 1689 culpa, tum a poenis peccatorum propter satisfactionem & justitiam
1041 1686 1852 1726 Mediatoris nostri Christi fide applicata, qua digni fimus vita aeterna.
1071 1720 1860 1754 Partes postulationis ejus duae sunt: imploratio imputationis iustitiae
1043 1749 1856 1803 Christi, & deprecatio imputationis nostrorum peccatorum at que sic rea¬
1039 1782 1367 1827 tu. & flagellorum ob peccata.
1065 1819 1844 1865 Quod orando pro remissione peccatorum, imploremus imputa
1052 1846 1847 1887 ionem justitiae Christi, planum est inde, quia nemini remittuntur a
1038 1886 1840 1925 Deo peccata, nisi propter justitiam Christi gratios e imputatam, sic
1044 1920 1855 1952 ut dicitur 1. Joh 2. v. 12 Scribo vobis, filioli, quoniam remissa sunt vo¬
1053 1952 1857 1989 bis peccata propter nomen eius. Et Actor. 16. v. 43. Huic etiam omnes.
1046 1979 1859 2035 Prophetae testimonium dant, remissionem peccatorum accepturum per¬
1035 2015 1527 2052 nomen eius quemvis qui crediderit in eum.
1084 2036 1858 2090 Quod orando pro remissione peccatorum, etiam deprecemur ifi¬
1056 2083 1849 2124 putationem nostrorum peccatorum atque sic culpam & poenas, plu¬
1051 2111 1848 2154 timi Psalmi indicant; ut Psal. 6. v. 2. orat David; Iehova ne in ira¬
1047 2148 1843 2187 tua reprehendas me, neque in excandescentia tua castiges me: Gratiosus
1042 2180 1844 2221 esto mihi Iehova. Item Psal. 19. v. 13, 14. Nam errores quis intelligat
1042 2213 1847 2252 me, inquam, ab occultis absolve: Tum a contumaciis subtrahe servum
1048 2249 1853 2288 tuum, ne dominentur in me; tunc integer & insons ero a defectione ma¬
1059 2275 1852 2315 na. Psal. 32. v. 5, 6. Peccatum meum notum faciam tibi, & iniquita¬
1057 2313 1841 2348 tem meum non tegam (inquiebam) Consitebor defectiones meus Ieho¬
1056 2347 1856 2386 vae; & tu sustulisti poenam peccati mei maxime. Propter hoc oraturus
1057 2380 1845 2422 est te, quemcunque benignitate prosequeris quo tempore obvenerit, &c.
1062 2411 1854 2448 Et 38. v. 2. Iehova, ne in fervente ira tua arguas me; aut in excande¬
1059 2443 1849 2480 scentia tua castiges me. Et 51. v. 3. & sequentibus: Gratiam fac mihi,
1059 2476 1860 2510 Deus, secundum benignitatem tuam, secundum amplitudinem mise¬
1050 2513 1845 2554 rationum tuarum, dele defectiones meus. Multum ablue me ab iniqui
1054 2543 1856 2584 tate mea, & a peccato meo munda me: Nam defectiones meus ego agnoscos
1066 2575 1860 2615 & peccatum meum obversatur mihi jugiter, &c. Et Psal. 143. v. 2. Nae
1052 2609 1849 2650 congrediaris iudicio cum servo tuo: nam non esset iustus coram te ullus
1053 2642 1135 2682 vivens
1090 2664 1847 2719 Quae vero debita nobis petimus remittiiomnia debita, tum culpe
1053 2708 1863 2741 tum poenae: & quod ad debita culpae attinet, tum originale quod pec¬
1056 2746 1850 2785 cantis primi hominis voluntate contractum est & in nobis residuum
1057 2774 1861 2810 manet dum in mortali corpore sumus: tum illa quae quotidie con¬
1068 2811 1855 2852 trahimus. Non enim ea dimitti precamur, quae jam in baptismo di¬
1069 2843 1860 2883 missa sunt: & nisi dimissa credimus, de ipsa fide dubitamus, ait Augu¬
1065 2875 1853 2912 stinus decimo tomo, homil. quinquages. in lib. homil. quinquaginta
1077 2908 1865 2946 Non tantum debitum culpae nobis remitti petimus, sed simul etiam
1074 2940 1859 2980 lebitum poenae. Porro quod non dicimus, remitte mihi debita mea,
1064 2972 1855 3012 sed potius, Remitte NOBIS debita NOSTRA; eo significamus, non
1061 3006 1863 3042 remissionem peccatorum etiam aliis expetere, non amicis tantum,
1072 3040 1868 3080 sed etiam inimicis, a quibus male habiti & tractati, & injuriis affecti
1071 3072 1855 3113 sumus: sicut Christus in cruce oravit pro illis qui ipsum crucifigebant
1068 3107 1862 3142 Luc. 23. 34. Pater, remitte ipsis: nesciunt enim quid fatiant. Et Stepha¬
1074 3138 1863 3175 nus protomattyr Act. 7. v. 60. Positis genibus, clamavit voce magna
1071 3171 1868 3211 Domine, ne statuas eis hoc peccatum: Et Paul 2. Tim. 4. 16. In prima mea¬
1078 3206 1864 3250 defensioe nemo mihi adfuit, sed omnes me deserutrut: ne illis impuretum.
