2063 3337
205 146 1002 193 nitor. Et Canon sextus: Episcopus, aut presbyter, aut diaconus secu¬
202 174 977 231 lares curas non suscipito: alioquin deponitor. Et Canon vigesimus
212 206 986 258 octavus: Si quis Episcopus, aut presbyter, aut diaconus, pecuniae in¬
201 260 211 301 A
216 267 983 327 qui eum ordinavit, & omnino a communione abscinditor, quemad¬
233 333 977 386 IV. Quia sanciunt excommunicationes quasdam ob res levicu¬
214 369 985 418 sas contra praecepta Christi & Apostolorum in sacris literis exarata:
217 399 979 444 veluti si quis ex sacerdotali ordine non communicaverit aliquando
213 428 1003 485 Caenae Dominicae tanquam qui moverit populo suspicionem contra
206 467 979 516 eum qui obtulit: item si quis Dominico die aut sabbatho jejunave¬
204 512 295 554 rit: &c.
243 516 971 574 V. Quia cultum Dei praescribunt alienum prorsus a Novo Te
207 565 976 608 stamento: nam Canone tertio probatur oblatio olei in candelabro
214 607 323 650 & incensi.
246 618 973 674 VI. Quia adversantur Sacrae Scripturae. Nam Canon sexagesi
216 657 973 710 musoctavus alligat conscientias ad jejunia in quadragesima Pascha¬
207 696 992 740 & feriae quartae & parasceves, contra illud Pausi: Nemo vos judicet in
218 734 410 781 cibo aut potu, &c.
240 750 985 797 VII. Quia ille ipse Canon octogesimusquartus ne quidem Pa¬
215 788 986 842 pistis ipsis per omnia probatur: nam in eo inter libros sacros recen¬
222 820 982 866 sentur Clementis epistolae duae, & praeceptiones quae episcopis per
222 852 993 897 Clementem libris octo nuncupatae sunt: quas tamen Pontificij in
222 885 992 931 Canonicis non habent. Item tres in ea libri de Machabaeorum ge¬
216 918 987 969 stis inter sacros numerantur: at Synodus Tridentina duos tantum
225 951 815 1011 agnoscit Sessione quarta, decreto de libris Canonicis
243 985 983 1024 VIII. Quia si recipiendus est Canon iste: tum neque liber To¬
213 1014 988 1060 biae, neque liber Judithae, neque Sapientia Salomonis, neque Ba¬
221 1047 989 1095 ruch, neque Apocalypsis Johannis inter Canonicos libros connume¬
220 1089 1007 1128 rari debent: nai ibi non connumerantur. Apostoli autem certo sci¬
225 1115 733 1168 verunt qui libri essent vere Canonici, qui non
243 1136 997 1183 IX. Quia manifestum mendacium Canon iste continet. Nam
232 1180 991 1221 Evangelium Johannis inemorat, quod omnes scriptum fuisse con¬
219 1209 994 1259 sentiunt, reliquis Apostolis aut omnibus aut plerisque mortuis; Ca¬
222 1241 991 1289 nones autem hos narrant ab ipsis Apostolis in unum congregatis
225 1280 992 1316 Antiochiae promulgatos. Sic Peresius statuit in parte tertia sui de tra¬
236 1314 989 1353 ditionibus libri. Et Canon. 28. Petrus ipse loquitur, removeatur e
236 1335 991 1387 communione, ut Simen Magus, a me Petro. Huic ergo Canoni, si ve¬
226 1369 989 1412 rus est, condendo Petrus interfuit. At Petrus qui fuit tempore Ne¬
225 1412 1009 1445 ronis interfectus, quomodo potuit videre Evangelium Johannis,
225 1442 946 1488 quod Domitiani primum tempore scriptum atque editum fuit:
252 1454 988 1504 X. Quia repugnat ipsis Apostolorum factis. Nam Canon se
238 1500 1010 1540 ptimus vetat eadem die cum Judaeis Pascha celebrare: at Johannes,
234 1531 877 1577 Philippus & alij eadem die cum Judaeis Pascha celebrarum
261 1557 1003 1605 XI. Quia Canonum istorum numerus certus constitui non po¬
226 1597 1009 1632 test, quod multum facit contra fidem & autoritatem ipsorum. Nam
234 1633 1009 1669 Synodus sexta universalis, Trullana dicta, Constantinopoli anno¬
231 1666 997 1700 Christi 680. celebrata, approbat & recipit Canones octogintaquin
237 1697 1007 1731 que: Zepherinus episcopus Romanus, qui annis quingentis Synodo
243 1731 1004 1768 Trullana antiquior fuit, non plures agnoscit, quam sexaginta. Gra¬
232 1762 1004 1804 tianus Distinct. 16. ait esse tantum quinquaginta, eosque apocry¬
231 1792 294 1841 phos
288 1808 1003 1859 Quapropter etiam Bellarminus ipse libro primo de verbo Dei,
232 1857 1004 1889 capite vigesimo, sectione nona & sequentibus fidem & autoritatem
232 1885 1007 1930 Canonibus istis derogat. Proinde testimonium ex illis pro libris
232 1918 730 1959 Machabaeorum petitum nullius est ponderis.
598 1947 641 1981 II.
292 1962 995 2018 Libros Machabaeorum non Iudeaei, sed Ecclesia pro Canonicis ha¬
215 2010 977 2058 bet, teste Augustino libro decimooctavo de Civitate Dei cap. 36.
283 2043 587 2086 Ergo sunt proprie Canonici.
288 2077 998 2115 RESP. Negatur consequentia, quia ex aequivoco concluditur
225 2113 997 2153 proprie, quod genus argumentationis est ἀλόνισον. Quum enim Au¬
231 2148 998 2180 gustinus dicit, Ecclesiam pro Canonicis habere libros Machabaeo¬
234 2171 992 2212 tum, Canonicos appellat non divino illo Canone fidei qui ab Ecclesiae
228 2203 998 2241 Judaeorum, quibus credita fuerunt eloquia Dei, Rom. 3. 2. ad Eccle¬
229 2234 991 2272 siam Christanorum pervenit: sed Ecclesiastico Canone lectionis, qui
231 2267 991 2306 tum ex libris divini Canonis constat, tum ex aliis quos ab homini¬
222 2300 989 2343 bus non divina inspiratione, sed humana solummodo diligentia scri¬
231 2337 992 2373 ptos Ecclesia autoritate humanam voluit legi ad plebis aedificationem:
226 2368 1015 2403 ob praecepta & exempla quaedam pietatis, non autem proferri ad
235 2396 995 2431 confirmandam fidei seu dogmatum Ecclesiasticorum autoritatem
231 2430 992 2470 ut ex Hieronymi praefatione in libros Salomonis & Ruffini exposi¬
225 2468 1001 2498 tione in Symbolum Apostolicum constat. Hanc aequivocationem:
225 2494 999 2530 verba etiam Augustini aperte monstrant, quum ait libro citato: Ab¬
225 2526 992 2563 hoc tempore apud Iudaeos restituto templo, non Reges, sed Principe
231 2558 998 2592 fuerunt usque ad Aristobulum, quorum supputatio temporum, non
231 2588 992 2623 in Scripturis Sanctis, quae Canonicae appellantur, sed in alijs inveni¬
235 2618 997 2654 tur, in quibus sunt & Machabaeorum libri, quos non Iudeaei, sed Ec¬
225 2651 1007 2685 clesia pro Canonicis habet, propter quorundam martyrum passiones.
231 2681 1017 2717 vehementes atque mirabiles, qui antequam Christus venisset in car¬
225 2714 1003 2753 nem, usque ad mortem pro Dei Lege certaverunt & mala gravissima.
226 2744 559 2787 atque horribilia pertulerunt.
285 2772 1000 2810 Clariora haec sunt, quam ut obscurati possint: alias Scriptura
237 2810 1004 2847 esse sanctas quae Canonicae appellantur, alias pro Canonicis haberi:
229 2840 1009 2875 illas per se, & propter se, has propter quorundam martyrum passio¬
225 2876 1001 2911 nes vehementes atque mitabiles, id est, propter exempla quaedam
231 2907 1001 2945 constantiae singularis & admirabilis in perferendis cruciatibus &
231 2939 1006 2973 morte obita pro Lege Dei. Bellarminus autem testimonium Augu¬
235 2966 1004 3005 stini truncatum allegavit, ne antecedentia & consequentia in illo ar¬
250 3004 1019 3037 umentum pro libris Machabaeorum adductum everterent: sic ut
244 3036 997 3074 nine quoque perspici possit, quam bona fide Bellarminus Patres ali
234 3065 302 3114 leget.
1224 142 1619 200 CAPUT XXXIV
1035 181 1829 247 In quo adferuntur & defenduntur nostra argu¬
1107 235 1742 298 menta communia contra libros Apo¬
1354 285 1495 347 cryphos.
1034 322 1834 386 Hactenus refutata sunt argumenta Papistarum tum
1032 377 1825 434 comunia tum propria pro libris Apocryphis allata: nunc
1056 421 1814 484 nostrae sententiae argumenta contra libros eosdem pro¬
1086 485 1778 538 ferenda sunt & adversus Papistarum exceptio¬
1221 515 1631 583 nes, si quas adferunt, defen¬
1383 565 1487 619 denda.
1112 606 1829 661 DIECTIONES ad librum Estherae, librum Baruchi, addita¬
1122 656 1828 695 menta ad Danielem, libros item Tobiae, Judithae, Sapientia
1119 684 1822 726 Salomonis, Ecclesiastici seu Jesu Siracide, & duos Machabaeo¬
1042 718 1834 762 rum (nam caeteros ipsi etiam Papistae apocryphos esse agnoscunt)
1039 752 1835 803 non esse vere, id est, univoce & proprie Canonicos probari potest,
1035 784 1534 830 tum communibus argumentis tum propriis
1086 807 1838 870 Communia argumenta, quae in omnes libros competunt, haec
1044 839 1104 892 sunt:
1312 869 1546 923 PRIMVM.
1086 914 1694 958 Omnes vere Canonici libri sunt diuvinitus inspirati¬
1093 948 1648 984 Nullus horum librorum est diuvinitus in spiratus
1092 980 1642 1013 Ergo nullus horum librorum est vere Canonicus
1092 1011 1835 1051 Major propositio est extra controversiam, quum omnibus no¬
1047 1044 1825 1079 tum sit illud Pauli 2. Timoth. 3. v.16. Tota Scriptura diuvinitus es
1053 1078 1837 1116 inspirata, & illud 2. Petr. 1. v. 21. Non enim libitu hominis allata est
1041 1116 1828 1154 olim Prophetia, sed acti a Spiritu Sancto locuti sunt sancti Dei ho¬
1054 1143 1109 1178 mine.
1080 1166 1831 1217 Assumtio hoc prosyllogismo probatur: Nullus liber humano ju¬
1051 1206 1828 1243 dicio humanoque labore & multo studio congestus & concinnatus, est
1057 1239 1826 1277 livinitus inspiratus: Omnes hi libri sunt humano judicio humano.
1056 1271 1838 1313 que labore & multo studio congesti & concinnati: Ergo nullas ho¬
1059 1300 1486 1346 um librorum est diuvinitus in spiratus
1108 1333 1829 1375 Prosyllogismi assumtio sic probatur inductione aliquot istorum
1044 1365 1831 1404 librorum: Nam Iesus Siracides in Prologo Ecclesiastici fatetur, a¬
1056 1403 1835 1436 vum suum Jesum, postquam se amplius impendit ad diligentiam le¬
1059 1435 1835 1468 ctionis Legis & Prophetarum & aliorum librorum, qui a parenti¬
1053 1466 1847 1501 bus traditi erant; voluisse & ipsum scribere aliquid horum, quae ad
1057 1497 1841 1538 doctrinam & sapientiam pertinent: Fatetur etiam se avi fui librum
1054 1531 1838 1566 ex Hebraeo tantum Graecum fecisse & petit veniam sibi dari in illis,
1056 1562 1850 1597 in quibus videtur sequens imaginem sapientiae deficere in verborum.
1053 1599 1835 1638 compositione. At libri θεόπνουσει non ex humano judicio humanaque
1060 1628 1834 1665 voluntate & industria nascuntur nec autores illorum sequuntur ima¬
1065 1659 1837 1700 ginem sapientiae, nec translatores solummodo agunt ex una lingua
1056 1694 1831 1732 in aliam, nec deficiunt in verborum compositione, nec venia indi¬
1063 1724 1843 1762 gent. Ecclesiastici igitur liber humano judicio humanoque labore
1054 1758 1838 1794 & multo studio compositus & concinnatus est. Sic autor historiae
1054 1790 1838 1824 Machabaeorum fatetur libro secundo, capite secundo vers. 24. usque
1054 1823 1850 1862 ad finem capitis se ex quinque libris Jasonis Cyrenaei breviandi illud
1060 1855 1837 1891 opus causa, non facilem laborem, imo vero negotium plenum vi¬
1050 1888 1844 1929 giliarum & sudoris assumsisse, &c. At libri vere divinitus inspirati
1054 1917 1843 1952 non contrahuntur a Spiritu Sancto ex profano aliquo scriptore, nec
1047 1951 1840 1984 cum tam difficili labore & negotio pleno vigiliarum & sudoris exa¬
1050 1985 1837 2012 rantur. De additionibus ad librum Estherae ait Hieronymus in Prae¬
1051 2013 1840 2048 fatione illius libri; quod eum editio Vulgata, laciniosis hinc inde ver¬
1051 2042 1832 2080 borum sinibus trahat, addens ea quae ex tempore dici poterant & au¬
1044 2081 1837 2109 diri: sicut solitum est Scholaribus disciplinis, sumto themate excogi¬
1059 2111 1844 2146 rare quibus verbis uti potuit qui injuriam passus est vel qui injuri¬
1051 2140 1831 2178 am fecit. De adjectionibus ad Danielem ait Augustinus tomo ter¬
1050 2171 1835 2210 tio libro secundo de Mirabilibus Sacrae Scripturae, capite trigesime
1057 2204 1832 2244 secundo: De lacu vero iterum & Abacuc translato in Belis & dra¬
1051 2242 1844 2274 conis fabula, idcirco in hoc ordine non ponitur, quod in autoritate di¬
1057 2274 1831 2311 vinae Scripturae nen habetur. Adjectiones igitur illae humano arbi
1054 2304 1849 2345 trio sunt additae. Idem statuendum de reliquis libris Apocryphis quod
1051 2333 1637 2376 humano judicio humanoque studio conscripti sint.
1092 2365 1793 2403 SECVNDVM ARGVMENTVMCOMMVNE
1111 2398 1837 2442 mnes vere Canonici libri Veteris Testamenti scripti vel dictat:
1056 2424 1246 2469 sunt a Prophetis:
1098 2463 1847 2507 Nullus horum librorum scriptus vel dictatus est a Propheta ali¬
1043 2499 1092 2541 quo
1102 2525 1670 2564 Ergo nullus horum librorum est vere Canonicus.
1105 2556 1847 2598 Major propositio est certissima. Nam libri Veteris Testamenti
1054 2589 1841 2631 quum allegantur in Novo Testamento, sub Mosis & Davidis alio¬
1053 2630 1844 2667 rumque Prophetarum nomine allegantur. Luc. 24. v. 27. Christus
1066 2657 1841 2697 ixorsus a Mose & omnibus Prophetis, interpretabatur illis in omni¬
1057 2687 1839 2731 bus Scripturis quae de se scripta erant. Luc. 16. 29. respondit Abraha¬
1056 2721 1844 2759 mus epuloni de fratribus illius: Habent Mosen & Prophetas, audiam
1059 2751 1843 2791 illos: Per Mosen & Prophetas intelligens libros Scripturarum veteris
1069 2784 1844 2823 Testamenti. Paulus Act. 24. 14. coram praeside Felice ait se ita servi¬
1056 2822 1844 2865 re patrio Deo, ut qui credat omnibus quae in Lege & in Prophetis scri¬
1060 2851 1849 2885 pta sunt, & Act. 26. 22, coram praeside Festo & Rege Agrippa profi¬
1054 2884 1841 2926 tetur, non se dixisse quicquam extra ea quae Prophetae ac Moses futur:
1065 2915 1838 2958 praedixerunt. Rom. 1. v. 2. ait se separatum ad praedicandum Evange
1059 2948 1847 2977 lium Dei, quod promiserat Deus per Prophetas suos in Scripturis San¬
1056 2978 1840 3013 ctis. & cap. 16. v. 28. dicit, mysterium quod a temporibus secularibus
1056 3011 1838 3047 tacitum fuit, nunc factum esse manifestum, & perScripturas Prophe
1068 3042 1837 3083 icas ex imperio aterni Dei ad obedientiam fidei, omnib. Gentibus de
1062 3072 1840 3113 clarntum. 2. Pet. 1. 19. Scriptura Veteris Testamenti vocatur λόῳ
