2063 3437
250 159 1089 204 sanctificum crustulum appellat Philander Annot. in Vitruν lib 4. c8. A
243 199 1037 234 quam denique Deum suum & Don inum vocant, quod Thomas Har¬
243 230 902 267 dingus adversus Juellum tueri non dubitavit Articul. 21.
283 268 1034 303 Adorant autem Sacramentum cultu latriae, hoc est, cultu qui vero
238 292 1025 331 Deo debetur, quasi Sacramentum esset verus Deus. Nam cultum la
239 326 1039 363 triae esse Sacramento exhibendum decernere non erubuerunt patres
246 360 1035 397 Concilii Tridentini Session. 13. c. 5. his verbis: Nullus dubitandi locus¬
250 391 1044 427 relinquitur, quin omnes Christe fideles, pro more in Ecclesia Catholica
249 423 1031 464 semper recepto, latriae cultum, Qui VERO DLODEBETUR, huic sanctis¬
246 459 1037 500 simo Sacramento in veneratione adhibeant. O blasphemam idolola¬
237 492 1037 530 triam!o idololatricam blasphemiam! Fatentur latriae cultum, vero
246 522 1003 562 Deo deberi, tamen eum crustulo adhibendum decernere ausi sunt,
276 563 800 596 Atqui I. Latriae cultus soli vero Deo debetur.
280 593 725 627 At Sacramentum non est verus Deus.
285 620 800 672 Ergo Sacramento latriae cultus non debetur?
276 653 1027 694 II. Nec Christus Sacramento cultum latriae adhibere ullibi ju¬
243 686 1040 730 sit, nec Apostoli, neque alii fideles in Ecclesia Catholica primitiva un¬
249 724 475 770 quam adhibuerunt.
282 750 791 797 Ergo Sacramento latriae cultus non debetur
276 784 1091 839 At probare conantur patres Tridentini decretum suum hoc argu¬
247 827 335 869 mento:
277 851 1049 891 Ubi praesens adest Deus ille, quem Pater aternus introducens in or¬
238 885 1046 926 bem terrarum dicit; Et adorent eum omnes Angeli Dei, quem Magi pro¬
252 925 1043 969 cidentes adoraverunt, quem denique in Galilea ab Apostolis adoratum
246 962 854 1002 fuisse Scriptura testatur: ibi est cultu latriae adorandus,
262 997 1046 1029 At in Sacramento, hoc est, in accidentibus panis (nam panis substan¬
231 1022 1046 1067 tiam adesse negant & accidentia sine substantia subsistere fingunt)
273 1057 535 1101 esens adest Deus illi, &c.
230 1063 263 1103 pi.
271 1091 1049 1136 Ergo in Sacramento, hoc est, in accidentibus panis est cultu latriae,
237 1124 374 1171 adorandus.
279 1155 1043 1204 RESP. Primo peccatur sophismate ἔτεροζετίσεως seu alienae que
246 1189 1051 1233 stionis. Nam cum probandum fuisset, Sacramentum esse cultu latriae
244 1231 1055 1266 adorandum: probarunt aliud, nimirum, In Sacramento esse Deum;
237 1265 1052 1298 cultu latriae adorandum. Deinde Major est ambigua. Nam cum in
240 1291 1052 1330 Christo Domino duae sint naturae, divina & humana, explicandum
230 1324 1041 1365 fuerat patribus Tridentinis, de cujus naturae praesencia & adoratio
240 1358 1045 1403 ne loquantur. Nam si de divina natura loquuntur non potest ei assi¬
246 1393 1033 1440 gnari ubi vel ibi, hoc est, locus determinatus, quum sit ubique, hoc est
231 1426 1036 1470 non in aliquo ubi seu loco citcumscriptive, ut corpus; neque definitive
240 1467 1049 1499 ut spiritus creatus: sed in omni loco repletive non inclusa, nec exclusa,
247 1491 1050 1530 caelum & terram implens essentia & potentia. Ac etiamsi divina natu¬
240 1532 1057 1565 ra sit ubique, non vult tamen Deus ut adoraturi convertamus corda¬
237 1559 1053 1595 nostra ad res creatas in his terris, in quibus tamen omnibus divina
241 1598 1049 1635 natura est praesens, ad res usque minimas: sed precaturi jubemur ac¬
247 1624 1042 1666 cedere cum fiducia ad thronum gratiae, ut consequamur inisericor¬
243 1665 1049 1701 diam, & gratiam inveniamus ad opportunum auxilium Hebr. 4. v.
247 1690 1044 1728 16. Thronus autem ille est in caelis Hebr. 8. v. 2. Sin vero de humana
246 1725 1042 1762 Christi natura loquuntur, tum recte ubi & ibi, hoc est, locus ei tribui¬
244 1753 1038 1797 tur: & recte ibi adoratur, ubi praesens visibiliter adest, sicut ab Ange¬
240 1793 1080 1834 lis adoratur & a Magis Bethlehemi atque a discipulis in Galilaea ado¬
247 1824 730 1865 rabatur quibus visibiliter praesens aderat
282 1862 1050 1896 am ad Minorem respondeo. Ajunt, in Sacramento, hoc est, in cru¬
241 1892 1044 1935 stulo illo, aut potius in accidentibus sine substantia subsistentibus, ad
244 1927 1051 1965 esse Deum illum quem Pater aeternus introducens in orbem terratum
241 1961 1037 1996 dicit, Et adorent eum omnes Angeli Dei, que Magi procidentes ado
237 1995 1040 2035 raverunt, quem denique in Galilaea ab Apostolis adoratum fuisse Scri¬
240 2027 1046 2072 ptura testatur. Haec oratio itidem ambigua est: & tamen prae se tule
243 2062 1037 2101 runt patres isti belli se controversias decidere & determinate, sic ut di
240 2094 1040 2133 cere ausi sint; Nullus dubitandi locus relinquitur. Quidi nullus dubi
244 2133 1049 2169 tandi locus est in oratione tam ambigua? Ajunt, Deus ille adest: at se¬
247 2163 1039 2200 cundum quam naturamedivinam ne vel humanam? Si secundum di
246 2197 1039 2237 vinam: at secundum illam non minus adest in aqua Baptismi; Ergo &
243 2234 1043 2269 aqua baptismi cultu latriae adoranda erit. Imo hoc pacto omnes res
235 2269 1055 2300 creatae, etiam ligna & lapides cultu latriae adorari debebunt, quum in
241 2298 1040 2334 omnibus etiam minimis & vilissimis creaturis secundum divinam
234 2327 1049 2367 naturam sit praesens: sed ubi tandem thronum gratiae isti homines si¬
244 2359 1041 2402 bi non constituent? Sin vero secundum humanam naturam praesen¬
243 2399 1033 2434 tem adesse in crustulo illo dicat; adversantur illis Scripturae, adversar
235 2434 1043 2467 tur Symbola, adversantur vetusta Oecumenica Concilia, adversantur
233 2460 1052 2505 patres vetusti orthodoxi, adversantur rationes plurimae & validissi¬
232 2499 1037 2542 mae. Ex his enim omnibus constat; corpus Christi non esse in pane Eu¬
241 2528 743 2576 charistiae. Hoc ex Scriptura manifestum est.
271 2554 1037 2601 I. Quia ne quidem in prima Coene institutione fuit corpus Chri¬
234 2592 1043 2630 sti in pane. Docet Scriptura, Christum accubuisse, & in sinu ejus di¬
241 2625 1049 2662 lectum ei discipulum Johannem, manibus corporis sui panem ac¬
231 2660 1030 2700 cepisse, ejusdem corporis manibus fregisse & discipulis suis dedisse
243 2695 1040 2737 ejusdem corporis ore dixisse de pane quem dabat, Accipite, comedi¬
240 2731 1049 2763 te, hoc est corpus meum. Hinc firmissimam hanc demonstrationem
244 2763 344 2806 exstruo:
285 2776 1043 2836 Quod corpus mensae accubuit, in sinu suo dilectum discipulum
252 2826 1050 2863 Johannem complectens, & in manibus suis panem habuit, fregit &
244 2863 1045 2906 distribuit & de pane loquutum est: illud nequaquam fuit in eodem
240 2899 299 2939 pane.
282 2927 1046 2967 At corpus Christi mensae accubuit in sinu suo dilectum discipulum
243 2952 1049 3002 Johannem complectens, & in manibus suis panem habuit, fregit &
250 2994 624 3033 distribuit & de pane locutum est;
277 3017 821 3063 Psoinde corpus Christi in pane eodem non fuit
270 3050 1031 3094 II. Quod corpus in caelos adscendit & est in caelis, sedetque ad dex
240 3093 1037 3133 teram Dei in caelis, & caelis oportet capi usque ad tempora restitutio¬
237 3127 842 3161 nis omnium: id non est in terris in pane Eucharistiae
277 3150 1035 3197 At Christi corpus in caelos adscendit, & est in caelis, sedetque ad dex¬
243 3189 1036 3233 teram Dei in caelis, & caelis oportet capi usque ad tempora restitutio¬
1078 160 1899 211 nis omnium. Quod in caelos ascenderit, testatur historia ascensionis
1091 196 1886 239 descripta Marc. 16. Luc. 24. Act. 1. Quod sit in caelis, sedeatque ad due¬
1095 235 1901 278 teram Dei in caelis docetur Colos 3. v. 1. Si resurrexistis cum Christo,
1101 264 1893 312 superna quaerite. Ubi Christus est ad dexteram Dei sedens. Ephes. 1. v. 20.
1095 302 1898 342 Suscitavit eum ex mortuis, & collocavit ad dexteram suam in caelis. Heb.
1101 342 1892 379 1. v. 3. purgatione peccatorum nostrorum per seipsum facta, sedit ad dex:
1098 364 1896 406 tram maiestatis illius in excelsissimis. Hebr. 8. v. 1. Eorum quae dicimus.
1095 398 1903 441 haec summa est, Talem nos habere Pontificem, qui consedit ad dextram
1095 435 1904 484 throni maiestatis illius in caelis. Quod oporteat caelis capi usque ad
1095 467 1810 506 tempora restitutionis omnium, testatur Petrus Actor. 3. v. 21
1129 498 1880 538 Ergo corpus Christi nunc non est in terris in pane Eucharistiae.
1136 532 1898 579 III. Si corpus Christi esset jam in terra, Christus non esset Sa¬
1101 564 1905 615 cerdos: At posterius est absurdum: Ergo & prius. Connexi veritas pa¬
1095 605 1902 650 tet ex epistola ad Hebr. cap 8. v. 4 ubi Apostolus ait: Si esset in terra¬
1095 630 1383 677 ne Sacerdos quidem esset.
1132 665 1916 710 Idem patet ex Symbolis. Nam in illis profitemur Christum cor¬
1094 708 1898 749 pore suo ascendisse in caelos, sedere ad dexteram Dei Patris omnipo
1095 744 1908 784 tentis & rediturum e caelo ad judicandum vivos & mortuos: Ergo non
1101 773 1880 818 est jam eodem corpore in terra, in locis praesertim tam innumeris.
1135 802 1526 846 Idem evincunt rationes subjectae
1173 836 1908 882 Quod in terra in vel sub specie panis adest, ad illius considera¬
1095 869 1909 912 tionem non est necesse fide sursum exaltari mentem. Atqui ad corpo¬
1101 905 1916 946 ris Christi considerationem necesse est fide sursum exaltari mentem.
1098 933 1904 976 Hoc liquet ex eo quod in Sacrae Coenae celebratione semper oportea
1101 966 1909 1006 habere SURSUM CORDA. Haec mensa non est graculorum, sed adui¬
1096 1001 1903 1045 larum. Aquilas in hac vita fieri nos oportet, & ad alta contendere, si ad
1101 1036 1901 1090 hoc corpus accedere volumus, ait Chrysostomus in 1. Cor. homil. 24.
1105 1067 1209 1114 Ergo, &c.
1134 1107 1905 1150 II. Res caelestis non est in vel sub specie panis in terra. At corpus
1114 1134 1906 1178 Christi est res caelestis, hoc est, in caelo exsistens. Alioquin non esset
1107 1171 1906 1210 caelestis, sed terrena si in terra esset. Perpetuum discrimen maneat o¬
1103 1206 1911 1245 portet in Eucharistia inter rem terrenam & caelestem. Terrena est in
1106 1245 1919 1280 terra, caelestis in caelo: & res terrena nos admonet, ut fide elevemus
1107 1272 1784 1310 animum ad fruendum corpore Christi in caelis exsistente.
1134 1301 1909 1346 III. Quicquid est & manet semper vere visibile & palpabile, id
1106 1341 1807 1376 non est invisibiliter & impalpabiliter in vel sub specie panis.
1150 1372 1915 1411 at corpus Christi naturale, est & manet semper vere visibile &
1108 1403 1292 1454 palpabile. Ergo
1132 1428 1917 1476 IV. Quod in uno loco esse oportet, id non est eodem tempore in
1107 1469 1735 1507 locis praesertim tam innumeris in vel sub specie panis:
1133 1505 1907 1546 At corpus Christi in uno loco esse oportet. Quod ipsummet Jus¬
1106 1534 1903 1575 Canonicum fatetur De consecratione, Distinctione 2. capitulo. Pri¬
1110 1576 1901 1616 ma quidem. in quo haec exstant verba: Donec seculum finiatur, SuR
1110 1608 1906 1642 SVM DOMINVS est, sed tamen etiam hic nobiscum est veritas Domi¬
1104 1642 1911 1683 ni. Corpus enim in quo resurrexit INUNO LOCO ESSE OPORTET,
1114 1674 1499 1717 veritas autem eius ubique diffusa est,
1131 1705 1909 1754 Ergo corgus Christi non est eodem tempore in locis praesertim
1099 1739 1574 1788 atque innumeris in vel sub specie panis.
1255 1778 1757 1826 Hactenus de adoratione Sacramenti
1135 1820 1912 1868 Iidem Papani adorant imaginem crucifixi & ipsam crucem latria,
1112 1866 1907 1905 quanquam alias dicant, latriam soli Deo deberi. Quod autem ima¬
1119 1895 1907 1938 inem crucifixi & ipsam crucem latria colant, manifestum est ex Tohi
1109 1931 1901 1970 ma Aquinate, Cajetano Cardinale, Bellarmino: & forma cultus.
1134 1962 1904 2000 Thomas Aquinas parte 3. Summae quaest. 25. artic. 3. ait, quod ead
1099 1992 1932 2040 reverentia exhibeatur imagini Christi & ipso ChristosSic in exemplari M
1101 2030 1909 2068 excuso legitur quod Carthusiae Basiliensis fuit; si typographi culpa
1113 2062 1898 2097 non est, & Aquinas scripsit ipso Christo, erravit & in Theologia &
1111 2094 1913 2138 Grammatica; Dativus enim pronominis ipse non est ipso, sed ipsi
1104 2125 1907 2167 Addit Thomas: Cum ergo Christus adoretur adoratione latriae, conse¬
1108 2166 1913 2207 quens est quod eius imago sit adoratione latriae adoranda. Et paulo post:
1107 2197 1903 2235 Nos adoramus adoratione latriae imaginem Christi qui est verus Deus
1104 2228 1909 2262 non propter ipsam imaginem, sed propter rem cuius imago est. Hanc ra¬
1107 2260 1904 2298 tionem colendi imaginem Christi exstruxit in hoc articulo Aquinas
1107 2294 1914 2335 non ex Scriptura Sacra: sed ex Philosophi, id est, Aristotelis libro de
1113 2325 1910 2378 memoria & reminiscentia. Ita fons idololatriae huius Papisticae est
1101 2364 1651 2410 gentiliimus ex Aristotelis Philosophia haustus
1137 2389 1904 2438 Articulo vero quarto Aquinas ait do cruce ipsa: Si loquamur di
1112 2421 1904 2469 ipsa cruce, in qua Christus crucifixus est, viroque modo est a nobis vene¬
1102 2458 1896 2496 randa, uno modo in quantum nobis repraesentat figuram Christi exten¬
1101 2492 1932 2538 si in ea. alio modo ex contactu ad membra Christi, & ex hoc quod eius
1111 2527 1933 2575 sanguine est perfusa. unde utroque modo adoratur eadem adoratione R
1108 2563 1902 2599 cum Christo. ADORATIONE LATRIAE, & propter hoc etiam crucem
1110 2597 1895 2630 illoquimur & deprecamur quasi ipsam crucem. (o intoleranda idolo¬
1110 2627 1904 2668 atriam!) Si vero loquimur de effigie crucis Christi, in quaecunque alia
1101 2661 1896 2698 materia, puta lapidis vel ligni, argenti vel auri, sic veneramur crucen¬
1095 2694 1910 2731 tantum ut imaginem Christi. QUAM VENERAMURADORATIONE
1125 2732 1240 2768 ATRIAE
1132 2751 1897 2802 Thomae Aquinati subscribit Cardinalis Cajetanus, qui itidem di¬
1100 2790 1902 2833 cit imaginem Christi adorari latria: ut testis est Bellarminus Tomo,
1104 2828 1898 2874 1. controv. 7. generali lib. 2 qui est de reliquiis & imaginibus san¬
1100 2857 1283 2906 ctorum cap. 23.
1141 2885 1898 2931 Bellarminus hoc ipso libro & capite docet, admitti posse, imagine
1098 2925 1898 2967 posse coli improprie, vel per accidens eodem genere cultus, quo exemplar
1107 2957 1895 3005 ipsum colitur. In eodem vero capite, quanquam brevi, sibi ex parti
1099 2989 1901 3028 contradicens ait: Quod possit imago adorari adoratione ipsius exem¬
1096 3026 1906 3067 plaris, proprie quidem, sed per accidens. Ita eadem imago eodem genere.
1103 3056 1895 3097 cultus quo exemplar ipsum colitur IMPROPRIE& PROPRIBse
1099 3090 1898 3129 cundum Bellarminum. Capite vero 24. apertius ait: Imago adora¬
1095 3114 1889 3159 tur LATRIA, sed propter aliud. Hinc liquetvanissimum esse effu¬
1097 3148 1892 3204 gium, quando Papistae vulgo dicunt, se distinguere latriam, duliam & hy¬
1092 3183 1892 3245 per duliam: & latriam exhibere soli Deo, dulia sanctis, hyperduliam
