2063 3437
478 204 809 255 CAPUT XXII
291 244 997 314 In quo de precatione ad verum Deum, sed
559 300 730 356 quae inanis
264 356 1030 399 PPRECATIO ad verum Deum, sed quae inanis, est quae etsi ad ve¬
307 391 1031 423 rum Deum dirigitur, tamen conditionibus aliis ad precationem
304 424 1037 465 Deo acceptam & efficacem requisitis destituitur, & modis variis
240 456 1027 498 polluta ac contaminata est, ac proinde non magis potest placere Dei
240 488 967 538 quam olim sacrificia polluta, de quibus Jes. 1. Malach. 1, & alibi
280 521 1030 561 De quali precatione dicitur Psal. 18. v. 42. Vociferantur, sed non ego
240 553 1027 596 qui servet; ad Iehovam, sed non exaudit eos. Et Prov. 1. v. 28. Tunc in
243 595 1034 622 vocabunt me, sed non exaudiam, mane quaerent me, sed non invenient
253 620 1042 657 Propterea quod oderunt scientiam, & reverentiam Iehovae non elegerunt;
244 654 1034 693 Non acquieverunt consilio meo, sed contemserunt omnem correctionem
244 686 1034 724 meam. Et c. 21. v. 13. Qui obthurat aurem suam a clamore tenuis, etit
246 716 1040 761 ipse clamabit, sed non exaudietur. Jesa. 1. v. 15. Propterea expandentibus.
246 755 1046 794 vobis manus vestras occulto oculos meos a vobis, etiam quum utimini¬
247 786 935 826 multa oratione, non exaudio: manus vestrae cedibus plenae sunt.
285 814 1048 859 Talis precatio est battologia & precatio coniuncta cum ambitione,
249 859 730 892 cum taedio, cum ira, cum disceptatione, &c.
282 887 1039 929 Battologia, est longarum seu multatum precum recitatio inani la¬
250 917 810 961 biorum strepitu, sine vero motu cordis & sine fide
277 949 1046 994 Engienda est: I. Quia a Christo prohibetur, Matt. 6. v. 7. Quum
244 982 533 1027 oratis, ne sitis multiloqui.
273 1012 1048 1058 II. Quia propria est Ethnicorum quibus Christ:ani assimilari¬
243 1050 571 1091 non debent, Matth. 6 v. 7. 8
273 1077 1043 1123 III. Quia frustra adhibetur, quum non exaudiatur a Deo, Matt.
249 1119 1022 1156 6. v. 7 Jes. 1. v. 15. Etiam quum atimini multa oratione, non exaudio.
286 1149 1074 1202 IV. Quia novit Pater ille noster, quibus sit nobis opus, antequam I
237 1190 635 1226 nos petamus ab eo, Matth. 6. v. 8.
286 1223 1048 1266 Battologiae species sunt, adnumeratio precum quae sit sphaerulis pre¬
247 1255 674 1290 catoriis, monachorum boatus templici
280 1277 1038 1325 QUAERITUR. An longae preces damnentu a Christo ? RESPON
237 1321 1039 1357 SIO: Longae preces non damnantur a Christo, sed vanae, inanes &
237 1351 1040 1386 superstitiosae: Longa enim non est oratio in qua nihil redundat: con¬
239 1385 1046 1431 tra vero brevis esse non potest, quae non proficiscitur ex animo puo &
232 1419 305 1465 fideli
286 1453 1046 1496 Ambitio in precatione, est peccatum, cum quis ex frequentibus
240 1485 931 1529 precibus gloriam ac praedicationem apud homines quaerit:
285 1520 1047 1561 Vitanda est: I. Quia prohibetur a Christo, Matth. 6. v. 5. Et quum
239 1553 1036 1595 precaberis, ne esto ut hypocritae: amant enim in conventibus, & in angus
246 1586 1040 1624 lis platearum stantes precari, ut appareant hominibus: amen dico vobis.
248 1616 557 1661 retulerunt mercedem suam,
286 1651 1049 1698 II. Quia est propria hypocritatum, qubus similes esse nequa¬
246 1681 573 1726 quam debemus, Matth. 6. 5.
282 1709 1040 1756 III. Quia precationem reddit irritam apud Deum, Matth. 5. v. 7.
288 1750 1046 1794 Taedium in orando, est peccatum, quum quis aliarum rerum studio¬
239 1781 877 1825 animo peregrinante & cupiente preces finire, precatur.
279 1813 973 1850 Repugnat precationi verae & seriae etiam ira, disceptatio, &c.
282 1840 1045 1883 Ira repugnat; quia offensinnes animi in proximum prohibent, que
253 1883 1040 1919 minus bonam conscient a possimus Deum precari & efficiunt ne pre¬
243 1920 1046 1959 ces a Deo exaudiantur, 1. Tim. 2. 8. Matth. 6. v. 23. 24. & cap. 6. v. 15.
276 1952 1040 1989 Disceptatio seu dubitatio de exauditione itidem repugnat verae pre¬
231 1986 1036 2023 cationi, 1. Tim. 2. v. 8. Volo igitur viros precari1: quovis loco, puras ina¬
244 2017 1048 2057 nus attollentes absque ira & disceptatione, Jacob. 1. vers. 6. Sed postulet.
248 2048 1037 2090 cum fide, nihil addubitans: nam qui disceptat, similis est fluctus mari
246 2084 605 2129 qui ventis agitatur & iactatur.
330 2116 970 2170 Hactenus de precatione: sequitur de Iuramento.
459 2189 820 2250 CAPUT XXIII
255 2248 1033 2291 URAMENTUM, est religiosa invocati: Dei, qua ipsum sine do¬
257 2282 1049 2324 lo praemeditate in testem eorum quae dicimus aut promittimus,
273 2317 1051 2355 tanquam unicum cordium scrotatorem, appellamus: ut illi quibus
237 2349 1039 2391 juramus, propter interjectum Dei nomen de veritate nostrorum ver¬
235 2390 1049 2432 borum ne dubitent. Deut. 6. v. 13. & 10. v. 20, 21. Rom. 1. v. 9. 2. Cor.
244 2416 593 2461 t. 23. & cap. 11. 31. Philipp. 1. 8.
280 2455 1046 2491 Per solius veri Dei nomen est iuramentum praestandum: ut ex his ar¬
248 2484 437 2530 gumentis liquet:
270 2510 1050 2554 I. Quia sic Deus praecepit, Deut. 6. v. 13. Iehovam Deum tuum ti¬
238 2547 887 2590 meto, & ilum colito: & per nomen eius turato, Jes. 45. 23.
276 2580 824 2619 II. Quia solus Deus est religiose invocandus.
286 2609 1040 2656 III. Quia solus Deus est inspector cordium, omniscius, omni¬
230 2655 814 2698 praesens, qui possit scire, quod jurans verum dicat
286 2677 1030 2722 V. Quia solus Deus est omnipotens, qui possit defendere veri
239 2719 743 2762 tatem eamque testantes, & punire perjuros
280 2746 1040 2785 luramentum per Dei nomen, quum vel Magistratus id exigit, ve.
231 2780 1043 2819 alioqui necessitas postulat, pie praestari potest & licitum est: ut sequentes
238 2815 455 2860 rationes evincunt.
253 2841 1040 2897 I Quia verbo Dei praecipitur, Deuter. 6. v. 13. & cap. 10. v. 20.
234 2870 368 2927 Jesa. 6 16.
244 2916 1040 2949 II. Quia juramenti finis est bonus & voluntati Dei consentaneus.
234 2943 1043 2981 pertinet enim ad confirmationem fidei & veritatis ad decisionem li¬
237 2981 1045 3017 tium & controversiarum, Haebr. 6. v. 16. quo gloria Dei illustretur &
230 3017 544 3049 aliorum saluti consulatur.
272 3040 1048 3083 III. Quia est moralis cultus Dei perpetuus: est enim invocatio¬
243 3070 294 3115 Dei.
265 3107 1033 3154 IV. Quia nititur exemplis probis, nimirum Dei ipsius, Christ
238 3134 1067 3179 Domini, sanctorum Angelorum & fidelium Veteris & Novi Testa¬
240 3176 1039 3217 menti, Matth. 5. v. 18. Rom. 1. ver. 9 & cap. 9. ver. 1. & 2. Corinth.
232 3207 763 3250 1. ver. 23. Philipp. 1. v. 8. 1. Thessal. 1. vers. 10.
1116 180 1894 231 OBJICIUNT Anabaptistae: Iuramentum Christianis est prohi¬
1092 213 1889 266 bitum: Ergo ab illis pre praestari non potest: Ergo non est illis licitum An¬
1090 257 1886 298 tecedens probare conantur testimoniis Christi & Jacobi. Christus
1092 287 1889 336 dicit Matt. 5. 34. 35. 36. 37. Ego vero dico vobis, ne jurute omnino: neque
1099 322 1898 367 per caelum, quia thronus Dei est: Neque per terram, quia scabellum est pe¬
1098 351 1889 399 dum ejus: neque per Hierosolymam, quia urbs est magni regis. Neque per ca¬
1096 389 1895 433 put tuum jures, quia non potes unum capillum album aut nigrum face¬
1089 426 1900 462 re. Esto autem sermo vester, etiam etiam, non non, quod autem supra
1097 448 1901 498 haec redundat, a malo est. Apostolus vero Jacobus cap. 5. 12. ait: Anter¬
1098 485 1892 527 omnia vero fratres mei, ne jurate neque per caelum, neque per terram, neque
1094 521 1894 561 aliud ullum iusiurandum: sit autem vestrum est, est; & non, non: ne in
1089 549 1394 588 condemnationem incidatis
1128 581 1899 635 RESP. Anabaptistae simpliciter accipiunt, quod secundum quid
1104 609 1900 659 dicitur. Quum enim ex aliis Scripturae locis tum veteris tum novi¬
1108 652 1891 692 Testamenti constet, juraftum per nomen Dei probari a Deo: se¬
1109 685 1896 730 quitur non omne juramentum a Christo & Jacobo esse prohibitum
1095 721 1901 762 sed tantum pugnans cum Lege Dei, quam Scribae & Pharisaei cor¬
1107 753 1904 793 cumpebant partim falsa interpretatione, partim additamentis. Nam
1102 788 1903 829 quod dixit Deus, Non sumes nomen Dei tui in vanum, hoc Scribae
1101 821 1907 867 & Pharisaei interpretabantur, Non peierabis: tanquam si dixissent;
1114 850 1901 894 Quocunque modo libuerit, licet uti nomine Jehovae Dei tui, modo
1101 891 1904 926 non pejeres. Additamentum fuit, Sed reddes Domino quae turaveris,
1095 921 1898 961 id est, quod si forte non poteris ea praestare, quae jurasti, hoc impru¬
1095 952 1895 1001 dens factum tuum expiato muneribus Domino oblatis. Utrumqui
1101 994 1895 1033 reprehendit Christus, sed prius quidem disertis verbis, posterius ve¬
1099 1024 1924 1059 ro (ut loquuntur) tacite, per consequentiam. In interpretatione a
1101 1052 1925 1099 Christo reprehenduntur ista. Prin um, quod abusum nominis divini Ii¬
1108 1090 1925 1128 nac doctrina sua Phatisaei & Scribae non solum ferebant; sed etiam re
1101 1117 1924 1165 impie comprobabant. Secundo, quod obliquum abusum excusabant pr
1107 1156 1924 1200 torum, qui dissimulato Dei nomine, perres creatas jurare se posse sta¬
1095 1190 1903 1224 tuebant. Tertio, quod utrumque hunc abusum, extra necessitatem &
1101 1223 1907 1263 causam justam atque legitimam jurisjurandi, in familiari sermone¬
1114 1256 1895 1295 patiebantur usurpari. Hoc enim proprie significatur nomine λόγος
1109 1287 1900 1325 quo Matthaeus utitur versic. 37. Ac primum quidem & secundum re¬
1102 1324 1895 1368 prehensionis caput his verbis ostendit, Ne turetis omnino, puta sive di¬
1107 1355 1898 1391 recte nomen Dei assumentes, sive oblique pro Dei nomine appella¬
1107 1389 1898 1428 tionem rerum creatarum adhibentes. Quod posterius quia amplius
1113 1421 1910 1465 & fac ilius ab hominibus excusatur, prudentissime Christus aliquot
1107 1452 1897 1493 illius exempla attulit; ut omnia ejusdem generis prohiberi quoqui
1101 1491 1907 1525 ostenderet, quamvis ab ipso non fuerint hoc loco expressa. Deinde
1101 1524 1901 1565 vero ad tertium venit reprehensionis caput, in his verbis, Esto autem
1113 1558 1910 1596 ermo vester, Etiam, etiam; Non, non: ut ab omni levi, temeratio, &
1113 1588 1898 1630 ptioso sermone sanctissimum Dei nomen vindicaret, ne ab ullo sint
1107 1621 1904 1664 vocatione justa & necessitate usurpari posset. Additamentum vero,
1099 1653 1910 1693 his rebus positis, sua infirmitate corruit. Nam ex ea regula, quam po¬
1101 1689 1900 1723 stremis verbis hic tradit Christus, continuo manifesta iniquitas illius
1104 1723 1897 1762 & falsitas convincitur, quod autem supra haec redundat, a malo est
1111 1753 1910 1795 Hinc enim assurgit haec argumentatio: Quod a maligno est, probari
1110 1787 1900 1826 Deo non potest: Pejerate autem a maligno est: Non igitur Deo
1107 1822 1894 1861 probari potest Huic adjungenda est, autore Christo, altera argumen¬
1102 1852 1904 1891 tatio: Merces meretricis, pretium canis, sacrificium improbi, & alia
1099 1886 1901 1926 hujusmodi sunt abominationi Jehovae: Pretium autem vel munus
1107 1925 1898 1964 pejerantis, est munudimprobi: Est igitur abominationi Domino¬
1105 1954 1908 1991 contra quam Pharisaeis esse videbatur, maximam licentiam cuique
1101 1985 1904 2034 ad pejerandum attribuentibus ad commoditatem sui καπηληημα¬
1108 2021 1151 2062 a O¬
1137 2049 1898 2096 Instant Anabaptistae: Christus dicit, Ne iuretis omnino: & Jacobus
1099 2085 1911 2124 Neque aliud ullum juramentum iurate: Ergo omne juramentum
1113 2117 1385 2169 Christ. anis prohibetur.
1137 2148 1907 2202 RESP. Fallacia est a dicto secundum quid ad dictum simplici¬
1108 2202 1901 2235 ter. Nam in verbis Christi, particula emnino restringenda est ad for¬
1108 2224 1898 2267 mulas temerarii juramenti quas Pharisaei fingebant esse licitas: id
1113 2260 1901 2305 pater ex distributione mox addita, neque per caelum, neque per ter¬
1105 2288 1902 2325 ram, & c. Jacobus etiam omne duntaxat juramentum temeratium seu
1102 2323 1898 2367 falsum prohiberi indicat, Manet igitur, juramentum per nomen Dei.
1096 2360 1906 2410 exigente Magistratu aut necessitate, pie praestari posse & licitum esse
1105 2395 1205 2442 fidelibus
1138 2427 1909 2476 Juramentum licitum est de rebus cum verbo Dei consentienti¬
1098 2462 1889 2505 bus, nempe de rebus veris, certo cognitis, licitis, possibilibus, gravi¬
1098 2501 1886 2548 bus necessariis, utilibus, dignis tali confirmatione, id est, postulanti
1101 2536 1774 2577 bus juramentum propter gloriam Dei & salutem proxim
1143 2565 1898 2613 utamentum aliquot modis distribuitur: Est enim. I. vel simplex
1100 2602 1273 2645 vel compositum,
1137 2636 1585 2674 Simplex, quod est absque imprecatione
1143 2666 1762 2708 Compositum, quod cum impiecatione est conjunctum
1130 2696 1888 2743 Partes ejus duae sunt: Contestatio Dei, & imprecatio vindictae divina
1125 2728 1890 2778 Contestatio Dei, est qua jurans Deum suae asseverationis testem ci¬
1090 2766 1895 2810 tat, Rom. 1. v. 9. Deut. 6. v 13. & 10. v. 29 Josu. 23. 7. Jes. 65. v. 16. Jer.
1111 2805 1561 2841 .v. 7. & 12. v. 16. 2. Cor. 118 Gal. 120.
1127 2820 1901 2875 Imprccatio vindictae diuvinae, est qua jurans se devovet, & ad poenam.
1102 2860 1896 2900 perjurii obligat, ut anathema sit coram Deo, & Deus cum puniat, si
1089 2899 1400 2948 sciens faliat. 1. Reg. 2 v. 13:
1132 2924 1892 2982 II. Juramentum est vel assertorium, quo confirmatur res praeteri¬
1093 2972 1874 3017 ta aut praesens: vel promissorium quo aliquid futurum promitttitur.
1135 2996 1898 3042 Omne vero promissum, jurejurando firmatum, de iis quae quis &
1102 3030 1890 3082 bonam conscientia perque Legem Dei promittere, & reipsa non solum
1105 3070 1889 3110 ante, sed etiam post puomissionem praestare potest; ita cbligat con¬
1089 3105 1895 3147 scientiam apud Deum, ut sine ullo prorsus dolo jure Gentium, Lege¬
1092 3138 1883 3180 que Dei, ipsis etiam hostibus, ut Turcis, haereticis & latronibus ne¬
1096 3166 1885 3206 cessario sei vare teneatur, atque eo a nemine hominum liberati pos¬
1084 3195 1890 3250 sit: sicut Psal. 15. v. 4. de germano cive Ecclesiae Dei & vero haerede cae¬
