2063 3424
282 147 1060 198 Votum est pollicitatio ab homine facta Deo, non autem promis¬
238 188 1028 224 sio, qualem vult Bellarminus, hoc est, ultro citroque inter Deum & nos
235 225 1034 266 contracta obligatio; non contractus inter nos & Deum. Nec enim
240 255 935 297 Deus quicquam nobis in votis pollicetur, sed nos solum illis
286 288 1028 327 Deinde si subjectum de quo votum Deo sit consideres, non tan¬
247 313 1037 359 tum de consilio, sed in genere de iis omnib rebus quae sunt Dei, sive
249 362 947 404 praeceptis, sive mediis, sive consuiliis votum nuncupari potest.
291 389 1027 429 Vota de legitimis & concessis, vel ut clarius dicatur, praeceptis
250 417 1037 460 Deo rebus, sunt Dei cultus: non quia sunt vota, sed quia sunt res a
253 453 1031 493 Deo sibi offerri praeceptae, velut votum Naziraeatus olim Levit. 27.
244 482 1036 523 & Num.6. Deut. 12. Ergo votum perpetui caelibatus vel monachis¬
247 523 1037 563 mi non est cultus Dei. De rebus tamen mediis & adiaphoris etiam
250 556 1030 590 votum pium fieri potest, ut confirmat exemplum Pauli Actor. 18. v
250 584 1037 625 18. 1. Cor. 8. v. 13. Paulus conceperat votum de alenda coma ac
250 620 1047 656 tempus, quam Cenchreis postea totondit: & de abstinendo in perpe¬
246 652 1034 704 tuum a carnibus, si proximi aedificatio poposcisset: Augustin. Serm
253 687 425 733 2. de Tempore
288 708 1043 761 Votum perpetuae continentiae a nemine est requirendum: quia
249 755 1049 802 perpetua continentia est impossibilis natura, quum sit particulare
247 786 604 826 donum Dei, quod paucis datur.
288 816 827 859 Non quodvis hominum votum est Dei cultus
283 845 1043 891 1. quia non quicquid homines fingunt, volunt aut offerunt, est
246 884 1052 926 cultus Dei. Sed id solum, quod Deus sibi fieri & offerri diserte jussit.
256 918 835 960 Deut. 12. v. 8. Jes. 29. v. 13. Matt. 15. v. 9. Col. 2 v. 23.
276 949 1056 989 2. quia quaedam sibi voveri & offerri Deus diserte vetuit, veluti
250 991 1045 1030 pecudes claudas, caecas, mutilas. Lev 22. v. 23. pretium meretricis aut
253 1019 488 1058 canis. Deut. 23. v. 18.
282 1047 1054 1095 3. quia vota quaedam sunt mala, quae etsi de facto voventur, jure
255 1088 464 1122 tamen non valent
441 1125 844 1179 Sequuntur distributiones voti¬
297 1167 1048 1209 Votum vel universale est omnium fidelium, vel singulare unius a¬
247 1196 332 1245 licujus
285 1236 1043 1280 Votum universale omnium fidelium est unum, quo omnes fide
246 1268 1043 1309 les aequaliter Deo se in servitutem addicunt, ut sanctis ejus manda
249 1306 1058 1345 tis obediant, non autem pravis carnis suae desideriis obsequantur.
255 1335 446 1378 Psal. 119. v. 106.
280 1366 1055 1410 Id a filiis Dei omnibus exigitur: in sacramento initiationis nun¬
249 1405 1055 1442 cupatur: ac in Sacramento nutritionis confirmatur, sive vetus testa¬
255 1445 599 1475 mentum spectes, sive novum
307 1476 1061 1522 Quod ad vetus testamentum attinet, in circumcisione nuncupa¬
255 1501 869 1545 batur, in comestione Agni Paschalis confirmabatur
309 1540 1061 1585 Quod ad novum testamentum attinet. in Baptismo nuncupatur,
259 1568 779 1610 in Sacrae vero Coenae sumtione confitmatur.
286 1607 1049 1650 Itaque omnium Christianorum votum commune est, quod in Ba¬
255 1638 1048 1684 ptismo nuncupamus, cujus summa est, quod Satanae, mundo, & car¬
258 1669 1052 1709 ni nostrae renunciantes, Deo nos obligamus, eique obedientiam pol¬
250 1707 356 1753 licemur.
282 1730 1047 1780 Idque ab iis qui adulti seu in annis discretionis sunt baptizati, il
259 1773 1057 1816 lico testatum est redditum: ab iis vero qui infantes baptizantur,
264 1807 1057 1851 pro quibus patrimi & susceptores spoponderunt, cum ad annos dis¬
258 1842 1052 1885 cretionis venerint. & spontaneae suae voluntatis testimonium ma¬
255 1883 1057 1917 nifestum reddere possunt, rata habetur, & nova promissione, prae¬
253 1907 1055 1949 sertim cum primum ad usum Coenae Dominicae sunt admittendi,
252 1939 407 1982 confirmatur.
297 1971 1055 2017 Haec promissio posterior retrotrahitur ad illud, quo baptizati
256 2005 1052 2046 fucrunt, tempus, ac proinde promissionis in Baptismo factae est rati¬
260 2041 347 2083 habitio¬
294 2073 1054 2114 Confirmatur autem toties, quoties tum baptismi nostri recorda¬
255 2108 1051 2146 mur, (recordari autem quotidie debemus) tum Sacra Domini Coe¬
255 2141 387 2181 nam utimur.
294 2169 1058 2212 Neque enim novo voto fidelibus opus est, ut se de iis obligent Deo.
254 2213 1059 2250 quae in suo Baptismo promiserunt, nisi ad recordationem, confirma.
261 2248 917 2287 tionem & firmiorem perseverantiam sibi imponendam.
285 2279 1060 2323 Singulare unius alicuius votum, est quod aliquis singulariter ex
262 2302 491 2355 speciali causa vovet.
297 2334 1049 2379 2. Votum vel expressis verbis fit, vel sine verbis solam animi conce¬
256 2371 1052 2416 ptione. Quia apud Deum cordis nostri scrutatorem perinde est, sivi
252 2412 1045 2452 quis linqua etiam, sive solo corde aliquid nuncupaverit. Votum Ann
252 2446 1040 2489 matris Samuelis solo animo Deo conceptum fuit 1. Sam. 1. 13, 28.
286 2476 808 2520 3. Votum vel conditionale vel absolutum est,
285 2502 1055 2545 Votum conditionale, est votum cui conditio personae vel temporis
255 2544 1061 2585 vel loci vel alterius circumstantiae est annexa, ut nimirum praefretur.
256 2578 953 2618 id quod votum est habita ratione conditionis. 1. Sam. 1. v. 11
285 2600 1061 2646 Votum absolutum, est quod omni conditione caret, Ps. 102. Ps. 34.
258 2643 1061 2685 v. 2, 3. Benedicam Iehovae omni tempore, jugiter laus ejus erit in ore meo.
249 2679 1016 2722 In Iohova jactabit se anima mea, audient mansueti & laetabuntur.
288 2712 814 2753 Votum vel temporarium est, vel perpetuum.
292 2740 1055 2794 Temporarium, est quo se quis duntaxat ad certum tempus ad ali¬
280 2778 782 2817 uid obligat. Tale erat votum Act. 18. v. 18.
304 2804 1064 2849 Votum verpetuum, est quo se quis per omnem vitam ad aliquid
264 2842 475 2891 obstringit, Ps. 102.
294 2874 1063 2927 Cum voto pio pugnat votum impium, cujusmodi fuit Judaeorum
261 2909 793 2950 de Paulo Apostolo interficiendo, Act. 23. v. 13
292 2939 1060 2985 Item imprudens, incautum & temerarium, quale erat votumI
266 2981 551 3021 raelitatum, Judic 21. v. 1,
296 3011 1070 3049 Item votum Saulis 1. Sam. 14 v. 25. Israelitae pressi sunt eodem die:
258 3046 1057 3083 quia exsicratione obstrinxit Saul populum dicendo, maledictus esto vi¬
261 3076 1067 3114 ille qui comederit cibum usque ad vesperam, usque dum ultionem sumsero
258 3110 877 3150 de inimicis meis, neque gustavit totus ille populus cibum.
325 3139 989 3187 Sic fuit de oratione ad Deum: sequitur de coelo pro¬
576 3181 742 3234 gloria Dei.
1341 171 1657 210 CAPUT XXVI.
1099 213 1888 259 TTELUS PRO GLORIA DEI, est vebemens animi studium tu¬
1098 260 1885 306 zendi & propagandi gloriam Dei, & justus dolor atque indi¬
1158 290 1887 330 gnatio adversus ea quae contra voluntatem & gloriam Dei fi¬
1095 323 1888 363 unt, cum conatu suo loco illa prohibendi pro ratione vocationis:
1089 351 1885 399 Deo demandatae. Johan. 2. versic. 14. & sequentibus. Psalm. 68. ver.
1094 384 1886 429 sic. 10, 1. Regum. 19. ver. 10. Actor. 17. versic. 16. Numer. 25. ver. 11.
1088 421 1892 462 2. Corinth. 7. versic. 7. & 11. vers. 2. Psal. 119. versic. 139. Zelo hoc
1099 453 1898 497 mori pii uberes lachrymas profundunt, quum vident Legem Dei
1104 486 1889 530 contemni, Ps 119. v. 136. & horrorem concipiunt ex tranigressione
1095 520 1900 560 Legis divinae, quum transgressione illa Deus contumelia afficiatur,
1095 550 1904 603 Psal. 119. v. 53. & procul ab improbis abesse optant, Jer. 9. 2. Exempla¬
1097 582 1893 628 in Lotho 2. Pet. 2. 8. Mose Exod. 32. 19. Pinchaso Num. 25. 9. EliaI
1105 617 1889 662 Reg. 19. 10. Iohanne Baptista Matth. 14. 4. Christo Domino, Joh. 2. v.
1104 654 1892 696 14, 15, 16, 17. Matt. 21. 12, 13. In Ieremia, Jer. 23. 9, 10, 11. Paulo Apo¬
1111 685 1892 729 tolo conspiciente urbem Athenas idolis refertam, Act. 17. 16, 17.
1111 720 1904 768 Ambrosio Episcopo Mediolanensi, de quo Theodoretus Hist. Eccl.
1107 747 1345 802 quinto libro, cap. 17.
1138 782 1907 832 Hic zelus cum scientia conjunctus esse debet, id est, cum volunta¬
1104 819 1906 873 tis Dei & veritatis solida cognitione & prudentia spirituali, & non
1098 850 1471 890 recedens a praescripto verbi Dei
1144 883 1902 930 Hujus zeli est, Christum serio quaerere, verae cognitionis & cultus
1111 917 1898 961 ejus causa non parcere laboribus & sumtibus, quamvis longum ite¬
1107 959 1909 994 conficiendum, quamvis multa incomoda experiunda, quamvis va¬
1117 986 1903 1026 lia pericula subeunda. Exemplo sunt Magi qui ab Oriente Ieroso¬
1113 1026 1899 1069 tymam venerunt, Messiam recens natum quaesiverunt, suscepto iti
1107 1059 1901 1102 nere longo, milliarium nempe 150. aut plurium, eoque sumtuoso &
1117 1093 1900 1128 periculoso, Matth. 2. Ob zelum pro gloria Dei passus est David per¬
1102 1125 1909 1169 secutionem ab hostibus, ut & Christus Dominus, Ps. 69. 10. Joh. 2.
1107 1156 1374 1197 v. 13. & seqq Rom. 15.:
1144 1189 1912 1231 Hujus zeli est imagines seu statuas religionis causa humano ar¬
1107 1214 1909 1265 bitrio & contra divinum interdictum factas, evertere, auferre & cor¬
1117 1260 1822 1299 rumpere. Id autem faciendum est propter subjectas rationes.
1143 1291 1921 1332 1. quia imagines seu statuae a Deo sunt prohibitae in cultu Dei, ut
1111 1326 1771 1367 ex secundo praecepto Decalogi patet: Itam Deut. 4. v. 15.
1138 1357 1917 1410 2. quia illas Deus auferri & aboleri jubet, Exod. 23. v. 24. & c. 34.
1113 1389 1517 1432 13. Deut. 8. v. 25, 26. Ezcch. 20. v. 7.
1150 1421 1913 1465 3. quia fuerunt erectae ad adorationem, praeterito Createre, qui
1108 1452 1517 1496 est benedictus in secula, Rom. 1. 2.
1182 1487 1915 1530 quia fuerunt instrumenta & objecta scortationis spiritualis seu
1107 1496 1697 1562 idosolatriae, ut passim Deus in Scriptura queritur.
1156 1550 1910 1596 5. quia sunt periculosae, sunt scandalum & occasio: dololatriae
1110 1589 1916 1630 cum jam viventibus hominibus, tum maxime posteris: sunt docto¬
1111 1627 1910 1664 res mendacii: flectunt & incurvant miseras animas ad superstitionem:
1118 1654 1316 1700 Ezech. 14. 3. 4, 5.
1140 1684 1912 1727 6. quia etiam olim a piis & Deo probatis viris e medio sublatae
1116 1717 1913 1762 sunt, approbante factum ipsorum Deo: ut a lacobo Genes 35. v. 14. a.
1122 1756 1909 1794 Mose Deuter. 9. v. 21. a Gideone Judic. 6. v. 27. a Samuele 1. Sam. 7. v.
1117 1792 1904 1835 Sa Chixhija 2. Chron. 29. 5. 2. Reg. 18. v. 4. a Iosia 2. Paralip. 34. v. 4.
1113 1825 1907 1874 Epiphanio Cyprio, ut testis est epistola ejus quam Hieronymus e
1122 1853 1361 1905 Graeca Latinam fecit
1137 1892 1904 1935 7. quia illae a nullo Patriarcharum, Prophetarum & Apostolori¬
1107 1917 1918 1961 sunt factae vel introductae in Ecclesiam Dei: sed ab hominibus falsa¬
1114 1964 1703 1997 religione & superstitione imbutis, Jes. 40. v. 19, 20.
1131 1989 1906 2034 8. quia illas olim Orthodoxa Ecclesia Christiana prima per aoo¬
1108 2023 1328 2058 annos non habuit.
1138 2059 1907 2098 9. quia illas improbarunt & amovere jusserunt Christiani Im¬
1118 2092 1888 2138 peratores & Reges & Principes: ut Historia Ecclesiastica testatur.
1143 2130 1826 2164 10. quia sunt abominationes coram Deo, Ezech. 14. v. 6.
1144 2156 1916 2203 II. quia sunt idola Zelotypiae, quae ad zelotypiam provocant Je¬
1113 2181 1906 2233 hovam qui solus coli vult, qui gloriam suam in alium transferri in¬
1122 2228 1593 2266 dignatur, Deut. 32. v. 16, 17. Ezech. 8. v. 3.
1150 2261 1916 2299 12. quia attrahunt certas poenas habentibus illas. Nam non tan¬
1128 2287 1907 2326 lum singuli eas habentes a Deo puniuntur, juxta comminationem
1119 2326 1904 2366 divinam Ezech. 14. versic. 7. 8. sed propter illas evertuntur totae Res¬
1122 2356 1909 2403 publicae & regna, ut testatur exemplum regni Israelitiei & Judaici:
1117 2399 1910 2434 exemplum item Imperii Orientalis, quod restitutis in templa ima¬
1116 2429 1919 2472 ginibus perditum est. Certe imagines religionis causa ab hominibus.
1108 2464 1922 2512 factae abalienant a Deo cui soli conjuncti sacro conjugio esse de¬
1114 2492 1208 2531 bemus.
1143 2528 1853 2570 13. quia illis homines impurant seipsos, Ezech. 20. v. 30, 31.
1144 2556 1910 2600 14. quia nequeunt cum vero cultu Dei consistere, Ezech. 20. v. 31.
1113 2590 1346 2641 Josu. 24. v. 14. & seque
1146 2626 1789 2665 15. quia illis prophanatur nomen Dei, Ezech. 20. v 33.
1155 2644 1922 2706 16. quia ab orthodoxis Patribus sunt damnatae. Vide Sympho¬
1110 2687 1544 2733 niam nostram Catholicam, cap. 44.
1152 2716 1925 2762 DEI in-primis imagines corporeae manu humana factae, non sunt fe¬
1122 2746 1928 2796 rende; quia Dei imagines corporeas humanam manu facere diserte est?
1128 2787 1922 2827 prohibitum Lege Dei, Deut. 4. v. 15,16. Dei imagines manu huma¬
1123 2822 1913 2868 na factae divina Lege damnantur, cujusmodi imago fuit vitulus au¬
1132 2849 1925 2896 reus ab Aarone fusus: Dei imagines manu humanam factae etiam a¬
1134 2892 1569 2939 bynodo Nicena secunda repudiantur.
1161 2915 1924 2962 Zelo pro gloria Dei opponitur stupor non curans gloriam Dei, &
1143 2953 1640 2999 elus errans, & simulatus zelus pro gloria Dei.
1156 2980 1916 3026 Stupor non curans gloriam Dei, est peccatum, quum quis non cu¬
1133 3016 1923 3059 pit tueri & propugnare gloriam Dei, & non afficitur dolore & indi¬
1121 3050 1916 3102 gnatione propter ea quae contra voluntatem Dei tam proterve fiunt
1131 3080 1926 3132 nec studium habet ea pro sui officii ratione prohibendi & impedien¬
1123 3116 1919 3159 di In hoc vitium incurrunt, qui ferunt dejerationes & blasphemias
1123 3150 1919 3202 in Deum, quibus non est curae etiamsi pii persequutiones & indi¬
1109 3191 1420 3248 gnissima quaeque patiantur.
