2063 3421
276 181 1031 243 Taedium dectrinae, est peccatum cum quis satietate capitur ver
255 225 338 266 bi Dei.
286 243 1031 296 Confessio veritatis intempestiva, est quae sit sine vocationis sive of¬
253 285 1027 327 ficii faciendi necessitate, coram quovis & tempore minime oppor¬
258 322 1028 360 tuno; ideo nec gloria Dei tali confessione illustratur, nec cujusquam
253 350 1034 388 salus promovetur, sed irritatur potius vel derisio vel exagitatio veri
262 391 1034 428 tatis caelestis vel saevitia hominum adversus pios. Ea prohibetur
256 420 1040 457 Matth. 7. v. 6. & cap. 16. v. 20. Nam cum discipuli confessi essent, Je¬
259 452 1039 490 sum esse Christum illum, interdixit discipulis suis ut nemini dicerent,
249 482 1036 534 se Iesum esse illum Christum. Non enim jam tunc ita erant confir¬
256 516 1030 555 mati, ut si id passim confessi essent, possent disputando idoneis testi¬
256 554 1031 586 moniis Scripturae Sacrae confirmare: sed uberiorem illorum instru
262 577 1050 620 ctionem duxit exspectandam. Noluit veritatem omnino taceri, sed
250 621 1052 657 tamen ad eam patefaciendam tempus opportunum deligebat. Prius
252 645 1043 690 est discendum, quam docendum. Veritas non est perpetuo silenda,
250 681 812 727 sed illius publicandae melior occasio captanda.
286 716 1045 754 Cofessio veritatis hypocritica, est quae vel extorra est minis aut pro¬
258 747 1045 784 missis, vel etsi voluntatie, tamen aut metu mali aut spe commodi a¬
248 779 1036 825 licujus facta est absque amore erga Christum: qualis fuit confessit
249 817 526 858 daemonis Marc. 1. v. 2.
285 836 1040 882 Dissimulatio veritatis divinae, est peccatum, cum quis dissimula;
255 877 1051 922 veritatem divinam, ubi gloria Dei & salus proximi confessionem:
253 916 362 970 postulat.
304 938 1039 984 Ibnegatio Christi & veritatis divinae, est peccatum cum qui
256 978 1039 1013 Christum & veritatem divinam post satis claram ejus patefactio¬
265 1010 1049 1052 nem aut agnoscit, sed repudiat, ut fecerunt Judaei multi, Actor. 3.
259 1049 1052 1085 vers. 13, 14. aut certo agnitam abnegat, sive aperte Christum & veri¬
252 1080 1046 1122 tatem ejus abjuret, sive improbis moribus perseveranter testetus
256 1115 1046 1167 quod Christum pro Domino suo & Servatore non agnoscat & ex ve¬
262 1149 408 1190 ritate non sit.
292 1173 582 1226 Eaque religiose cavenda:
293 1212 587 1258 I. Quia est severe vetita.
298 1245 1058 1299 II. Quia est summe perniciosa; sicut Christus dicit Matth. 10.
255 1277 340 1323 vers. 33
304 1308 1052 1354 Abnegatio veritatis divinae est duplex: vel ex infirmitate profecta.
261 1348 423 1388 vel deliberata.
297 1379 1054 1417 Illa est, cum quis subito & inopinato metu victus & coactus, ore
255 1413 1054 1452 quidem abnegat veritatem vitandi periculi causa, corde tamen nihil
255 1446 1051 1485 lominus eam retinet, nec ab ea deficit: sed respicit serio & ad Chri¬
261 1480 1064 1518 stum conversus in ejus fide & confessione perseverat usque ad finem.
261 1512 1060 1555 Qualis abnegatio fuit Petri Apostoli, qui Christum abnegavit. Mat.
265 1550 453 1590 26. v. 69. & seqque
294 1579 1050 1625 Abnegatio veritatis divinae deliberata, est peccatum cum quis ab¬
268 1620 1057 1654 negat veritatem divinam cerro cognitam, nullo subito & inopina
261 1647 1057 1692 to metu victus & coactus, sed sponte & consilio, vel retinendae digni¬
270 1680 1063 1722 tatis & vitae causa, vel spe adipiscendorum honorum & divitiarum. 1.
261 1716 421 1762 Joh 2. v. 19.
304 1742 1067 1787 Eaque proprie dicitur Apostasia, id est, impia defectio a Deo & ve¬
271 1782 1069 1819 ritate divina semel agnita & confessa ac proinde a Christo: qualis
268 1820 1058 1859 fuit olim Israelitarum qui relicto Deo variis idolis servierunt: Ju¬
277 1847 1061 1887 daeorum itidem: qualis fuit Juliani Apostatae, & Francisci Spirae: qua¬
267 1881 793 1928 lis est Apostasia Antichristi & factionis ejus.
313 1917 782 1951 Ea nemini nostrum debet scandalo esse:
304 1939 1001 1990 I. Quia a Deo praedicta fuit, 2. Tess. 2. v. 3. 1. Tim. 4. 1, 2, 3.
304 1978 1070 2025 II. Quia perpetua apostasia non cadit in electos Dei, Matth. 24.
271 2013 511 2058 v. 24. & 2. Tim. 3. 19.
306 2049 1037 2086 III. Quia in eam soli reprobati cadunt, 2. Thess 2. 10, 11, 12, 1a
304 2079 1064 2122 IV. Quia commissa fuit etiam ab illis qui ipsinsmet Christi Do¬
268 2121 1031 2162 mini in his terris docentis fuerant auditores & discipuli, Joh. 6. 66.
303 2146 649 2189 Cavenda autem omni studio¬
303 2182 775 2225 I. Quia a Deo vetita est, Heb. 10. v. 25.
306 2213 1072 2258 II Quia certas poenas attrahit, temporales & aeternas, 2. Chron.
280 2246 944 2290 28. v6. Heb. 6. v. 4, 5, 6, 7. 8. & c. 10. 29, 27, 18. 2 29, 30, 3.
315 2278 1067 2322 Dominus Jesus aut doctriva ejus nequaquam deseri debent, et¬
267 2314 614 2355 iamsi plurimi alii id facerent.
313 2348 877 2387 I. Quia ipse verba vitae aeternae habet, Joh. 6. 68.
309 2382 1009 2424 II. Quii ipse en Christus ille Filius Dei viventis, Joh. 6. 69.
316 2412 1073 2456 QUERITUR, an illi sint apostatae, qui se ab hodierna Ecclesia Roma¬
267 2451 441 2491 na separarunt.
306 2480 1093 2522 RESP. Non sunt: non enim ille ab Ecclesia exit, qui corporaliter
279 2513 1064 2554 exit, sed qui spiritualiter veritatis Ecclesiasticae fundamenta relinqui-
283 2547 1078 2586 Nos a Romanensibus exivimus corpore; illi a nobis, animo: nos ab¬
282 2580 1069 2616 illis, locoilli a nobis, fide. Nos apud illos reliquimus fundamenta pa¬
289 2613 1079 2650 cietum, illi apud nos Scripturarum: Nos ab illis egressi sumus, secu¬
280 2648 1075 2681 dum adspectum hominum; illi a nobis, secundum judicium Dei, ut
289 2682 1072 2719 in pari causa de Christianis secessionem facientibus ab haeretici:
279 2721 1084 2762 pronunciavit Chrysostomus in opere imperfecto in Matthaeum, in¬
281 2746 488 2795 cap. 23. homil. 46.
363 2787 1004 2827 Ttum de confessione veritatis caelestis: sequitur
549 2846 871 2893 CAPUT XXIIX.
393 2886 970 2949 In quo de honore ministerii Ecclesiastici.
298 2948 1084 2999 TPONOR ministerii Ecclesiastici, est cultus Dei, quum officium
297 2985 1075 3036 praestamus debitum ministerio in Ecclesia divinitus instituto
359 3014 688 3057 ejus meritum repraesentans.
320 3037 1081 3083 Honor est omnino exhibendus ministerio Eccclesiastico; quia est
296 3084 738 3122 mandatus a Deo, act. 9. 6. & c. 10. 5, 6
329 3103 1072 3146 Complectitur reverentiam, amorem, obedientiam, gratitudinem
298 3145 1106 3184 erga ministerium Ecclesiasticum, & ἐπιεικειαν erga ministros Ecclesiae.
327 3178 1078 3213 Re verentia erga ministerium Ecclesiasticum, est pars honoris mi¬
295 3204 1082 3250 nisterio Ecclesiastico debiti, quum agnoscimus ordinem divinum &
1077 181 1896 220 voluntatem divinam in ministerii illius institutione & conservatio¬
1090 218 1889 257 ne ad colligendam per illud Ecclesiam, sic ut hoc judicium nostrum
1083 252 1897 297 de ministerio Ecclesiastico dictis & factis declaremus, 1. Cor. 4. 1. &
1092 285 1682 321 2. Cor. 1. 20. Exemplum in Hobadja 1. Reg. 18. 7.
1137 317 1896 364 Amor erga minis terium Ecclesiasticum, est pars honoris ministe¬
1089 352 1897 396 rio Ecclesiastico debiti, quum libenter & cupide audimus ministros
1095 385 1885 426 Ecclesiae verbum Dei annunciantes illisque bene volumus non tan¬
1093 412 1891 461 tum propter communis dilectionis officium, sed etiam propter mu¬
1095 453 1901 499 nus quo funguntur, Ps. 84. 11. & 112. 1. Jacob. 1. 19. Sit omnis homo ce¬
1095 480 1757 521 ler ad audiendum, id est, studiosissime audiat verbum Dei,
1135 517 1898 554 Auscultatio verbi Dei requitit necessariam praeparationem ani¬
1099 550 1889 587 morum, quae sit per reverentiam Dei quam mansueti reddimur, ac pro¬
1101 586 1901 626 inde tardi ad loquendum & tardi ad iram: & per depositionem omnium.
1104 612 1637 651 sordium & excrementi malitiae Jac. 1. 19, 20, 2.
1134 645 1901 693 Obedientia erga ministerium Ecclesiasticum, est pars honoris mi¬
1093 685 1907 727 nisterio Ecclesiastico debiti, quum in cultu Dei & tota reliqua vita ea
1099 712 1898 761 facimus quae vox divina per os ministaorum Ecclesiae annunciat &
1101 750 1600 794 praecipit, Heb. 13. 17. Act. 9. 6. Jacob. 1. 22.
1140 772 1905 826 Gratitudo erga ministerium Ecclesiasticum, est pars honoris mini¬
1087 813 1904 858 sterio Ecclesiastico debiti, quum pecuniam aliasve res contribuimus
1108 850 1901 892 ad conservationem propagationemque verae doctrinae & disciplinae in
1107 881 1903 918 Ecclesia, & ministerii Ecclesiastici, item ad exstructionem, conserva¬
1107 918 1906 957 tionem vel instaurationem aedificiorum sacrorum, nempe templorum,
1104 949 1900 994 Scholarum, Collegiorum, Xenodochiorum, aliarumque domorum
1108 980 1487 1023 usibus Ecclesiae Dei servientium
1137 1016 1907 1058 Eaque non detrectanda ab iis quibus aliquid facultatum Deus con¬
1107 1049 1661 1089 cessit, sed pro modo illarum hilariter exercenda.
1140 1078 1910 1121 I. Quia praecepta est a DEO in mandato Decalogi, quo Sabba¬
1110 1115 1895 1155 thi sanctificatio edicitur: Deinde Prov. 3. v. 9. Chagg. 1. 8. Exod. 23.
1107 1152 1899 1188 v. 29, 30 & cap. 23 15, 19. & c 25. ver. primis septem: & cap. 30. 11, 12.
1113 1184 1898 1226 13. 14, 15. & c. 35. v. 4 & sequentibus. Item a Christo Domino Mat
1113 1216 1265 1257 thaei 10. v. 10.
1149 1245 1907 1287 II. Quia compensatur a Deo abundanti benedictione et¬
1113 1277 1907 1322 iam facultatum corporalium, ut promittitur Proverb. 3. vers. 10. Ita
1114 1318 1905 1364 implebuntur horrea tua saturitate, & musto lucus torcularii tui per¬
1108 1352 1229 1387 rumpent.
1149 1379 1908 1421 III. Quia illius detrectatio aut negligens praestario affert detri¬
1110 1420 1904 1458 mentum rei familiari, Chagg. 1 v. 6. Seritis multum, &cot. tis parum
1112 1451 1909 1486 comeditis, minime vero ad suturitatem, bibitis sed minime ffitim: in
1122 1482 1912 1520 duimini, sed nemo ita ut sit calor ipsi: & qui mercedem reporta: sibi, mer¬
1117 1514 1919 1561 cedem reportat in loculum pertusum. Et v. 9, 10, 11. Spectaris ad multa,
1123 1547 1906 1587 sed ecce ad pauca pervenitis, & quod infertis domum, efflo illud:,uam
1113 1589 1913 1623 obrem dictum Iehovae exercituum, propterea quod domus mea est vasta,
1125 1613 1922 1651 & vos excurritis quisque pro domo sua. Idcirco contra vos, cohibentur cae¬
1122 1648 1908 1682 li a rore; & terra cohibetur frumento suo. Me advocate ficcitatem supe¬
1114 1682 1916 1722 hanc terram, & super hos montes, & super frumentum & super mustm,
1113 1715 1916 1749 & super oleum, & super id quod prolatura esset haec terra: etiam super
1119 1749 1864 1785 homines, & super jumenta, denique super omnem laborem manuum
1159 1776 1909 1819 IV. Quia illam declararunt pii quovis tempore, velut Iimcelita
1119 1808 1909 1851 inideserto Exod. 35. v. 21. & sequentibus: David tex Israelis 1. Chron¬
1129 1851 1910 1894 1.2. David item & Israelitae, 1. Chron. 29. Iudai reduces ex Babyloni:
1126 1882 1274 1918 Ezr. 2. 68, 66.
1161 1915 1914 1956 Contributio ad conservationem & propagationem verae religio¬
1120 1946 1907 1991 nis sit vel cum consecratione definita certae summae pecuniae aut ali¬
1125 1982 1919 2019 porum bonorum ad usus pios, vel simpliciter absque definita consecratione.
1161 2013 1922 2050 Qui definite certam pecuniae summam aut alia bona ad usus pios
1128 2051 1912 2090 consecravit, totum quod consecravit repraesentare & religiose cave¬
1126 2084 1567 2125 re sibi debet, ne quid ex eo intervertat
1152 2106 1913 2154 I. Quia quicquid destinavit ad pios usus, Domino & Ecclesiae
1126 2143 1915 2187 Dei consccravit: nec illud amplius est consecrantis, sed Dei & Ecclesiae
1159 2178 1915 2218 II. Quia qui ex eo quod consecravit Domino & Ecclesiae, aliquic
1119 2212 1922 2246 intervertit, diaboli suggestionibus seductus peccat gravissime; Nam
1126 2243 1915 2291 mentitur Spiritui Sancto ac proinde Deo, sacrilegium committit
1118 2275 1931 2314 hypocrisi conatur Deo & Ecclesiae illudere: ut Ananias & Sapphira
1120 2311 1321 2354 fecerunt, Actor.
1162 2333 1924 2380 III. Quia qui ex eo quod Domino & Ecclesiae Dei consecravit.
1134 2374 1924 2420 aliquid intervertit, Deum ad iram provocat & poenas sibi accersit, ut
1121 2410 1667 2454 ostendit exemplum Ananiae & Sapphirae, Act.
1156 2435 1933 2490 Porro contributio ista debet esse voluntatia, Exod. 25. 2. & 35. 21,
1115 2477 1202 2522 122, 29.
1159 2501 1922 2547 Et sejuncta ab hypocrisi, alioqui displicet Deo: sicut exstructio
1130 2547 1928 2586 templorum ab hypocritis procurata ingrata est Deo, eo quod hypo¬
1137 2575 1924 2619 critae putent se opere illo externo praeclare demereri Deum. Jesa. 66.
1132 2619 1501 2653 1. Act. 7. 48, 49. & c. 17. v. 24, 21.
1159 2645 1934 2684 Sejuncta etiam esse debet ab idololatria; sicut exstructio templo¬
1140 2677 1931 2714 rum creaturis dicandorum, monasteriorum ad alendos monachos
1146 2704 1928 2744 dololatricos, collegiorum ad docendam & plantandam idololatria
1143 2743 1922 2785 altatium, capellarum seu sacellorum, crucium, imaginum seu sta¬
1137 2776 1934 2818 tuarum religiosarum: liberalitas item in conferenda seu leganda pe¬
1136 2811 1922 2848 cunia ad celebrandas Missas, obeundas vigilias pro mortuis, con¬
1143 2838 1921 2890 servanda loca idololatrica & cultus idololatricos quoscunque, esti
1146 2877 1254 2917 dololatria,
1167 2896 1925 2954 Nam templum alicui facere, est latriam exhibere: sicut Augusti¬
1138 2942 1316 2988 nus ait epist. 66.
1169 2964 1934 3012 επιείκεια seu aquitas erga ministros Ecclesiae, est pars honoris mini¬
1143 2999 1928 3050 sterio Ecclesiastico debiti, quum toleramus infirmitates ministro¬
1144 3037 1931 3080 tum Ecclesiae, quae non enormiter & manifeste corrumpunt aut
1139 3068 1928 3129 impediunt officium quo funguntur, nec scandalo Ecclesiam laedunt,
1137 3111 1277 3152 1. Tim. 5. 19.
1179 3124 1925 3179 Opponitur ei tolerantia manifestorum vitiorum in ministris Ec¬
1140 3164 1928 3214 clesiae: quemadmodum in Papatu tolerantur ministri libidinibus de¬
1141 3208 1472 3257 diti & vitiis notoriis infames.
