2063 3395
220 165 1019 221 tendi tantu in ad fomnium Mardochaei, non etiam ad insidins Eunu¬
226 221 314 259 chorum.
276 235 1007 286 REPLICATI0. Exceptio Bellarmini contextu & continuatione
225 272 1007 322 capitis 11. & 12. aperte refellitur. Nam versu ultimo capitis undeci¬
219 308 1006 354 mi dicitur Mardochaeum expergefactum post somnium quod vide¬
225 337 1000 385 rat retinuisse illud animo suo & omni ratione voluisse cognoscere il¬
227 372 994 419 lud usque ad voctem: & mox initio capitis duodecimi subjicitur, quic
225 402 1013 445 centem euim cum Bigthane & Tereicho in vestibulo, conjurationem
232 434 997 482 illorum intellexisse. Non ergo fuit inter somnium Mardochaei & in¬
228 468 1020 516 sidias Eunuchorum intervallum quinque annorum, ut Bellarminus
228 497 1008 545 somniat, sed diri unius. Anticipationis vero species qua usum dicit
222 531 1005 585 ciellarininss historicum, & est conimentitia & contextui narratio¬
226 578 377 617 nis reclamat.
279 591 1010 648 SEXTO, dicitur capite 12. v. 5. Regem dedisse Mardochaeo ad mi¬
234 628 1010 682 nisterium aulicum, ante maleficia Hlemanis, evecto donaria ob de¬
225 666 1001 708 tectam conjutatiorem Bigthanis & Tereschi: & capite 6. v. 3. ver.
228 698 1003 748 divinae historiae dicitur, non fuisse ei collatum quicquam usque ad
235 726 1004 779 cum diem quo suspensus est Haman, nempe multis demum anni¬
244 770 585 814 post detectam conspirationem.
273 781 1006 843 Bellarminus negat hoc habere difficultatem: Imo vero habet
231 824 1013 876 sic ut eam Fellarminus non dissolverit, sed auterit; siquidem nolens
237 860 1009 908 volens fateri cogitur Mardochaeum non habuisse mercedem pro de¬
233 893 1009 937 tectione insidiarum, quando rex jussit sibi annales relegi: habuisse
237 923 1013 971 tamen postea aiplissimam mercedem, quae capite sexto describitur.
240 957 1009 1004 Si Mardochaeus honores & munera pro detectione insidiarum pos¬
238 990 1016 1035 relectos demum a Rege annales accepit, ut fatetur Bellarminus, tum
231 1027 1013 1069 falsa est narratio capitis duodecimi, in qua legitur, post data Mardo¬
249 1054 1014 1101 chaeo officia aulica & munera, Hamanem quaesivisse ei malefacere,
240 1096 433 1146 & populo Judaice
287 1113 1024 1161 SEPTIMo, dicitur cap. 12. v. 6. Hamanem quaesivisse maleface¬
241 1156 1016 1197 re Mardochaeo & populo Israelitico, propter duos illos Eunuchos
243 1186 1010 1230 Regis: At vere divina historia cap. 3. longe aliam causam narrat of¬
243 1227 1009 1264 fensionis & irae Hamanis in Mardochaeum, quia videlicet Mardo
240 1253 1022 1298 chaeus noluerit Hamanem adorare, quanquam tex praeceperat, ut
237 1291 1015 1328 omnes Hamani se incurvarent genua coram ipso flectentes. Tum
244 1325 1022 1357 nequaquam est verisimile tantis hionoribus a Rege affectum, justum¬
242 1348 979 1401 supplicium quod de conjuratis sumtum fuerat vindicare voluisse
282 1378 1016 1421 OeTAvo, narratur cap. 15. Regem irato vultu intuitum fuisset
240 1421 1018 1462 Estheram ad se venientem eamque deliquium animi passam; at con¬
238 1446 1019 1499 trarium dicitur cap. 5. 2. nempo Estheram visam a rege obtinuisse
246 1485 488 1529 gratiam in oculis ejus
285 1507 1013 1554 NON0, dicitur cap. 16. v. 13. Hamanem expetivisse reginam E¬
230 1547 1018 1586 stheram cum tota illius gente ad interitum: at vera historia habet
234 1580 1018 1616 ignotum fuisse aulae regiae atque adeo ipsi etiam Regi & Hamani,
232 1609 1010 1650 Estheram Reginam e gente Judaeorum esse & Mardochaeum Esthe¬
240 1642 1019 1682 rae propinquum, donec Regina ipsa, eo ipso die quo Haman suspen¬
232 1677 523 1718 sus est, Regi id declaravit
292 1709 1013 1751 DECINo, caput decimumsextum continet literas Regis Arta¬
236 1747 1004 1782 xerxis, tum argumento plurimum discedentes ab illis literis, quae
241 1772 1016 1809 rum summam recitat vere divina historia cap. 8. vers. 11. & sequen¬
238 1804 1009 1844 tibus: tum a forma rescriptorum Regum Petsicorum dissidentes
237 1837 1012 1881 quae rescripta nunquam mutari licuisse, libri Danielis & Ezrae, quit
246 1875 1006 1914 etiam ipsius Estherae, aliquot locis evincunt; at istae supposititiae lite
232 1903 1017 1940 rae mutari solitae rescripta regum Petsicorum ostendunt. Haec omnia
235 1940 1013 1971 evidenter demonstrant, additiones istas libro Estherae assutas cum
240 1966 1013 2003 vere Canonica Scriptura pugnare, & cum ea nullo modo conciliari
231 2000 296 2050 posse
277 2028 1009 2071 ADIECTIONES AD DANIELEM itidem pugnant cum vere Ca¬
244 2067 1010 2108 honicis Scripturis. Nam PRIMo, capite decimotertio, versu qua¬
235 2101 998 2138 dragesimoquinto dicitur, Danielem fuisse puerulum seu puerum ju¬
225 2139 1007 2170 niorem, cum rex Astyages, cui Cyrus successit, Babylonem obtine¬
230 2164 1010 2202 ret. At Danielis primo commemoratur, Danielem a Nebucad¬
237 2196 1012 2234 netzare Magno cum Jehojaltimo Rege Judaeorum in captivitatem
231 2229 1012 2266 abductum, ad munia Regi praestanda, ab Aschpenazo aulicorum
238 2263 1001 2300 praefecto seu aulae Magistro educatum triennio, eoque exacto cum
231 2293 1012 2331 existimatione & magna dignitate ministrasse Regi, & captie secun¬
225 2326 1003 2362 do commemoratur, eum dominatorem constitutum in tota pro¬
225 2357 1003 2391 vincia Babyloniae, fuisseque summum praefectum praetorio & admis
226 2387 1003 2424 sionalem (ut Imperatores in Codice vocant) maximum, Jam Danic
225 2424 1015 2466 abductus est in captivitatem anno mundi 3354. juxta supputationem
225 2456 1004 2495 Abrahami Bucholceri; finis vero Monarchiae Chaldaicae incidit ju¬
235 2489 1003 2524 xta eundem in annum mundi 34 34. sunt igitur anni a captivitate Da¬
231 2524 1010 2561 nielis usque ad finem Monarchiae Chaldaicae octoginta, quibus adde
225 2555 1013 2592 tot annos, quot habere potuit Daniel cum captivus abduceretur,
231 2587 1001 2631 quibusque jam ingenio valeret & aptus esset ad intelligendam omnen
228 2619 1015 2653 sapientiam percipiendamque notitiam; tales enim pueros Rex Ne¬
222 2650 1006 2686 bucadnetzar eligi jusserat. Cui igitur persuadebitur, Daniclem sini¬
233 2684 1004 2722 ta Monarchia Chaldaica, id est, natum jam ad minimum nonagin
231 2719 604 2750 ta annos, adhuc puerulum fuisse
276 2741 1007 2786 Excipit Bellarminus, Historiam Susannae contigisse longe an¬
222 2777 1004 2818 te tempora Cyri, cum Daniel revera esset puer, & ideirco nierito a
235 2813 1010 2858 bud Graecos poni in principio libri. Quod autem dicitur in fine cap.
235 2848 1013 2882 13. de Astyage & Cyro, non referri ad historiam Susannae proxime
235 2879 1010 2910 narratam, sed esse initium alterius historiae sub Cyro. Itaque in Grae¬
229 2910 1007 2950 cis codicibus historiam Susannae esse primum caput totius libri: illae
228 2944 1007 2980 autem verba de Astyagis morte, poni in principio ultimi capitis, ubi¬
235 2973 842 3014 narratur historia Belis destructi & draconis interfecti¬
267 3007 1005 3051 REPLICATIO. Ecllarminus petit principium, & ea affirmat
228 3038 1010 3082 quae contextui adjectionum istarum repugnant. Deinde Graeca edi¬
220 3073 1031 3113 tio ad quam provocat Bellarminus & in qua additiones istae eo mo¬
228 3103 1004 3143 do dispositae sunt, quo Bellarminus ait, est nova Sixti V. Eoman¬
231 3137 1001 3180 Pontificis autoritate sic adernata: veteres vero editiones Graeca¬
1064 155 1860 211 Aldina, Complutensis & aliae longe alium ordinem habent. Inde
1066 193 1868 235 manifestum est, quid sit tribuendum novae Editioni Graecae Six¬
1065 233 1121 271 tinae.
1111 254 1862 300 SECUNPo dicitur eodem cap. 13. Astyagem ante Cyrum Baby¬
1059 299 1861 340 lone regnasse: At vere divina historia de Astyage nihil habet, sed
1072 328 1866 365 commemorat regnasse Babylone inde a caetivitate populi Judaici
1078 362 1859 406 Vebucadnetzarem Magnum, Evilnierodachum filium ejus, Bel¬
1060 398 1862 442 schatzarem nepotem ejus, cui successit Cyrus 2. Chron. 36. 20. qui
1066 427 1865 466 Dario Medo cui antea Cyaxari nomen fuit, sponte administratio¬
1072 461 1856 500 nem Babyloniae concessit, ut apparet ex Dan. 6. versu primo & ulti¬
1058 496 1858 536 mo cum quo consentit quod Xenophon scribit libro octavo de Paedi.
1072 529 1127 578 Cyri.
1107 549 1861 594 TERTIO, eodem cap. 13. narratur, Danielis nomen innotuisse
1063 596 1874 629 ex falsorum testium, qui Susannam accusaverant, convictione: at e¬
1068 626 1754 669 cap. 1. & sequent. constat longe aliam ratione illud innotuisse
1110 653 1859 698 QUA RTO, quae capite decimoquarto dicuntur de Danielis mis¬
1065 686 1864 730 sione in lacum leonum, pugnant cum iis quae capite sexto recitantur
1072 724 1424 762 fere in omnibus circumstantiis
1122 759 1853 805 QUINTO in adjectionibus istis, ut apud LXX. interpretes hae¬
1051 787 1871 828 bentur, Daniel dicitur e tribu sacerdotali fuisse: at cap. 1. e tribu Ju¬
1059 822 1406 859 da eum fuisse aperte scribitur:
1114 850 1868 891 LIBER TOBIAE similiter cum Scripturis certo Canonicis pu¬
1068 889 1856 936 gnat. Nam PRIMo Raphaelem Angelum mentientem introducit:
1072 927 1864 967 quia iste Raphael se esse Hazariam & filium Hananiae mentitur cap.
1065 966 1862 1003 5. vers. 15. quod bonos Angelos nunquam facere Scripturae Sacra¬
1066 990 1176 1028 testantur.
1119 1004 1865 1064 SECUNDO hierarchiam septem Angelorum statuit cap. 12. ver.
1075 1056 1872 1090 15. & enunciat, qualia Paulus quamvis in tertium caelum raptus &
1077 1088 1816 1123 doctor Gentium constitutus erat, proferre noluit, 2. Cor. 12. 2.
1117 1115 1862 1165 TERTIO ait Raphael ille quod sit unus ex septem Angelis, qui
1074 1156 1859 1188 adstant ante Dominum, subintellige quasi referendarij & internum
1067 1188 1868 1224 cij, & qui preces sanctorum ad Dominum referunt: At Scripturae
1070 1219 1861 1254 vere Canonicae dicunt, quod millies mille ministrent ei & myria
1064 1253 1867 1288 myriadum stent coram eo, Daniel. 7. vers. 10. Eaedem docent, uni¬
1080 1285 1864 1322 cum esse Mediatorem, qui preces sanctorum refert ad Deum, qui
1076 1316 1862 1354 Mediator est Jesus Christus Filius Dei. Quod vero Raphael iste pro¬
1074 1351 1861 1386 fert, Magicum est & Thalmudicum a Judaeis profectum, qui diem
1077 1383 1861 1418 Solis Raphaeli, diem Lunae Gabrieli, diem Martis Sammaeli, diem
1074 1414 1861 1452 Mercurij Michaeli, diem Jovis Tzidieli, diem Veneris Hanaelis
1074 1449 1858 1488 diem Sabbathi Repharjeli tribuunt, atque totius gubernationis di¬
1078 1483 1513 1523 vinae administros primos constituunt.
1119 1508 1875 1554 LIBER JUDITHaE itidem cum Scripturis vere Canonicis pu¬
1081 1546 1871 1586 gnat: Nam PRIMo historia quae in eo recitatur, contigisse tempore
1071 1583 1873 1623 Nabuchodonosoris Regis Assyriorum post reditum populi Judaicit
1077 1612 1870 1646 ex captivitate dicitur cap. 5. vers. 23. & post aequatum solo templum
1080 1644 1868 1682 serosolymitanum, quod in textu Graeco additur: At historia vere di¬
1074 1678 1873 1709 vina nullum Nabuchodonosorum Monarcham Assyriorum post re¬
1077 1710 1876 1750 ditum populi ex captivitate Babylonica agnoscit, sed Persarum &
1078 1739 1622 1784 Medorum Monarchiae Assyrios paruisse docet.
1119 1773 1871 1807 Excipit Bellarminus tria: primum est, historiam Judithae re¬
1077 1797 1861 1848 ferendam ad tempora Manassis, quem tex Assyriorum ceperat &
1080 1839 1861 1881 Sabylonem abduxerat 2. Chronic. 33. sed Deus resipiscentem libe¬
1071 1874 1855 1912 ravit ex captivitate & Jerosolymam reduxit. Nititur autem Bellar
1068 1907 1865 1940 minus hoc argumento, quia eo tempore vixerit Magnus Sacerdos
1075 1936 1871 1983 Eliachim, cujus mentio fit in libro Judithae & 4. Regum IS qui fue¬
1068 1972 1864 2006 rit successor Sobnae impuri Pontificis, de cujus Sobnae depositione
1071 2004 1870 2044 praedictum Jesa. 22. Secundum est, Judith. 5. vers. 23. non agi de ca¬
1080 2036 1861 2070 tivitate Babylonica ultima, quia captivitas Babylonica facta sit ab
1071 2070 1864 2104 una gente Chaldaeorum, illa autem Judith. 5. a multis nationibus
1071 2101 1859 2137 quia captivitas Babylonica generalis fuerit, quam omnes abducti sint
1068 2134 1871 2170 a Iudith. 5. dicuntur plurimi abducti. Tertium est, verba de templo
1065 2164 1864 2202 solo aequato Iudith. 5. vers. 21. in Graeco textu esse supposititia: quia
1068 2200 1871 2244 Hieronymus qui fidelissime librum ex Chaldaeo transtulit, ea non
1067 2229 1148 2279 posuit.
1116 2259 1861 2311 REPLICATIO. Primo historiam Iudithae in tempora Manas¬
1061 2295 1858 2335 sis argumento falso Bellarminus refert, quia nec Sobna, nec Elia
1068 2330 1864 2368 chim sacerdo tes fuerunt, sed praefecti domui regiae seu praefecti prae¬
1066 2367 1864 2402 torio & magni Magistri aulae, ut nunc vocant, ut ex 4. Reg. 18. &
1081 2397 1865 2431 esaiae 22. manifestum est. Idem constat ex genealogia & Catalogo
1076 2429 1865 2465 Sacerdotum I. Chron. 6. in quorum recensione nullus Sobna, nul¬
1068 2460 1858 2498 lus Eliachim comparet. Secundo Jerem. 34 vers. 1. legitur, quod Ne¬
1065 2491 1873 2530 bucadnetzar rex sabyloniae & onines copiae ejus omniaque regna
1074 2528 1870 2563 terrae in dominio ejus, omnesque populi oppugnarunt Jerosolyma:
1065 2556 1871 2593 non ergo una geni Chaldaeorum: Tum a Nebucadnetzare non o¬
1069 2595 1867 2630 mnes Iudaei captivi abducti sunt, sed plurimi: Quociica Bellarmini
1066 2627 1871 2660 non probant, de alia captivitate agi Iudith. 5. quam Babylonica.
1072 2657 1864 2698 Tertio ?erba illa Ghaeca Iudith. 5. vers 23. non sunt supposititia, tum
1077 2692 1873 2730 quia olim recepta sanctorum Patrum testimonio, tum quia retenta¬
1069 2726 1868 2762 etiam in Romana Editione ex Vaticana Bibliotheca, ut etiam in
1066 2751 1865 2788 Editione Plantiniana anni 1584. cum interlineari interpretatione.
1110 2787 1864 2826 SECuti no cap. 9. vers 2, 3. factum Simonis homicidae, qui ad¬
1078 2818 1873 2858 utore fratre Levi Sichemitas fraude trucidavit & civitatem eorum
1078 2850 1874 2896 sepraedatus est, ut Gen. 34. legitur, id inquam, factum amplissimis
1075 2882 1864 2926 audibus a Iuditha magnifice effertur, quod a Spiritu Sancto per Ja¬
1068 2916 1867 2971 cobum Patriarcham damnatur Genes. 34. vers. 30. & apertius cap.
1076 2944 1185 2987 19. vers. 5.
1119 2980 1855 3019 ECCLESIASTICUS seu LIBER JESU SIRACIDAE conti
1068 3012 1867 3059 net etiam manifestos errores, pugnantes cum libris vere divinis &
1068 3043 1863 3096 Canonicis. Nam PRIMo dicitur cap. 46. vult. Samuelem (nempe
1062 3079 1856 3124 verum) post mortem prophetasse. At Deus non vult mortuos con¬
1065 3107 1873 3160 suli aut a mortuis disci veritatem, ut patet ex Deuteron. 18. v. 11. Ies.
1056 3143 1856 3194 8. 19. Luc. 16. v. 30. Tum si statucretur animas defunctorum redite
