2063 3439
273 190 1077 245 non in vuigo. AEdificatio autem Ecclesiae requirit ut preces conci¬
283 235 1070 276 piantur idiomate, non communi tantum doctis, sed communi in¬
274 267 1058 312 vulgo Ecclesiae: in quo quotusquisque doctus est, & Latinam lin¬
273 302 475 355 guam intelligit:
315 331 1062 384 Sexto quae de fructu orationis dicit, aliena sunt a mente Pauli, qui
280 372 1061 409 de fructu aedificationis loquitur, ut instituatur Ecclesia. Ita in
279 410 1067 451 magno conatu Bellarmini pro amphora urceus exit, ut est in pro¬
275 444 356 488 verbio.
330 479 1007 548 Hucusque secundum argumentum eiusque defensio
539 529 802 594 sequitur tertium.
308 589 1057 641 Cujus finis est instructio, consolatio & aedificatio populi, id lin
276 630 649 683 gua populo cognita peragi debe
317 653 1052 698 At publicae lectionis Scripturarum Sacrarum finis est instructio¬
270 694 1067 738 consolatio & aedificatio populi. Ergo lingua populo cognita peragi¬
281 731 347 771 debet.
305 763 1063 804 Major certa est: quia ex lingua ignota & peregrina quae instru¬
267 797 866 836 ctio, quae aedificatio, quae consolatio percipi potest?
310 831 1060 865 Assumtio patet ex Romanorum decimo quinto capite versiculo
270 859 1077 903 quarto: Quae ante scripta sunt, ad nostram doctrinam ante scripta
266 892 1058 937 sunt: ut per tolerantiam & consolationem Scripturarum spem habea¬
261 928 1058 967 mus. 1. Cor. 14. v. 3. & seqq. Qui autem prophetat hominibus.
273 957 1058 997 loquitur aedificationem & exhortationem & consolationem. Qui lo¬
277 993 1049 1037 guitur lingua, se ipsum aedificat: qui vero prophetat, Ecclesiam aedifi.
269 1026 1052 1062 tat, &c. & versic. 19. In Ecclesia malim quinque verba ex intelli.
264 1060 1063 1103 gentia mea loqui, ut & alios instituam, quam decem millia verbo¬
271 1096 1052 1133 rum lingua, Et versic. 26. quoties convenitis quisque vestrum canti
271 1121 1055 1164 cum habet, doctrinam habet, linguam habet, revelationem habet, in¬
270 1160 862 1200 terpretationem habet; omnia ad aedificationem fiant
324 1190 1077 1235 Bellarminus ad hanc argumentationem excipit, primo negando
264 1226 1054 1269 assumtionem, secundo respondendo ad probationem eius. Negatio
256 1258 1070 1293 nem suam firmat rationibus duabus: prima est, quia finis praecipuus
264 1293 1064 1331 divinorum officiorum non sit populi instructio vel consolatio, sed cul¬
255 1325 1051 1361 tus Deo ab Ecclesia debitus: eo quod clericorum officium sit, nomine.
263 1357 1064 1398 totius populi Christiani perpetuo immolare Deo sacrificium laudis, ut
267 1391 1057 1430 ipse requirit Psalm. 49. & more m lilum excubare ac vigiliis & ora¬
265 1422 1064 1456 tionibus tota castra Ecclesiae Protegere. Jesaiae capite vigesimo sexto?
255 1457 1058 1494 Super muros tuos, Hierusalem, constitui custodes, tota die & nocto
261 1491 1064 1529 in perpetuum non tacebunt. Secunda ratio est, qui non sunt imperi¬
264 1528 1052 1563 tissimi, ui Latine sciunt, & instruuntur qui audiunt divina officia. Ca¬
259 1556 1064 1595 teri autem non instruerentur etiamsi vulgari lingua officium celebra¬
255 1577 1060 1631 retur: non enim in verbo, sed in sensu instructio est. Quare (concludit
261 1629 1068 1674 rationes Bellarminus) plebis instructioni deserviunt conciones frequen¬
262 1655 751 1695 tissima, quae in siigulis Ecclesiis fieri debent
283 1685 1064 1738 REPLICATIO nostra. Assumtio negari non potest, quia est
264 1725 907 1762 verissima. Rationes negationis nullius sunt ponderis.
297 1751 1058 1793 Prima ratio est vitiosa pluribus modis: primo propter sophisme
256 1782 1064 1828 falsorum pugnantium. Nam cultus Deo ab Ecclesia debitus &
262 1828 1055 1863 aedificatio Ecclesiae non pugnant, quia sunt fines coordinati, seu u
257 1859 1077 1896 alii loqui solent, subordinati. Coordinata autem seu subordinata
262 1889 1067 1926 mon pugnant, neque positio unius est remotio seu negatio alterius.
270 1927 1057 1963 Si assumtio esset, aedificationem Ecclesiae praecipuum vel solum est.
258 1958 1063 2002 finem officiorum divinorum, tum recte negaretur: jam vero as¬
270 1989 509 2025 sumtio est indefinita.
299 2019 1070 2059 Secundo vitiosa est prima ratio propter homonymiam in nomine
264 2060 1058 2092 Ecclesiae: nam Bellarminus restringit ad Clerum, quem vocant
270 2092 1061 2130 cum de tota multitudine fidelium intelligi debeat: non enim a so¬
258 2123 1069 2168 lis Clericis cultus Deo exhiberi debet, sed etiam a caeteris fidelibus
261 2160 365 2202 omnibus
298 2182 1077 2234 Tertio locus Psalmi vitiose a Bellarmino restringitur ad solos cle¬
255 2226 824 2266 ricos, quum ad universos Christianos pertineat.
300 2259 1058 2299 Quarto locus Jesaiae Bellarmino adversatur: Si enim custodes
261 2282 1064 2335 Ecclesiae tacere non debent, tum loquantur quae a fidelibus intelligi¬
255 2332 1060 2377 possint. Etenim si vocem incertam det tuba, quis se ad pugnam
262 2361 560 2403 comparet? 1. Cor. 14. 8.
303 2389 1060 2427 Secunda ratio quinque modis vitiosa est: Primum enim finem
253 2422 1063 2466 officiorum divinorum tantum ad Latine doctos restringit, qui com¬
254 2457 613 2497 munis est omnibus fidelibus.
295 2485 1058 2530 Deinde agit de eventu sacrorum officiorum, quum nostrum argu¬
261 2522 1077 2563 mentum de fine eorum agat. Servum autem Dei oportet officium
255 2564 685 2597 suum facere & Deo eventum sinere.
292 2589 1056 2628 Tertio eventus ipse hic falso ponitur, quum Bellarminus haud se¬
254 2626 1061 2664 cus de plene pronunciet, quam de pecude experte omnis doctrinae
259 2656 1049 2701 atque judicii: O miseram plebem, & eo miseriorem, quod despe
265 2690 863 2730 tantes de profectu & salute ipsius ductores habeat:
291 2718 1057 2767 Qarto evertit haec ratio Papanorum sententiam: nam si plebis
256 2757 1054 2795 instructioni deserviunt conciones; Ergo Scripturae quae concionum
255 2796 1060 2843 Sacrarum basis & fundamentum sunt, lingua plebi cognita legi de¬
262 2830 317 2873 bent.
297 2853 1078 2904 Quinto accusat haec ratio Papisticos doctores negligentiae in con¬
253 2890 1052 2931 cionibus habendis: debent enim conciones frequentissimae in singu¬
262 2925 1058 2964 lis Ecclesiis fieri, sed in Papatu non fiunt. Sic replicatum est ad nega¬
268 2960 437 3003 tionis rationes
303 2986 1055 3032 Ad probationem assumtionis nostrae in hunc modum Bellarmi¬
262 3029 1055 3060 nus excipit: Primo negat Scripturae testimonia adducta sententiae
262 3058 1055 3094 Papistarum ulla ratione officere. Ait enim illos fateri, Sacras Scri¬
267 3093 1058 3136 pturas magnam adferre fidelibus consolationem, sed doctis quidem
264 3130 1047 3168 dum leguntur, indoctis autem dum a concionatoribus explicantur
294 3160 1039 3194 Deinde Paulum I. Corinth. 14. versic. 26. per Psalmum, de
270 3186 1077 3233 ctrinam, apocalypsin, linguam & interpretationem, non intellige¬
1104 198 1920 242 re Scripturas divinas, sed quinque dona gratis data, nempe donum
1123 236 1907 276 psallendi seu componendi spiritualia cantica & ea in Ecclesia mo¬
1126 265 1914 310 leste canendi: donum docendi: donum revelationis, quia Deus
1117 298 1912 340 saepe tunc sedentibus in Ecclesia revelaverit mysteria: donum lin¬
1125 333 1920 378 quarum: & donum exponendi Scripturas & de una lingua in aliam
1123 371 1915 410 transferendi: quae omnia referri debeant ad aed ficationem & non
1113 394 1318 435 ad ostentationem
1155 429 1918 475 REPLICATIO nostra. Primo Bellarminus consolationem
1116 466 1909 506 ex lectione Scripturae provenientem falso restringit ad solos Lati¬
1113 499 1912 539 ne doctos: nam cum indoctorum longe major sit multitudo in
1114 534 1913 571 plebe Ecclesiastica, quam doctorum, quis non intelligit paucio¬
1122 568 1907 604 rum majorem rationem absurde haberi, quam plurium? scilicet
1123 596 1916 641 Christianae plebi istic vellus non carpitur. Secundo in expositione
1119 630 1910 678 versus vigesimi fexti 1. Corinth. 14. tragelaphos fingit: quis enim
1114 664 1917 706 illum sic exposuit praeter ipsum? si quidem Paulus non de externis.
1118 695 1917 748 donis, sed de externis officiis in Ecclesia praestandis a docentibus
1120 727 1167 782 agit:
1146 759 1904 802 Tertio quaecunque in coetibus Ecclesiasticis lingua ignota per¬
1116 796 1913 842 aguntur, ea nequaquam ad aedificationem, sed ad ostentationem
1106 828 1172 871 fiunt
1143 861 1912 906 QUA RTUM argumentum nostrum est. Si Prophetae, Chri¬
1107 893 1910 938 stus ipse & Apostoli in conventibus populi vernacula, aut omnibus
1107 938 1913 972 nota lingua in legenda Scriptura usi sunt: tum etiamnum idem no¬
1110 962 1907 1000 bis faciendum. Quod antecedit verum est, ut videre licet. Nehem
1113 996 1910 1050 8. v. 2, 3, 4, 8, 9. Luc. 4. v. 16, 17. Act. 13. v. 15. Ergo & quod se¬
1126 1031 1322 1077 quitur, verum est
1143 1061 1898 1105 QUINTUM. Si Scriptura Sacra ideo olim in tot linguas ver¬
1114 1101 1899 1138 naculas est translata, ut ex illius auscultatione omnes auditores fru¬
1119 1129 1904 1168 ctum ahquem capere possent, tum profecto linguis vernaculis est
1116 1164 1916 1204 legenda. Prius est, ut testatur Socrates Historiae Ecclesiasticae libro
1119 1199 1906 1242 quarto, capite trigesimo tertio: & Augustinus tertio tomo, libro
1113 1230 1904 1277 secundo, de doctrina Christiana, capite quinto. Quapropter et
1117 1263 1901 1303 iam vetus Testamentum translatum est in Graecam Linguam
1113 1295 1907 1335 item in Chaldaicam, tota Scriptura in Latinam. Hieronymus qui
1116 1333 1913 1376 erat Stridonensis Dalmata, transtulit Scripturam in linguam Dal¬
1113 1367 1919 1400 maticam: Methodius Moravorum Episcopus in Illyricam vel
1113 1400 1915 1441 Sclavonicam, Chrysostomus in Armeniacam, Umphilas Gothus
1123 1430 1727 1468 in Gothicam, alii in alias. Ergo verum & posterius.
1146 1455 1909 1502 Respondet Bellarminus varia: Primo se non negare posse Scri¬
1119 1498 1919 1538 pturas verti in linguas vulgares, sed tantum non debere pubfice le¬
1116 1532 1916 1586 gi lingua vulgari, nec passim omnibus permitti legendas lingua vul¬
1114 1562 1175 1611 gari.
1146 1597 1914 1642 Deinde non ideo olim versas Scripturas ut publice legerentur.
1126 1622 1906 1671 sed tantum ad consolationem eorum hominum qui iis sine pericu¬
1128 1662 1296 1705 outi poterant.
1144 1687 1906 1739 Tertio Graecam Linguam item Latinam non fuisse omnibus vul
1119 1728 1522 1772 garem licet fuerit communissima
1152 1766 1817 1808 Quarto Chaldaicam versionem esse potius paraphrasin.
1152 1797 1906 1835 REPLICATIO nostra. Ad primam responsionis partem
1122 1830 1910 1869 replicamus, frustra negari, Scripturas debere publice legi lingua
1113 1869 1911 1916 vulgari seu omnibus nota. Nam si transferendae sunt in linguam
1116 1902 1910 1942 vulgarem, certe etiam in illa legendae publice privatimque, quia
1132 1932 1913 1971 posito destinato ponitur & finis. Sed translatio est destinata ad
1123 1961 1913 1996 hunc finem, ut Scripturae in linguis vernaculis legerentur. Bellar¬
1116 1997 1912 2036 minus perinde concedit versionem & negat lectionem ac si diceret:
1126 2030 1915 2073 possunt quidem hospites invitari ad convivium, sed plerisque nihile
1122 2063 1904 2101 edendum nihilque bibendum: vel si quis convictoribus suis cibo
1122 2097 1912 2133 & potus apponeret, sed ne omnes illis utantur. Legendas esse osten¬
1119 2129 1903 2170 dimus, quia Deus imperat, quia legentibus & audientibus promit¬
1122 2162 1915 2199 tit dona sua & salutem, quia ipsae Scripturae natura sua omnibus sunt,
1119 2195 1910 2237 salutares. In secunda parte responsionis negatur restrictio: nam il¬
1116 2229 1915 2266 lis gentibus sua lingua Scriptura edebatur, ut barbarie posita, inquit
1120 2260 1905 2300 Chrysostomus, melius philosophari discerent omnes. At Bellarmi¬
1119 2296 1912 2339 nus certis hominibus pauculis concedit, ne omnes philosophari di¬
1118 2328 1826 2365 scant, sed inter pauculos sint Scripturae velut sacra opertanea.
1146 2357 1913 2405 Ad tertiam partem replicamus, satis esse ad argumentum quod
1107 2390 1904 2442 lingua Graeca & Latina fuerint communissimae, quia etiam vulge
1108 2434 1326 2466 communes erant.
1144 2459 1905 2495 Ad quartam partem replicamus, satis itidem esse ad argumentum
1119 2496 1900 2536 nostrum, quod Chaldaica versio sit paraphrasis, quia perscripta es¬
1114 2525 1901 2563 lingua vulgari Genti Chaldaeorum, & communi finitimis multis
1111 2560 1367 2606 ideoque publice nota
1136 2594 1906 2635 SEXTUM. Pontifex Rom. Innocentius III. ipsemet libro primo,
1110 2623 1900 2666 decretalium Gregorii IX. titulo trigesimo primo de officio Judici:
1123 2663 1903 2699 ordinarii, capitulo Queniam in plerisque, quod est numero decimum
1128 2691 1907 2730 quartum, praecipit, ut, cum in aliqua urbe permisti sunt diversarum
1108 2723 1897 2763 linguarum homines, Episcopus provideat ut viri idonei diversis lin
1122 2765 1909 2802 guis divina officia celebrent & Ecclesiastica Sacramenta ministrent,
1113 2795 1898 2838 instruendo eos verbo pariter & exemplo. Similiter Papa Rom. con¬
1115 2823 1907 2865 cessit Cyrillo & Methodio, ut lingua Sclavonica Moravis divina offi¬
1108 2865 1901 2897 cia celebrarent, quemadmodum refert AEneas Sylvius de Bohe¬
1107 2895 1814 2939 morum origine: Ergo Sacra linguis vernaculis celebranda,
1140 2930 1898 2968 Respondet B. llarminus. Primo Innocentium tantum loqui in eo
1114 2964 1910 3004 capitulo de lingua Graeca & Latina, non de linguis vulgaribus, alio¬
1114 2986 1898 3035 quin hoc decretum etiam fuisset in Italia obseivatum, in qua offici:
1113 3027 1897 3069 Latine celebrata fuerunt, cum tamen vulgaris lingua Italorum non
1114 3055 1896 3097 sit Latina. Secundo causam fuisse justam, cur Moravis Aposto
1108 3090 1901 3134 lica sedes concesserit lingua Sclavonica officia celebrare. quia
1117 3129 1904 3165 nimirum totum regnum simul convertebatur ad Christianisimum,
1117 3153 1899 3201 & non poterant reperiri tot ministri, qui Latine celebrarent: postes
1117 3191 1892 3235 autem, ubi crevit cruditio, melius fuisse Latine sacra peragere, ut et
