2063 3442
273 180 1087 229 Hebraei manumittebantur: ut esset typus & praedictio vindiciarum
277 232 1057 274 & manumissionis e servitute peccati & diaboli per Christum Do¬
273 258 646 303 minum, Lev. 25. Luc. 4. v. 18, 19.
333 299 1007 355 Tantum de temporibus sacris veteris Testamenti.
303 366 1064 406 Tempora sacra Novi Testamenti sunt quae cultui divino inte¬
264 402 886 441 Christianos destinata sunt, tum publice, tum privatim
310 429 1062 474 Publite, in conventu commmuni fidelium in Christi nomine con¬
273 468 1060 515 gregatorum concorditer, ad alendam fidei consensum inter ipsos pe¬
272 509 1070 541 praedicationem verbum Dei & usum Sacramentorum, & exhiben¬
265 541 1060 585 dum unanimiter cultum Deo debitum in sacrificio gratiarum actio¬
261 570 635 614 nis, precum & eleemosynarum
303 604 907 639 Tempora illa vel in dies festos incidunt, vel alios dies
297 629 1065 674 Dies festus Novi Testamenti vel hebdomadarius est, vel anniver¬
256 661 332 717 sarius
303 684 1070 740 Hebdomadarius, est DIES DOMINICUS, qui & Solis dies
265 729 1066 770 dicitur, qui est primus cujusque hebdomadae dies, quo Christiam
261 765 1067 815 communiter ordinarios conventus agunt, ad exercendum una publi.
264 805 889 843 cum cultum Dei, Act. 20. v. 7. 1. Cor. 16. 2. Apoc. I. 16.
299 831 1057 877 Dies hic Christianis status est, de quo Iustinus Martyr in Apolo¬
268 869 1064 915 gia secunda pro Christianis ad Imperatorem Antoninum Pium pa¬
261 912 1034 956 gina septuagesima- septima: & Plinius in epistola ad Trajanum.
297 940 1064 979 Celebratur autem Dominicus dies a nobis Christianis propter
265 970 1070 1012 has causas. 1. Ut nos admoneat. hunc primum diem esse, quo DEUS
255 1000 1070 1040 lucem e tenebris splendescere jussit, non tantum ut illa mundum illu¬
259 1037 1064 1081 straret & diem efficeret, sed etiam ut figura esset lucis notitiae gloria
260 1072 1079 1112 Dei in facie Iesu Christi, 2. Corinth. 4. vers. 6. Colossens. 1. versic. 12,
260 1105 290 1153 I3
283 1125 1073 1178 2. Ut perpetuo revocet nobis in memoriam Dominicae resurre¬
262 1170 500 1210 ctionis beneficium.
293 1189 940 1244 3. Ut credentes intelligant se Legis jugo liberatos esse
297 1235 1059 1289 4. Ut sit discrimen inter nos Christianos & Judaeos, Legi etiam
254 1270 542 1313 num, sed abs re addictos
294 1300 1076 1346 Dies festus Novi Testamenti anniversarius est festum vel Christi,
257 1337 467 1380 vel Spiritus Sancti
292 1367 1070 1404 Festum Christi, est quod a Christianis in honorem Salvatoris no¬
253 1402 1067 1454 stri Iesu Christi celebratur, repetitione & sancta recordatione praeci¬
254 1439 875 1486 puorum beneficiorum abipso Ecclesiae praestitorum
291 1469 1066 1516 Estque tum festum nativitatis Christi, tum circumcisionis Christi.
261 1513 1087 1550 tum Paschatis Christiani, id est, passionis & mortis, & resurrectionis:
257 1537 738 1577 Christi, tum adscensionis Christi ad coelos
282 1564 1072 1612 De festo Paschatis Christiani olim gravissima mota fuit contro¬
264 1604 1061 1642 versia, de qua Eusebius Historiae Ecclesiasticae quinto libro, capit,
262 1645 1063 1676 vigesimo-tertio & duobus sequentibus. Alii festum Paschae die 14.
262 1676 1064 1719 mensis primi celebrabant, alii die Solis. Qui die 14. primi mensis il¬
264 1707 1067 1751 lud celebrabant, ob hanc solam causam immerito sunt haeretici ju¬
249 1740 550 1781 dicati & excommunicati
298 1764 1063 1810 Festorum dierum observatio in initio primitivae Ecclesiae Chri¬
249 1805 1067 1845 stianae fuit adiaphora seu indifferens & libera: ideo dissidium & con¬
252 1845 1069 1881 tentio propter celebrationem illorum moveri non debuit, aut nunc
259 1873 332 1916 debet.
291 1908 1076 1949 Festum Spiritus Sancti, est festum Pentecostes, quo recolitur me¬
259 1939 1043 1984 moria missionis Spiritus Sancti e coelo in Apostolos, Actor. 2. 1.
318 1982 1003 2037 Haec de temporibus sacris in dies festos incidentibus.
299 2047 1060 2100 Tempora sacra alia vel in singulos dies incidunt, vel in dies precun¬
256 2085 380 2138 indictivos.
291 2125 1061 2168 Singulis diebus, si fieri potest divini cultus causa vel semel, maxime
258 2157 1060 2202 tempore matutino vel saepius convenire fidelibus molestum esse non
253 2193 339 2236 debet:
289 2221 592 2273 I. Quia id utile ipsis est
279 2256 1064 2309 II. Quia idem veteres Christiani factitarunt, Act. 1. 14. & cap.
256 2292 443 2338 2. v. 46. & 5. 42.
286 2324 1061 2373 In quibusdam Ecclesiis reformatis etiam in festis nuptialibus &
256 2348 1072 2402 deductionibus funerum horae destinatae sunt certae concionibus nu¬
256 2396 655 2442 ptialibus & funebribus audiendis
291 2423 983 2466 Dies precum indictivi, vel ordinarij sunt, vel extraordinarii.
289 2458 1064 2515 Ordinarii, sunt qui stato die singulis hebdomadibus observan¬
255 2505 293 2536 tur.
291 2522 1086 2569 Perinde autem est quis dies sit praeter Dominicum; sive Martis,
249 2558 1075 2600 sive Mercurii, sive Jovis, sive Veneris: nam hac in re libertas cuique
261 2597 512 2643 Ecclesiae permissa est.
291 2618 1058 2673 Extraordinarii, sunt qui singulari aliqua necessitate publica exi¬
257 2665 1066 2712 gente extra ordinem consensu Ecclesiae indicuntur: ut si periculum
247 2701 1073 2741 aliquod commune immineat, si expeditio bellica instituenda, si pax¬
252 2740 871 2774 cum hoste ineunda, si Magistratus novi creandi, &c.
300 2773 1028 2834 Haec de temporibus saeris publico cultui divino in No¬
488 2814 836 2874 vo Testamento destinatis.
286 2861 1058 2906 Privatim colitur Deus quotidie sive cum familia & domestica Ec¬
251 2899 1064 2941 clesia, sive seorsim, tum statis horis, nempe matutina, ante & post pa¬
248 2933 1058 2978 stum, vesperi, ante noctem vel etiam noctu: tum quacunque hora
257 2969 1070 3016 qua vel necessitas impellit vel Deus devotionem gratiose excitat ad
255 3005 1070 3041 sacras literas legendas, meditandas que & ad invocationem Dei reli¬
249 3035 754 3080 giosam vel seorsim vel cum reliqua familia
289 3061 1073 3106 De festis diebus inter nos & Papistas sunt controversiae. Nostram
261 3092 812 3138 sententiam sequentibus thesibus proponimus
288 3127 1055 3170 I. Festi dies natura & per se non sunt sanctiores aliis diebus: id
253 3167 1055 3203 eo discrimen dierum praecise & necessario observare Christianis non
255 3204 1058 3235 est necesse, maxime cum per Christum liberati sint ab onere cere¬
249 3233 1061 3278 monialis Legis, sed observatio dierum. quasi alius alio sanctior per se
1129 181 1932 238 esset & ad cultum Dei aptior, est superstitiosa. Hoc intelligi potest et
1123 220 1928 264 his dictis: Roman. 14 vers. 5, 6. Alius quidem aestimat diem prae die
1123 263 1935 303 alius autem peraeque aestimat quemvis diem. Vnusquisque in animo suo.
1129 290 1925 330 plene certus esto. Qui curat diem, Domino curat: & qui non curat die
1126 323 1933 362 Domino non curat. Coloss. 2. vers. 16, 17. Ne quis igitur vos damnet
1135 356 1925 400 ob cibum vel potum, aut respectu festi, aut novilunii, aut Sabbathorum
1131 388 1778 430 Quae sunt umbra rerum futurarum; at corpus est Christi
1155 425 1935 465 II. Ista propositio Bellarmini: Non teneri sideles diebus festis
1124 458 1934 507 ex praecepto peculiari ad non peccandum, sive ad actum contritionis:
1136 491 1607 532 vel dilectionis Dei; est impia ac nefaria.
1146 519 1931 571 III. Ecclesia non potest ad observationem certorum dierum
1126 539 1499 594 festorum conscientias obligare.
1149 583 1933 634 IV. Festa & vigiliae in honorem & cultum religiosum sancto¬
1128 619 1944 675 rum sive Angelorum sive hominum a Christianis institui, consecrari
1122 656 1405 694 & celebrari non debent.
1161 676 1936 739 Contra Papistae committunt idololatriam in celebratione festo¬
1132 730 1933 770 rum in honorem Angelorum creatorum & sanctorum demortuo¬
1124 761 1940 804 rum. Nam primo soli Deo hoc debetur, ut in ejus honorem festi dies
1128 797 1925 839 celebrentur, quemadmodum certum est ex omnibus festis veteris &
1129 829 1931 873 novi Testamenti, quorum Scriptura meminit: Festum enim Pa¬
1126 860 1931 902 schatis, festum Pentecostes, festum Tabernaculorum in solius DEI
1121 888 1935 938 honorem celebrabatur, sic in novo Testamento dies Dominicus: nec
1137 928 1924 966 potest ex Scriptura proferri dissimile exemplum ullum. Tum necit
1135 961 1931 1002 vetere nec novo Testamento exstat praeceptum Dei ullum de festo.
1122 998 1927 1034 die ulli sanctorum demortuorum dicando; nec in veteri, nec in nove¬
1119 1027 1925 1069 testamento exstat ullum diei festi cuipiam sancto vita functo conse¬
1122 1064 1937 1107 crati exemplum: non festum ullum fuit Abrahami patris fidelium;
1123 1099 1925 1136 non Mosis excellentissimi servi Dei: non Samuelis Deo gratissimi
1135 1134 1926 1176 non Davidis qui fuit Rex secundum cor Dei: non Jesaiae, non Jeres
1125 1164 1925 1211 miae, non Ezechielis, non Danielis Prophetarum Dei: non Stepha¬
1119 1203 1923 1239 ni protomartyris post adscensionem Christi in coelum: non Jacobi
1134 1236 1931 1272 quem Herodes occidit, nec denique ullius sancti demortui. Hinc pri¬
1122 1263 1930 1299 mitiva Ecclesia Christianorum festa in honorem Mariae, Apostolo¬
1134 1301 1921 1343 rum & Martyrum habuit nulla: sed posterioribus demum seculis al
1133 1333 1568 1367 idololatricis hominibus sunt inventa.
1161 1365 1928 1409 Secundo, Quia Papani majorem tribuunt sanctitatem dieb. festis
1134 1400 1930 1441 quam aliis diebus; contra Paulum dicentem Galat. 4. vers. 8, 9, 105
1129 1436 1918 1475 II. Tum quidem ignorantes Deum, serviebatis iis qui natura non sum
1125 1466 1925 1503 dii. At nunc quum cognoscatis Deum, imo potius cogniti sitis a Deo
1142 1500 1927 1535 quomodo convertitis vos retrorsum ad infirma & egena elementa, quid
1133 1533 1934 1575 bus ad superiora regressi servire vultis? Dies observatis & menses &
1134 1564 1900 1603 tempora & annos, Metuo de vobis, ne frustra fatigatus sim apud vos.
1152 1597 1937 1650 Tertio, quia sibi persuadent, propter sanctitatem diei festi, Missas
1127 1630 1723 1674 & alia opera esse gratiora Deo, quam aliis diebus.
1170 1665 1925 1716 Quarto, quia putant opera quae sesto die sanctis praestant, esse cul
1120 1698 1331 1744 tum Deo gratum
1161 1732 1937 1774 Quinto, quia tribuunt festis vim per quam salutem, protectionem:
1125 1764 1936 1805 & vitam aeternam homines consequantur. Sic enim canunt vel orant
1125 1800 1922 1840 in vigiliis Apostolorum, ut est in Breviario Romano in Commun
1132 1835 1934 1873 Sanctorum: Da Deus, &c. ut veneranda solennitas devotionem nobis.
1128 1873 1929 1911 augeat & salutem: Sic in communi plurimorum Martyrum: Eta¬
1128 1901 1928 1948 torum martyrum pariterque Pontificum, N. & N.nos, quaesumus Domi¬
1124 1937 1922 1970 ne, festa tueantur: Item: Da ut per haec festa, aeterna gaudia consequa
1122 1973 1928 2010 mur. Contra Petrum Apostolum dicentem de Christo, Actor. 4. ver.
1117 2005 1931 2045 1, 12. Hic est lapis ille pro nihilo habitus a vobis aedificantibus, qui fa¬
1129 2037 1923 2071 ctus est caput anguli. Nec est in alio quoquam salus: nec enim aliud no¬
1128 2070 1928 2114 men est sub coelo quod datum sit: inter homines, per quod operteat nos
1115 2102 1211 2145 servari.
1164 2125 1936 2178 Sexto quia putant, sanctos quorum festum celebrant, suis cultori¬
1132 2171 1750 2209 bus adesse suis patrociniis, magis quam alio tempore
1164 2205 1925 2234 Septimo, quia putant gravius peccare, qui festo aliquo die agrum
1125 2236 1928 2276 vel hortum coluerit, vel opus aliud domesticum vel rusticum quan¬
1138 2267 1934 2304 umvis per se honestum fecerit, quam qui ipsa Dei mandata trans¬
1135 2311 1931 2350 grediuntur. Nam opus rusticum vel domesticum festo aliquo die fa¬
1131 2338 1925 2386 cientes puniunt: interim indulgent, si quis eodem die perpotet, ine¬
1129 2370 1702 2410 brietur, choreas ducat, lasciviis & ludis indulgeat
1162 2398 1928 2442 Octavo, quia praecipuam sanctificationis festorum partem collo¬
1123 2443 1925 2477 cant in celebranda atque audienda missa solenni in honorem sancto¬
1135 2474 1922 2513 cum quorum festa obeunt: suffitum praeterea faciunt idolis, genicus
1135 2499 1931 2540 ationibus ea venerantur frequentioribus quam alias: ossa & reli¬
1129 2533 1920 2588 quias sanctorum veneranda atque osculanda exzonunt: superstitio¬
1123 2565 1916 2610 sas processiones instituunt, quibus vel templum vel partem utbis cit¬
1120 2608 1925 2647 cumeunt, praelatis idolis, eorumque signis & vexillis, cereisque ac¬
1122 2641 1928 2676 censis: sanctos demortuos invocant, loco precum ad Deum: puo E¬
1122 2675 1916 2715 vangelio Iesu Christi, mendaces legendas fabulasque sanctorum
1118 2706 1928 2747 compositas ad oblectandum vetulas & infantes, populo proponunt:
1119 2741 1928 2785 pro hymnis & psalmis vernaculo sermone decantandis, boant & bar¬
1125 2773 1928 2811 tiunt, cantantque lingua incognita, ad nullius aedificationem: pro so¬
1125 2806 1925 2846 no verbi Dei, autes titillant instrumentis Musicis, sicut apud Danie¬
1126 2839 1925 2882 lem factum citea cultum statuae a Nebucadnetzare crectae: loco cle¬
1134 2865 1925 2915 mosynarum pro pauperibus, sacrisiculi pro se stipem colligunt: ad¬
1135 2898 1929 2948 ungunt herbarum, fructuum atque aliaruus terum exoreismos, &
1126 2931 1920 2982 benedictio nem: sepulchra sanctorum visitant: & ne quid desit eo
1120 2961 1920 3010 rum, quae in festo Bacchi Gentiles inaxime Romani adhibere sole¬
1126 2998 1920 3051 bant, solemnia convivia instruunt, largas compotationes instituunt.
1147 3033 1897 3082 choreas item insanas atque impudicas ducunt: & haec omnia
1248 3067 1784 3114 in honorem illius sancti, cujus festum agunt
1417 3103 1635 3147 cedere existimant.
1281 3148 1759 3216 Haec de temporibus sacris: sequitur
