2063 3435
369 179 790 234 CAPUT XXXVI.
317 231 829 301 In quo de altaribus & mensis sacris.
176 291 967 347 TNSTRUMENTA cultus divini alia fuerunt in veteri Testamen¬
210 335 982 386 to: alia sunt in novo. In veteri Testamento fuere multa, in quibus
210 365 623 409 humerantur altaria & mensae sacrae
210 397 970 441 ALTARE proprie loquendo, est instrumentum sacrum, ex terra
174 433 971 474 aggesta vel lapidibus vel alia materia a terra in altum esevatum, ut in
183 465 445 507 co sacrificium offeratur
213 501 977 550 Duo autem altaria Moses exstruxit: unum, thysiasterium: alte¬
174 532 404 575 rum thymiaterium
207 570 974 606 ALTARE THVSIASTERIUM, etat in quo victimae ado¬
174 596 964 638 lebantur ut esset illustris imago & figura Christi crucifigendi, in qui
177 636 973 673 peccata nostra omnia expianda erant: quod & altare sacrificiorum,
180 674 971 715 item synecdochice altare holocausti dicitur: & describitur Exod. 20.
181 707 319 743 v. 24, 25, 26.
210 709 962 771 Causa ejus efficiens princeps, fuit Deus, cujus jussa & principali au¬
175 764 965 802 toritate altate illud factum a Mose Duce populi Dei, ut a causa ad
182 804 971 846 ministra ac famulante, Cujus causae utriusque consideratio magnum
178 830 320 874 usum habet.
207 859 967 902 I. Quemadmodum voluntate Jehovae factum fuit altare sacri¬
174 893 971 936 ficiorum: ita etiam voluntate Jehovae Christus non tantum natus
182 932 671 970 sed etiam passus, crucifixus & mortuus est.
214 961 974 1002 II. Ut Moses altate sacrificiorum fecit: ita eodem altari Israe¬
180 995 965 1038 litis paedagogus ad Christum fuit. Quid enim aliud altari illo specta
189 1029 968 1068 cit Moses, quam ut populum Dei ad Christum passurum, crucifi¬
183 1061 971 1091 gendum & moriendum quasi manu duceret? In altari enim illo vi¬
178 1102 977 1138 ctimae offerebantur Deo. Moses ergo fideles duxit ad Christum tum
174 1127 575 1169 oraculis, tum typis & figuris variis
201 1157 999 1201 II. Quod ad cultum DEI pertinet, a DEO mandatum sit ne¬
180 1191 276 1234 cesse est.
204 1222 965 1266 IV. In religione non humana autoritas, sed divina voluntas at¬
174 1268 970 1304 tendenda. Quantacunque enim sapientia ac sanctitate praediti sin¬
174 1292 962 1332 sint homines, quibus Deus in cultu suo instituendo usus est aut uti¬
171 1325 969 1363 tur: tamen solus Deus est Ecclesiae legislator. Exemplo sit Moses.
175 1360 977 1403 cujus insignis fuit sapientia ac sanctitas; in religione tamen non ipsi
184 1398 727 1433 autoritas, sed sola voluntas divina sequenda fuit
210 1421 974 1465 V. Principis Reipublicae officium est constituere publicum re¬
175 1456 974 1498 ligionis exercitium, sed ita ut meminerit, se Dei tantum ministrum
177 1497 961 1533 esse in religione constituenda. Ac proinde in illa solius Dei manda,
180 1529 967 1567 tum indubitato verbo Dei traditum, quod nunc in sola Scriptura sa¬
177 1559 977 1595 cra continetur, sequi debet. Id docet exemplum Mosis, qui quum
189 1591 964 1628 princeps populi Dei & rex in Jeschurune esset, religionis formam
180 1629 974 1667 publicam constituit, sed tantummodo ex voluntate Dei, quam prae¬
184 1655 969 1704 cise sequutus est Graviter ergo peccant illi Principes & Magi¬
180 1689 967 1730 stratus, qui in religione constituenda non Dei praescriptum, sed Papa
175 1721 964 1762 Romani libitum, aut uxorum, aut horum vel illorum theologastro
181 1764 977 1799 tum consilium & suasionem pro regula sibi proponunt. Operae pre¬
174 1789 974 1838 tium igitur Principes & Magistratus fecerint, si ipsimet in Scripturis
183 1820 854 1859 Sacris voluntatem Dei veritatemque ejus scrutari fuerint.
225 1854 974 1895 Materia ex qua altate holocausti constabat erat primo quidem
187 1886 964 1928 quum Ecclesia populi Israelitici in deserto adhuc versaretur vel ter¬
180 1926 968 1958 ra, vel lapidum incultorum congeries: exstructo autem templo a Sa¬
183 1952 968 1987 lomone, ex aere factum erat, 1. Regum 8. versicul. 64. & 2. Chronic.
188 1987 976 2026 7. versic. 7. instrumenta ejps erant ex aere, Exod. 27. vers. 2 & sequen¬
184 2018 260 2058 tibus:
219 2048 983 2090 In deserto quidem & postea ante templi exaedificationem e terra
183 2082 970 2125 erat altare vel ex lapidibus incultis constructum, ut eodem tempore
183 2116 965 2154 quo populus Israeliticus pedem moturus esset, dejiceretur altare il¬
183 2148 978 2186 lud, aut per se collaberetur, ne aut abusui aut superstitioni posteris
178 2179 977 2222 serviret. Sed quum locum fixum cultui suo Deus Jerosolymis desi¬
177 2213 637 2265 gnasset, altare sacrificiorum aereum fuit.
220 2246 664 2293 Hinc subjecta documenta colligenda:
215 2281 973 2317 I. Sicut altate sacrificiorum initio e vili constabat materia: ita
187 2310 980 2355 Christus in carne exhibitus vilis & contemtus coram hominibus fuit.
190 2353 968 2386 corpus habens terreum sicut & nos. Sed ut altare sacrificiorum dein
181 2379 980 2418 ceps aeneum erat: ita Christus licet imbecillum corpus habuerit, for¬
180 2413 985 2451 tissimus tamen fuit ad sustinendam iram Dei pro nobis propter suam,
190 2444 295 2488 Deitatem
217 2476 973 2521 II. Instrumenta & media externi cultus Dei vilia & abjecta,
179 2511 970 2549 esse possunt coram oculis humanis: sed placent Deo & placere atqui
183 2577 973 2612 tem. Ut enim altate sacrificiorum e re vili, nempe terra aut lapidibus
184 2608 977 2648 incultis constabat & tamen sacrificia ex fide in Christum in eo obla¬
178 2545 999 2580 sufficere nobis quoque debent propter Dei mandatum & autorita¬
186 2643 979 2685 ta Deo grata erant: ita in novo Testamento instrumenta & mediae
181 2676 968 2711 externi cultus Dei tenuia & vilia vult adhiberi, aquam in baptisme
192 2712 965 2745 panem & vinum in Coena Dominica: ne quis putet efficaciam mi
190 2741 979 2783 nisterii Ecclesiastici a mediis externis potius, quam a gratia DEI
183 2773 280 2818 pendere.
216 2797 977 2841 III. Externum cultum Dei non commendat nec acceptiorem.
184 2832 969 2885 Deo reddit autum aut argentum, aut gemmae aliaeve res pretiosa
189 2876 971 2917 non templa sumtuosa, non Basilicae memoriae, quas Deus non requi
181 2909 968 2945 sivit a nobis: sed obsequium sincerum ex fide vera. Externa ornamer
183 2940 979 2972 ta, quae possunt & solent animos hominum ab interno & vero culti
184 2972 976 3016 Dei avertere, Deus parvifacit: Non igitur vasa & pocula autea in cul
192 3005 594 3047 tu Dei requirenda, sed corda fidelia
210 3031 982 3073 IV. Ut altare sacrificiorum voluit Deus esse temporarium, quia
190 3071 980 3114 terreum vel ex lapidibus impolitis, quod migranti populo Israelitico
189 3105 985 3138 ex una statione in aliam non relinquebatur, sed dejicebatur, aut per¬
183 3136 999 3178 se collabebatur: Ita Christus gratia reconciliationis non est extra
192 3166 624 3218 Ecclesiam, nec extra eani quaerendus,
1065 157 1832 204 V. Si altare sacrificiorum terreum vel lapideum dejici Deus.
1031 194 1829 233 voluit, stationem suam alio transferente Ecclesia Israelitica, ne alta¬
1030 229 1829 272 re sic relictum in abusum aut superstitionem converteretur: multo
1033 265 1834 307 magis ceremoniae vel res ab hominibus inventae aboleri debent, si
1029 297 1454 340 quis illis ad superstitionem abutatur.
1065 333 1825 374 Altate holocausti tantummodo unum esse debebat: sic enim Je¬
1023 363 1820 399 hova ait; Exod. 20. versic. 24. ALTARE e terra facito mihi: non di¬
1029 404 1819 433 cit Plurali numero altaria, sed numero singulari altare, ut fideles in¬
1031 434 1826 470 telligerent, unico altari sacrificiorum se contentos esse debere. Unde
1029 464 1819 501 Deus per Prophetas quaeritur de populo suo, Oseae 8. versic. 11. Mul
1029 500 1823 535 tiplicavit Ephraim altaria ad peccandum, factae sunt ei arae in delictum
1029 529 1831 567 Ita CHRISTUS, qui veritas est altatis sacrificiorum, unicus est, in¬
1038 563 1835 608 quo crucifixo omnium fidelium peccata sunt expiata & illi Deo re¬
1030 592 1831 638 conciliati: Nec est in alio quoquam salus, nec enim aliud nomen est sub¬
1023 633 1832 669 coelo quod datum sit inter homines, per quod oporteat nos servari, ut
1029 660 1820 697 Petrus Apostolus Actor. 4. versicul. 12. ait: & capite 10. versicul. 42.
1039 694 1833 733 13. Mandavit nobis (nempe Deus) ut praedicemus populo, & cum te¬
1035 730 1829 769 stificatione denunciemus eum esse, qui definitus sit a Deo judex vivorum
1023 761 1826 801 ac mortuorum. Huic etiam omnes Prophetae testimonium dant, remissi.
1026 796 1831 831 onem peccatorum accepturum per nomen ejus quemvis qui crediderit
1016 827 1831 863 in eum. Quod & Paulus Apostolus confirmat, quum ait Roman. 5.
1038 860 1828 894 persic. 15. gratia Dei & donatio per gratiam, quae est unius illius homi¬
1023 890 1835 926 nis Iesu Christi, in multos exundavit. Et v. 17, 19. Etenim si per unam
1035 932 1826 965 offensam mors redundavit per unum, multo magis ij qui exundantiam
1038 960 1836 993 illam gratiae & doni justitiae recipiunt, in vita regnabunt per unum Ie¬
1035 992 1825 1028 sum Christum. Sicut enim per inobedientiam unius hominis, peccatore.
1020 1030 1825 1073 constitati sunt multi: ita per unius obedientiam, justi constituentur
1023 1060 1097 1101 multi.
1058 1091 1837 1132 Altate holocausti in introitu tabernaculi stabat: ut intelligerent
1023 1115 1829 1178 fideles, neminem posse ad Deum Patrem accedere, nisi per CHRIA
1036 1161 1119 1202 STUM.
1060 1189 1838 1235 ALTARETHYMIATERIUM, erat in quo suffitus ex odo¬
1033 1222 1838 1259 ramentis fiebat: quod etiam altare thymiamatis, & altare suffitus di¬
1035 1261 1826 1298 citur. Erat imago Christi, in quo solo preces nostrae in conspectum
1032 1289 1760 1331 Dei adscendunt, ceu suffitus incensus in odorem suavissimum
1066 1322 1832 1364 In novo Testamento altaribus corporalibus opus non est amplius,
1032 1348 1832 1410 sed altare nostrum spirituale est, nempe Christus Dominus, Heb. 13.
1036 1389 1113 1431 vers. 10.
1062 1420 1837 1467 MENSA in tabernaculo Mosaico & templo Jerosolymitano, in¬
1038 1454 1835 1497 qua panes propositionis quotidie Deo offerebatur, erat itidem typus
1032 1492 1829 1529 Christi, & ostendebatur, in solo Christo Ecclesiam membtaque ejus
1023 1524 1837 1562 singula ali, nutriri, educari, & se in conspectu Dei constanter & inde¬
1033 1554 1203 1597 sinenter sisteres
1056 1587 1841 1630 In novo Testamento Christiani & antequam templa habuerunt &
1030 1622 1841 1672 ex quo templa habere coeperunt, unicam tantum mensam Domini,
1042 1659 1835 1701 quae altare μεογυμικώς dicitur, in quolibet oratorio seu templo habe¬
1038 1691 1840 1730 bant, ut unum esse omnium fidelium Christum profiterentur. Sic ait
1033 1726 1832 1762 Ignatius Martyr epistolam ad Philadelphienses. Vnum actare omni eo¬
1026 1763 1835 1802 clesiae. Et Eusebius Historiae Ecclesiasticae libro decimo, cap. quartos
1026 1786 1829 1826 de magno illo templo constructo a Constantino Magno, Augustum
1034 1823 1843 1865 (inquit) ingens, & unum altare. Rationem adfert Chrysostomus in
1033 1857 1843 1898 secundam epistolam ad Corinthios, homilia decima-octava: Omnes
1032 1888 1842 1936 tanquam domum unam, sic Ecclesiam habitare, omnes ut unum corpus
1032 1917 1843 1961 ita affectos esse convenit: quemadmodum videlicet & baptiima unum
1039 1951 1828 1995 ist, & mensa una, & dentque Pater unus. Sic Gentianus Hervetus Pa¬
1038 1983 1840 2028 pista, In Graecorum templis, inquit, unum tantum est altare. Et in tota
1030 2021 1832 2062 Graecia & Italia antiquam Christianorum templorum structuram
1033 2051 1828 2094 unum tantum altare pati animadvertas: quod ab omnibus antiqua¬
1036 2085 1828 2127 riis observatum. Et sicubi plura jam visuntur, extrinsecus advenerunmt,
1038 2114 1834 2158 Quin & de hodiernis Ecclesiis Graecae religionis Sigismundus Baro
1032 2149 1835 2194 ab Herberstein in Commentariis rerum Moscoviticarum sccibit; Ia
1036 2180 1841 2225 singulis templis unicum est altare. De Abyssinis Franciscus Alvarea
1030 2217 1755 2259 in AEthiopia cap. 11. Non est in eorum Ecclesia nisi unum altare.
1056 2246 1838 2296 Invalescente autem idololatria & crescentibus superstitionibus,
1026 2282 1831 2322 multitudo altatium in templa & loca fuit introducta Ethnicorum
1023 2314 1828 2355 imitatione: & ingruente Missarum multiplicitate, in immensum ex¬
1036 2347 1097 2383 crevit.
1072 2380 1831 2414 Committunt detestabilem Papistae idololatriam in altatium ere¬
1035 2413 1835 2454 ctione: Primo quia Angelis & sanctis demortuis altaria erigunt &
1029 2447 1829 2488 dicant. Atqui soli Deo in veteri Testamento altaria erigi praeceptum
1032 2478 1834 2522 in Scripturis, nulli vero Angelo creato vel sanctis demortuis: quiae
1032 2512 1831 2554 ara est quae testatur, pro numine id haberi, cui erigitur; ait Augustinus
1016 2545 1823 2585 Itom. 10. Serm. 6. In novo autem Testamento altaria erigi ulla prae¬
1030 2585 1826 2625 ceptum non est; quod si erigantur, Judaismus revocatur, quum altatiae
1032 2614 1829 2651 jussu Dei erecta typi fuerint Christi, in quo peccata nostra expiari de¬
1029 2648 1825 2684 buerunt, & in quo solo preces nostrae gratae sunt Deo, ceu fumus in¬
1039 2680 1823 2719 censi in odorem suavitatis. Propterea etiam in Novo Testamento
1036 2709 1817 2751 Christiani veri nullum aliud altare agnoscunt, quam Christum, de
1042 2751 1835 2790 quo altari dicitur Heb. 13. v. 10. Habemus altare ex quo non habent fa¬
1037 2779 1831 2817 caltatem edendi, qui tabernaculo deserviunt. Altate hic vocat Apo¬
1038 2806 1829 2849 stolus Christum cum suis beneficiis, his frui non licet iis, qui sub Le¬
1047 2844 1828 2882 se manent Mofaica. Patres quidem orthodoxi mensas ad quas cele¬
1035 2877 1819 2915 bratur memoria Christi pro nobis in cruce oblati, appellabant altae
1038 2910 1823 2948 ria, sed eodem tropo, quo Coenam Domini nominabant sacrificium;
1038 2942 1829 2981 quum sit memoria vel sacramentum memoriae sacrificii Christi, ut
1032 2978 1832 3017 explicat Augustinus tomo sexto, libr. vigesimo contra Faustum Ma¬
1039 3006 1820 3043 nichaeum. capite vigesimo-primo, pagina ducentesima sexagesima.
1038 3039 1834 3082 prima, ubi ait: Hujus facrificij caro & sanguis ante adventum Christi.
1041 3075 1826 3114 per victimas similitudinum promittebatur: in passione Christi per ipsa
1038 3105 1816 3146 veritatem reddebatur: post adscensum Christi per sacramentum me¬
1032 3134 1828 3172 moriae celebratur. Hinc intelligendum, quid Patribus sit, in coena Do¬
1045 3171 1831 3226 mini sacrificium offerre, nempe, sacrificium Christi in crace peractum
