2063 3392
1120 220 1859 266 TERTIO eodem libro secundo Machabaeorum cap. 2. narra:
1066 254 1856 298 tur, Jeremiam abscondisse tabernaculum & arcam sederis in quadam
1063 288 1853 329 spelunca montis Nebo, & dixisse locum illum fore occultum, done
1072 320 1856 360 Deus iterum congregaret populum suum: At haec non consentiunt
1062 386 1862 419 corum, ex quibus constat, Jeremiam non potuisse abscondere taber¬
1059 427 1863 465 naculum & arcam federis, quum fuerit in carcere usque in diem, quo
1069 456 1858 494 capta sunt Jerosolyma, ubi erat, quum caperentur Jerosolyma, ut le¬
1071 485 1853 529 gitur Jerem. 38. vers. ult. Constat item Chaldaeos omnia vel diripuis,
1059 520 1858 554 se vel concremasse vel securibus dissecuisse. Adhaec templo stante in¬
1062 553 1849 586 tegro Jeremias sanctum sanctorum ingressus non fuisset, in quod di¬
1060 585 1853 617 vino mandato nemini licebat ingredi, nisi summo Pontifici, idque
1062 616 1850 657 semel in anno: nec Sacerdotes & Principes Jeremiae infestissimi per¬
1066 651 1856 683 misissent auserre haec stante templo, quia non credebant Jeremiae, ex¬
1074 681 1855 716 fidium urbis & templi praenuncianti. Tum Judaei reversi inde a trans
1072 716 1862 752 portatione Babylonica nunquam habuerunt haec quatuor, nempe
1062 745 1858 781 arcam foderis, propitiatorium sive cherubinos illius, Urim & Thum¬
1060 781 1861 819 mim;, cum suo pectorali, & oleum unctionis, ut Hebraei omnes post
1066 812 1856 845 omnem memoriam confitentur & convenit cum historia sacra Esdre
1065 843 1852 882 2. v. 63. Nellem. 7. v. 65. & a Nicolao Lyrano quoque repetitur in
1061 874 1195 915 Machab. 6.
1119 903 1855 947 Excipit Bellarminus tria: primum, Jeremiam potuisse illa ab¬
1062 939 1856 984 scondere vel tempore Joachin seu Jechoniae, qui suasu Jeremiae Rego
1078 974 1858 1008 Nebucadnetzari se dediderat Jer. 29. vel civitate capta, quia Jeres
1074 1007 1865 1043 mias a Rege Nebucadnetzare magni fiebat Jerem. 39. Secundum;
1066 1039 1856 1071 non fuisse a militibus ablata illa, patere ex Jerem. 52. ubi minima et¬
1069 1072 1855 1109 iam enumerentur, quae sunt ablata; arcae vero, & tabernaculi nul
1080 1104 1862 1136 am fieri mentionem. Tertium, inventionem rerum a Jeremia oc¬
1064 1136 1858 1172 cultatarum vel debere fieri paulo ante Christi adventum ad judicit
1068 1169 1867 1213 um, ut velit Epiphanius in vita Jeremiae vel mystice intelligi, arcam
1078 1200 1868 1248 apparituram, id est, Christum in carne venturum in nova populi,
1071 1239 1511 1276 congregatione, ut Rupertus exponat.
1120 1272 1871 1304 REPLICATIO. Primum tota exceptio meris conjecturis con¬
1070 1358 1874 1402 chinis seu Jechoniae tempore Jeremiam illa non abscondisse, certum
1068 1396 1861 1433 est: quia aunis sex post deportationam Joachinis seu Jechoniae adhuc
1078 1431 1871 1465 fuit arca in templo Jerosolymitano, ut patet ex Ezech. 9. vers. 3. & cap.
1074 1461 1858 1497 10. vers. 1: & sequentibus, ubi indicatur, gloriam Jehovae tum adhu¬
1081 1493 1874 1530 insedisse Cherubinis scilicet super arcam federis, postea migrasse. Se¬
1078 1527 1877 1562 cundo argumentatur Bellarminus ab autoritate particulari negati¬
1071 1559 1877 1593 ve, ac proinde male: Nulla sit mentio arcae & tabernaculi Jerem. 52.
1077 1593 1877 1630 inter ea quae sunt ablata a Chaldaeis: Ergo Arca & tabernaculum
1072 1624 1874 1662 non sunt ablata. Tum mirum non est mentionem eorum nullam fie¬
1075 1661 1877 1698 ri Jer. 52. nam aerea, argentea & autea Chaldaei exportarunt Jerem:
1087 1692 1868 1732 12. 17. & sequentibus; lignea vero, ad quae pertinent arca, taberna.
1075 1720 1867 1764 culum & alia cum templo combusta sunt Jerem. 52. 13. Tertio rursu
1081 1753 1886 1799 Bellarminus conjectorem & divinatorem agit de tempore quo erat
1077 1793 1880 1832 arca iterum invenienda. Ait vel illud futurum tempore novissimo
1072 1821 1868 1863 ante diem judicij, vel jam factum esse mystice tempore adventus Chri¬
1080 1851 1873 1891 sti in carnem. Ita tantum opinatur, nihil certi affirmat, nec scit que
1080 1885 1883 1925 tempore inventio arcae fieri debuerit, ut nec propriene an mystice
1080 1916 1876 1961 inventio illa sit intelligenda. Talis est certitudo in Theologia Jesui¬
1087 1949 1882 1994 tica. Sed praeterea nititur scripto Epiphanj de vita Jeremiae, quod
1093 1983 1885 2019 seudepigraphum & supposititium esse constat. Tum ex Patribus cer¬
1083 2013 1882 2058 tam interpretationem Scripturae peti non posse, ostendit eo, quod
1092 2049 1880 2081 Patrum interpretationes dissentientes profert; aliter Epiphanius, a¬
1090 2080 1881 2115 iter Rupertus inventionem arcae interpretatur: Uter ergo sequen¬
1084 2112 1874 2146 dus? Insuper si interpretatio Epiphanj est vera & admittenda, tum
1081 2148 1879 2182 legales typi in complemento Evangelij Christianae Ecclesiae restitu¬
1080 2183 1886 2223 endae, quod Veteri & Novo Testamento repugnat, quod docet ab¬
1086 2212 1886 2250 rogari debuisse typos legales Christo eos adimplente. Sin vero Ru¬
1086 2248 1885 2282 perti interpretatio mystica est vera, quid nobis arcam illam & taber¬
1083 2274 1502 2314 naculum in specu servari oportebat:
1112 2303 1886 2342 QUA RTO eodem libro secundo, capite decimoquarto, commen¬
1083 2337 1879 2378 datur factum Raziae seu Rezaiae, qui seipsum occidit, quod fecerit ge¬
1083 2372 1889 2410 nerose & viriliter: At hoc pugnat tum Decalogi praecepto, Non oc¬
1083 2403 1547 2442 cides, nimirum nec te ipsum, nec alium.
1143 2430 1873 2474 Excipit Bellarminus, mortes Eleazari libro primo cap. 6. & Ra¬
1089 2469 1885 2510 giae libr. 2. cap. 14. narrari in Scriptura, non laudari, vel certe non
1092 2504 1880 2541 paudari quod pie & sancte fecerint, sed quod hominum judicio auda¬
1096 2535 1358 2576 cter, viriliter & fortiter
1144 2565 1877 2605 REPLIC. Eleazari factum non reprehendimus: fuit enim bel
1087 2597 1883 2638 licae fortitudinis opus. Raziae vel Rezaiae factum, ab autore libri sex¬
1086 2637 1889 2674 cundi Machabaeorum laudatur contra veritatem juris & officium hi¬
1090 2667 1895 2707 storiae, inculcando voces generose, viriliter, & miris modis Rezaiam
1099 2697 1232 2739 praedicando
1147 2732 1879 2778 QUINTO laudatur libro secundo cap. 12. Judae Machabaei prae
1101 2763 1894 2797 posterus gelus & superstitiosum factum, qui sacrificium offerre jussit
1089 2798 1895 2830 pro mortuis, & quidem sacrilegio obstrictis pollutisque; quia res ido¬
1098 2829 1895 2865 sis consecratas contra interdictum Deut. 7. surripuerant, eaque ana¬
1102 2864 1892 2900 chemata sub vestimentis absconderant, atque in illo scelere caesi per¬
1101 2896 1891 2940 perant. At Judas Machabaeus hoc nomine laudandus non fuit, qui
1113 2930 1894 2964 eus nullum sacrificium pro mortuis sieri praecepit. Quicquid au¬
1107 2959 1903 2995 rem in religione sine divino praecepto geritur, Deo displicet, & repre¬
1102 2994 1904 3030 hensionem, non laudem meretur. Tum ? θελοθρήσκείος semper omnes
1098 3028 1906 3065 in Scripturis divinis damnatae fuerunt. Deinde pro illis, qui in sacri¬
1101 3062 1910 3112 legiti ac proinde Papistis etiam concedentibus mortali peccato mora
1095 3094 1642 3137 tui sunt, dullum offerendum fuit sacrificium.
1138 3125 1905 3171 Ecipit Bellarminus tria: Primum orare pro mortuis, quos non
1098 3157 1904 3197 est certum esse in coelo, vel in gehenna, pium, & religiosum esse. Dei
1099 3195 1910 3234 inde satis esse opponere Augustinum, qui ex hoc ipso loco probet
216 212 1001 261 multi inde errores orfrentur: daemones enim formas humanas in¬
213 258 1005 292 duere possent & dicere; se hos vel illos homines esse, & a mortuis re¬
204 295 1011 332 surrexisse, & multa proinde falsa dogmata spargerent, idque ad sedu¬
207 323 1000 364 cendum & perdendum homines, ut in simili argumento pronuncia
210 359 998 398 Athanasius, libro Quaestionum ad Antiochum Principem, quaestio¬
213 388 1010 431 ne trigesimaquinta, tomo secundo Edit. Commelin. pag. ducentes.
213 423 1006 458 octoges. quarta. Adhaec nullius sancti nedum Prophetae anima arti¬
220 452 1001 489 bus diabolicis potest revocari, ut de Samuele ipso agens docet Ter¬
217 496 998 528 tullianus libro de anima, capite quinquagesimoseptimo. Similite
214 520 1001 560 Patres alij docent non fuisse verum Samuelem, velut Iustinus Mar¬
213 552 997 595 tyr libro Quaestionum & Responsionum ad Orthodoxos, quaestio¬
216 588 998 627 quinquages. secunda: Hieronymus tomo nono in Commentarijs ad
213 622 997 658 caput 6. Matthaei dicit, in Samuelis phantasmate, Pythonissam lo¬
213 648 1001 682 cutam ad Saulem: Cras eris mecum. Augustinus tomo tertio, libro
216 682 1001 715 secundo de doctrina Christiana cap. vigesimotertio, palliatum illum
208 718 1010 750 senem a Pythonissa evocatum bis vocat imaginem Samuelis. Ecdem
214 751 1010 783 tomo, lib. 2. de Mirabilibus Scripturae, capite undecimo dicitur non
213 780 1000 816 fuisse verus Samuel, qui apparuit Sauli, sed diabolus, qui se transfor¬
219 809 1010 846 mat in Angelum lucis: Quanquam libros de Mirabilibus Sacrae¬
207 851 995 883 Scripturae censet Erasmus Roterodamus non esse Augustini. Et to¬
214 877 1007 918 mo quarto, libro secundo ad Simplicianum, quaest. tertia Augusti¬
207 917 1004 948 nus ait, expeditius esse ut non vere spiritum Samuelis excitatum a re¬
214 939 1013 981 quie sua credamus, sed aliquod phantasma & imaginariam illusio¬
213 972 1010 1012 nem diaboli machinationibus factam; idque pluribus confirmat eo¬
217 1004 1004 1040 dem loco. Eadem repetit libro de octo Dulcitij Quaestionibus, quae
217 1038 1016 1075 stio. sexta. Et in libr, de cura pro mortuis gerenda, cap. 15. testis est,
219 1076 1006 1106 multis videri non ipsum Samuelem fuisse, sed Spiritum malum. E¬
222 1102 1013 1140 libro quaestionum veteris & novi Testamenti, capite vigesimosepti¬
222 1142 1017 1174 mo, negat verum Samuelem apparuisse Sauli: quamvis librum istum
228 1169 1030 1209 quaestionum Veteris & Novi Testamenti Erasmus Roterodamus
224 1209 1010 1238 non esse Augustini censeat, quod sententiae nostrae nihil obest: nam
222 1235 1014 1278 si liber iste non est Augustini, sed alterius autoris, tum praeter Augu¬
225 1265 1003 1299 stinum plures alij Doctores Eccesiastici judicarunt, verum Samuc
216 1296 1009 1342 lem Sauli non apparuisse. In ipso etiam Iure Canonico, Causa vige
213 1337 1010 1371 simasexta. Quaestio. quinta, capite Nec mirum, diserte docetur, non
219 1364 1009 1402 fuisse verum Samuelem, sed Satanam habitum Samuelis mentien
231 1396 911 1435 em. Hic igitur error in libro Ecclesiastici non est ferendus.
271 1424 1022 1466 SECUNDO, capite 48. v. 10 dicit ipsum Eliam Thesbitem ite¬
219 1461 1018 1498 rum venturum suo tempore, ad sedandum iratum judicium Domini¬
218 1494 1022 1530 furore conjunctum, ut convertat cor patris ad filium & constituat,
225 1528 1018 1563 tribus Jacobi. Atqui hoc satis arguit inscitiam autoris libri, caecu¬
228 1559 1011 1595 tientis in promissionibus de regno Christi. Nos enim ex testimonio
226 1597 1022 1641 Christi Servatoris nostri scimus, alterum Eliam, qui venturus erat,
228 1623 445 1667 Joh. Baptistam esse.
285 1657 1025 1694 LIERI MACHABAEORUM pugnant itidem cum vere canoni¬
229 1687 1010 1727 cis Scripturis. PRIMo enim lib. 1. cap. 1. respicitur ad vaticinium Dae¬
237 1722 1025 1762 nielis 9. 28. de abominatione desolationis stante in loco sancto,
225 1758 1019 1794 quasi illud impletum esset, quando Antiochus Epiphanes idolum in
221 1789 1016 1827 templo Jerosolymitano collocavit. At Christus Matth. 24. vatici
237 1822 1019 1858 nium illud asserit implendum fuisse in obsidione & destructione ur¬
235 1853 1016 1887 bis Jerosolymorum & templi. Quapropter autorem historiae Ma¬
225 1886 1021 1923 chabaeorum in vaticinio Danielis falsum esse Cajetanus Cardinalis
228 1918 1016 1959 affirmare non dubitavit in caput vigesimum quartum Matthaei. Spi¬
229 1951 1025 1989 ritus autem Sanctus nunquam falli solet in Scriptura interpretanda.
286 1983 1024 2016 Excipit Bellarminus, in lib. Machabaeorum nullam fieri men¬
238 2005 1025 2057 tionem vaticinij Danielis, sed solum idolum Antiochi vocari abomi¬
232 2049 572 2083 nandum idolum desolationis:
279 2072 1016 2118 REPLIC. Etiamsi autor Danielem non nominet, tamen ad va¬
231 2108 1027 2150 ticinium Danielis illum respexisse, verba ipsa quae adducit & apud
228 2148 1013 2178 Danielem exstant, perspicue ostendunt. Sic enim ait v. 57. Exstru
235 2180 1028 2211 xerunt abominationem desolationis super altare. At Danielis 9. 28.
237 2212 1022 2254 dicitur, per alam abominationum desolantem, etiam usque ad con¬
234 2243 1028 2286 summationem eamque praecisam, in desolatum effundetur desolatio. Si¬
228 2283 1015 2319 ad hoc vaticinium autor historiae libri Machabaeorum respexit, pro¬
234 2309 1021 2346 cul dubio erravit. Quod si autem respexit ad vaticinium Danielis ca¬
241 2340 1009 2379 I1. v. 31. & 12. ver. 11. in quo itidem mentio sit abominationis dese
238 2373 1015 2410 lantis, tum accusari erroris non potest: quanquam non idolum An
241 2404 1018 2440 tiochi quod erat statua Jovis Olympij, vt interpretatur Bellarminus
241 2440 1022 2477 sed aram abominandam, quam cultus Dei jacebat desolatus, autor hi¬
237 2470 1031 2508 storiae intellexit, ut ex v. 62. capitis primi lib. 1. Mach. constat, & a¬
234 2504 1025 2541 tam Antiochi impositam fuisse altari Jehovae, Iosephus docet libr. 12.
241 2534 505 2579 Antiquit. Judaic. cap. 7.
297 2565 1029 2606 DEINDE libro secundo Machab: cap. 1. dicitur, Judaeos in Pet¬
237 2599 1022 2641 sidem abductos: At ex libris vere Canonicis certum est, non in Pet.
235 2633 659 2674 sidem, sed in Babyloniam abductos
289 2661 1034 2702 Respondet Bellarminus, autorem libri Petsidem vocare, non so¬
232 2695 1025 2736 lum eam regionem, quae proprie dicitur Petsis, sed etiam alias finiti
243 2733 1036 2766 mas: idque patere ex lib. 1. Machabi cap. 6. ubi nuncius, qui venit in
246 2763 1036 2800 Babylonem ad Antiochum, dicatur venisse ad eum in Petsidem: Si¬
238 2798 1024 2842 militer Chrysostomum homilia sexta in Matth. dixisse, Judaeos ex ca¬
243 2833 544 2873 ptivitate Persica liberatos
294 2853 1027 2905 REPLICATIO. Novus iste Chorographus fingit Chorogra
243 2893 1039 2935 phiam qualem vult. Atqui Petsis non est Babylonia; nec Babyloni¬
241 2931 1043 2965 am complectitur: Deinde exemplum ex 1, Machab. 6. adductum, est
247 2959 1037 2998 falsum. Nam fuerat quidem animus Antiocho revertendi Babylo¬
247 2996 1032 3033 nem, sed in montanis Petsidis mortuus est, ut legitur 1. Machab: &
250 3025 1034 3063 & 2. Machab. 1. & 9. v. 28. Nuncium ergo istum in Persidem opor¬
243 3061 1049 3095 tuit pervenisse, quum ab Elimaide profugeret. Chrysostomi etiam
244 3093 1040 3127 locutio Papistas non juvat: Captivitatem enim Persicam vocat, non
250 3125 1052 3169 quod Judaei in Persidem fuissent abducti, sed quod in captivitate a
244 3156 1049 3200 Rege Persarum, qui Babylonicam Monarchiam occupaverat, ad¬
243 3189 889 3234 huc retinrebantur. Ita ludit Bellarminus homonymia,
