2063 3444
231 148 1015 201 V. Quia necessaria est nobis ad perveniendum ad spem nostram
199 192 1013 242 in coelis repositam. 1. Petr. 1. v. 13. Quapropter succincti lumbis men¬
199 231 1013 276 tis vestrae, & sobrij (rnφorres) ad finem usque sperate in eam quae vobis.
208 268 821 308 defertur gratiam, quum revelabitur Iesus Christus.
241 285 997 334 VI. Quia necessaria est ad praecavendas & vitandas insidias dia
207 329 1013 372 boli nos perdere cupientis. 1. Petr. 5. 8. Sobrij estote, vigilate: nam ad¬
210 370 1007 410 versarius ille vester diabolus, ut leo rugiens, obambulat, quaeren
204 397 413 451 quem absorbeat.
240 420 1013 474 VII. Quia corporis & animi bona confirmat. Conservat enim
205 459 1010 499 bonam valetudinem & formam corporis: tuetur vim ingenii, acume
204 496 1003 539 judicii, felicitatem memoriae, prudentiam, sapientiam. Flammas im¬
201 530 1009 574 purarum libidinum supprimit, totam hanc vitam castam & honestam
208 565 1001 609 reddit: summa. Sobrietas est mater sanitatis & dulcis nutricula sene¬
202 597 266 642 ctutia
252 620 994 664 VIII. Quia est aliarum virtutum servatrix: tutela castitatis: pu
198 661 1000 705 dicitiae munimentum: amicitiae & pacis altrix: criminum & vitio¬
204 697 362 743 rum fugatrix
241 718 1015 769 Sobrietati opponitur tum cupedia & ingluvies, tum abstinentia
201 763 270 804 noxia.
231 781 1013 831 Cupedia, est vitium, cum quis cibum & potum exquisitum lautum¬
213 833 995 873 que expetit, ad satisfaciendum gulae, quamvis immaturis etiam ani¬
201 865 769 901 malibus vescendum esset. Schlecrerpafftigateit.
237 895 1006 938 Caveri debet ubique, maxime vero in convictu cum superioribus.
240 926 890 965 I. Quia prohibetur a Deo, Exod. 23. v. 19. Prov. 23. v. 3.
229 959 997 1004 II. Quia plurimum nocet: facultates enim exhaurit & pauperta
196 990 491 1034 tem probrosam attrahit.
234 1025 1013 1064 Ingluvies, est vitium cum quis corpus nimis multis alimentis onerat
201 1059 1001 1105 ultra necessitatem cum bonae valetudinis laesione & detrimento, Ec¬
201 1092 356 1133 cles. 10. v. 19.
244 1124 998 1177 Atqui cibo & potu ad ingluviem non est abutendum: cibus & po¬
192 1158 722 1200 tus non sunt abusu aliquo a nobis perdenda:
239 1187 994 1235 I. Quia sunt Jehovae, ut dicitur Psal. 24. 1. Iehovae est terra & ploe
196 1234 1004 1267 nitudo ejus. Quicquid autem Jehovae est, eo ad ingluviem non est ab¬
194 1259 829 1298 utendum, id non est abusu aliquo a nobis perdendum.
243 1292 1004 1333 II. Quia sunt dona Dei, quae magnifacienda, non corrumpenda
202 1322 1010 1374 non perdenda. Quis pater aequo animo ferret, dona a se liberis suis
205 1360 473 1401 data, ab illis corrumpii
237 1391 1015 1434 III. Quia ad sustentationem & conservationem vitae humanae
198 1421 308 1466 data sunt
231 1452 655 1504 Estque duplex: voracitas & ebrietas.
226 1489 1015 1541 Voracitas, est vitium cum quis corpus nimio & nimis exquisito
198 1526 628 1574 aut immaturo cibo saginat & explet.
279 1558 506 1595 Est autem vitanda,
235 1576 1004 1633 I. Quia a Deo prohibetur in Decalogo: & repreheditur in Israe¬
204 1620 517 1667 litis, Num. 11 v. 17, 19, 20.
237 1651 1010 1706 II. Quia est noxia: nam & valetudini corporis obest atque affigit,
201 1685 548 1729 humi divinae particulam autae
234 1710 1004 1762 Ebriositas seu temulentia est vitium, cum quis nimio potu se in¬
197 1764 1001 1804 gurgitat, sive sponte sua, sive a compotoribus provocatus. Synec.
192 1781 934 1826 dochice dicitur vinolentia, 1. Petr. 4. v. 3. Metonymice ebrietas.
281 1819 628 1863 Haec summopere est vitanda,
219 1852 1001 1897 I. Quia est a Deo prohibita, Prov. 23. v. 20, 31. Luc. 21. v. 34. Ro¬
196 1891 356 1927 man. 13. v. 13.
219 1917 998 1961 2. Quia valde dedecet servos Dei, quos coram ipso ebrios com¬
192 1951 526 2002 parere quam indignum est:
234 1973 835 2024 3. Quia ebrietatis sectatores Christo sunt indigni.
234 2005 1010 2058 . Quia corda gravat tanquam onus quoddam & deprimit ne se
196 2046 563 2093 ad Deum attollant. Luc. 21. 34.
229 2080 995 2122 5. Quia impedit meditationem operum Dei nunquam non ne¬
201 2115 320 2160 cessariam.
238 2141 995 2189 6. Quia impedit seriam cogitationem de magno illo die Domi¬
195 2184 782 2224 ni, & praepatationem sui ad illum, Luc. 21. v. 34, 35.
236 2205 1006 2256 7. Quia efficit homines stupidos animo & corpore, & improvi¬
200 2244 1001 2289 dos, ut ne quidem vitae hujus pericula evitare possint, Prov. 23. versic.
201 2288 285 2326 34, 35.
232 2303 1009 2354 8. Quia impedit preces ad Deum. Ebrius enim an precabitur?
198 2348 560 2395 aut qua devotione precabitur:
234 2367 1007 2431 9. Quia accendit iras, rixas, altercationes, pugnas: in praelia tru¬
202 2412 700 2456 dit inermem, Prov. 20. v. 1. & cap. 29. v. 36.
244 2446 1015 2490 0. Quia est hostis pudicitiae, accendit libidines. Prov. 23 v. 31, 32,
201 2482 949 2523 83. ut exemplum Lothi testatur, Genes. 19. v. 33. & sequentibus,
237 2512 1000 2546 II. Quia est scandalum aliis, praesertim junioribus, seu sint Eccle¬
199 2541 994 2579 sie Dei juncti, sive non sint: & occasio illis est vel abalienandi se a ver¬
198 2581 998 2619 Ecclesia, vel non adiungendi se illi, ut exempla docent Anabaptista¬
195 2618 931 2651 rum & infidelium. Vae autem illi per quem veniunt scandala.
234 2644 1010 2689 12. Quia ludibrio exponit ebrium, ut Noachi exemplum docet,
199 2677 529 2716 Gen. 9. v. 21, & sequentibus,
230 2709 1009 2746 13. Quia illam nemo paterfamilias & frugi ferret in servo suo: &
207 2741 1003 2786 qua fronte, quam conscientia, qui servum non vult habere ebriosum
204 2784 1007 2824 ipse vult ebriosus esse? Ecce dono Dei habes servum & te habet Deus.
192 2810 1006 2850 servum. Quemadmodum vis ut tibi serviat servus tuus: ita & tu servi¬
197 2840 412 2883 re Deo tuo debes.
234 2873 1003 2909 14. Quia aeternas poenas accersit non resipiscentibus & causa est
202 2906 1001 2948 ne homo consistere possit coram Filio hominis in extremo illo die¬
211 2939 1015 2982 maxime si homo ebrius interierit. 1. Cor. 6. versic. 10. Gal. 5. 21. Luc.
205 2980 353 3019 21. 34, 35, 36.
238 2996 1000 3048 15. Quia etiam corporales poenas in hac vita attrahit, Jes. 5. vers.
202 3037 1001 3074 11, 12. ut paupertatem, Prov. 23. v. 21. delirium, unde ebrietas volun¬
204 3077 1001 3125 taria insania esse dicitur: & varios eosque saepe concatenatos mor
197 3105 244 3146 Dos
231 3126 1006 3179 16. Quia est indicium insipientiae, Proverb. 20. v. 1. Quisquis ob¬
202 3171 503 3225 errat in vino, non sapit.
1104 146 1832 202 Inprimis Principibus & Magistratibus ebrietas fugienda est:
1105 195 1723 235 I. Quia illis prae caeteris prohibetur, Proverb. 31. 4.
1102 221 1880 274 II. Quia facitut Principes & Magistratus obliviscantur legum
1095 262 1307 307 juris: Prov. 31. v. 5.
1099 290 1874 346 III. Quia inducit ad afficiendos injuria afflictos & pauperes
1071 324 1211 372 Prov. 31. v. 5.
1096 362 1887 411 Convivia ebriosorum sunt studiose fugienda: quia plerunque sunt:
1062 389 1873 435 theatra & occasio ebrietatis & contentionum: nam vino invalescen¬
1069 430 1880 471 te contentiones fervent. Huc facit quod dicitur Prov. 17. 1. Melior
1071 465 1883 505 est bucca cibi sicci, qui cum est tranquillitate, quam domus plena¬
1072 503 1554 539 mactatis animalibus in qua sit contentio.
1107 517 1871 572 Abstinentia noxia, est peccatum cum quis abstinet a cibo & potu¬
1077 555 1874 612 ive omni, sive necessario, corporis valetudinem temere affligens aut
1069 598 1882 637 ex errore haeretico, aut ex superstitione & hypocrisi, aut ex pertina¬
1074 629 1876 666 cia quadam. Qualis abstinentia fuit Severianorum qui vinum non
1066 662 1884 711 bibebant, eo quod fabulosa vanitate de Satana & terra germinasse
1065 697 1883 737 asserebant vitem, ut refert Augustinus libro de haeresibus ad Quod¬
1074 731 1873 770 vult Deum, cap. 24. Qualis fuit Encratitarum discipulorum Tatia¬
1075 762 1874 804 ni, qui vinum non approbabant, ipsum quoque diabolicum esse cau¬
1069 796 1883 837 sati, atque illos qui eo utebantur iniquos & peccatores vocitabant, ut
1066 829 1876 868 scribit Nicetas Choniates lib. 4. de haeresibus. Qualis post Christum
1078 864 1879 899 xhibitum est Judaeorum a certis cibi & potus generibus ex supersti¬
1072 895 1870 934 tione quadam abstinentium, & ex illa abstinentia justificationem co¬
1069 932 1874 971 ram Deo sibi frustra pollicentium, Coloss. 2. v. 18. 21, 22, 23. Eremi¬
1066 964 1885 1000 tae ex hypocrisi quadam vino omni abstinent: sic monachi aliique hy¬
1067 993 1885 1036 pocritae opinionem sanctitatis ex nimia abstinentia venantur. Ex
1074 1031 1870 1066 pertinacia vero peccant, qui omnem cibum & potum recusant, ut vi¬
1078 1065 1520 1108 am hanc tanto citius sibi abrumpant.
1108 1081 1871 1141 Abea differt abstinentia a certo cibi genere & a vino imperata di¬
1068 1126 1880 1173 vinitus alioquin necessitate quadam absque hypocrisi & superstitio¬
1066 1164 1876 1202 ne: qualis fuit abstinentia Israelitatum in veteri Testamento a cibis
1059 1191 1874 1242 impuris, Levit. 11. Deuter. 14. Rechabitatum a vino Jerem. 35. aegro¬
1075 1228 1882 1282 iantium aut male affectorum a certis cibis & potibus valetudinem
1071 1258 1202 1298 laedentibus.
1285 1364 1667 1424 CAPUT XXII.
1318 1432 1626 1505 In quo de Vigilantia.
1098 1508 1888 1566 PIGILANTIA, est continentia a nimio aut intempestivo so¬
1135 1554 1882 1594 mno ad hunc finem ut de Deo meditemur & in cognitione
1140 1589 1867 1627 ejus salutari proficiamus: ut orationi ad ipsum vacemus, ex¬
1056 1610 1867 1658 spectantes adventum Domini nostri Jesu Christi ad judicium vivo¬
1067 1653 1871 1698 rum & mortuorum: item ut charitatis officia quibus opus est praeste¬
1065 1685 1884 1728 mus, aut ut periculo instante una cum aliis Deum precemur, aut ut
1072 1717 1879 1761 abores vocationis nostrae necessarios obeamus. Proverb. 6. v. 6. &
1068 1745 1856 1794 seq. & 24. v. 33. Psalm. 63. v. 7, 8. Psalm. 16. 7. & 22. 3. Matth. 26. 41.
1155 1784 1445 1819 Virtuti huic studendum:
1092 1797 1875 1866 I. Quia a Deo nobis mandatur, Matth. 24. 42. Matth. 26. 41.
1056 1829 1869 1906 Luc. 21. vers. 36. 1. Corinth. 15. 34. 1. Thessal. 5. versic. 6. Psalmo 134.
1066 1877 1161 1915 versic. 13.
1083 1895 1878 1969 II. Quia comitem habet beatitudinem. Matth. 24. v. 43. & seqde
1059 1938 1243 1986 Apocal. 16. v. 15
1084 1961 1882 2033 III. Quia in ea Christus nobis exemplo praeivit, Matth. 26. 38.
1066 2011 1611 2054 tem David., Psalm. 77. 7. & 92. 2. & 119. 55, 62.
1087 2043 1871 2091 IV. Quia nos reddit comparatos ad excipiendum Christum ve¬
1055 2073 1874 2138 nientem ad iudicium vivorum & mortuorum, Luc. 12. v. 40. 1. Thes¬
1072 2106 1334 2153 . 1. & seqq. Luc. 21. 36.
1098 2125 1874 2197 V. Quia in aliis divino testimonio commendatur, ut in pastoribus
1066 2171 1871 2232 Bethlehemiticis Luc. 2. v. 8. in Anna Prophetissa Luc. 2. 37. in Nico¬
1060 2205 1257 2249 demo Johan. 3. 2.
1098 2226 1871 2290 VI. Quia utilis est, ad comparandas res vitae sustentandae neces¬
1053 2262 1276 2313 sarias. Prov. 20. 13
1101 2300 1868 2366 Vigilantiae opponitur somnolentia vitiosa, & vigiliae superstitio¬
1066 2336 1352 2376 sae, item vigiliae sceleratae
1098 2369 1859 2421 Somnolentia vitiosa, est peccatum cum quis vel nimio somno in
1071 2403 1870 2451 dulget, quo non tantum valetudo bona laeditur, sed etiam necessarii
1056 2437 1862 2484 labores officii intermittuntur: vel intempestivo somno sopitus est,
1068 2476 1868 2522 nempe quum periculo magno instante vigilandum erat: vel cum
1072 2510 1871 2563 quis voluptatibus carnalibus mancipatus secure somno se dat absque
1059 2544 1688 2585 timore Dei fideli, sic ut in Dominum intentus non sit
1156 2570 1517 2608 Vitanda nobis est omni studio:
1098 2589 1859 2652 I. Quia a Deo nobis est prohibita, I. Thessalon. 5. versic. 6. Pro¬
1066 2638 1199 2681 verb. 20. 13
1099 2653 1570 2710 II. Quia oritur ab ignavia, Prov. 19. 15.
1095 2689 1742 2748 III. Quia reddit similes infidelibus, I. Thessal. 5. v. 6, 7.
1097 2737 1861 2787 IV. Quia securum reddit hominem, no ad Christum excipien¬
1046 2765 1598 2804 dum se paret, 1. Thessal. 5. v. 2. & sequentibus
1096 2798 1862 2850 V. Quia reprehenditur a Christo in discipulis suis Matth. 26.
1071 2838 1856 2881 10, 45. Merito reprehensa fuit a nauclero in Jona Propheta Jon. 2.
1060 2870 1176 2912 versic. 5, 4.
1098 2885 1855 2952 VI. Quia ad inopiam redigit, Proverb. 6. v. 9, 10, 11. & cap. 20.
1066 2930 1232 2980 13. & cap. 23. 21.
1092 2963 1863 3017 Vigiliae superstitiosae, sunt peccatum quum hypocritae etiam neces¬
1062 2997 1849 3045 sario & licito somno tantum detrahunt ut valetudinem laedant, per¬
1062 3033 1855 3075 suadentes sibi se vigiliis suis aliquid apud Deum promerituros aut
1070 3074 1852 3124 anctitatis famam apud homines consecuturos. Quales sunt vigi¬
1060 3098 1290 3138 liae Monachorum.
1095 3116 1862 3176 Vigiliae sceleratae; sunt quum quis somnum ab oculis suis arcet, ut
1060 3157 1865 3213 deliberate & intentus esse possit in omnes occassones nocendi piis
