2063 3428
200 148 1049 194 hominibus, ut perdat iustum & innocentem, aut alia peccata quae in A
204 186 1006 223 animum induxit perpetret. Quiles sunt vigiliae hominum improbo¬
201 220 1012 252 rum, qui ut dicitur Proverb. 4.16. non dormiunt, nisi malefecerint
200 252 1016 290 & cripitur somnus illorum, nisi fecerint ut impingat quispiam. Et
210 286 1022 321 Psalm. 55. v. 10, 11. video violentiam & contentionem in civitate:
200 320 1028 364 Interdiu & noctu circumdant eam in muris ejus. Cujusmodi erant
211 355 674 399 vigiliae hostium Christi, Matth. 26. 59.
424 413 797 468 CAPUT XXIII
373 461 860 525 In quo de Pudicitia & Castitate.
204 516 1025 562 TPUDICITIA, est contumelia quae non tantum omnia externa.
215 563 1009 605 illegitimae Veneris signa tollit & abolet in nobis, ne ulla appa¬
267 588 1026 627 reant: sed etiam cordis & affectus mundi & a Venere impura
205 620 1019 659 immunis signa demonstrat, gestus, dicta & facta nostra moderando,
209 654 1019 696 aversandoque omnes delectationes visu, auditu & tactu perceptibi¬
207 690 1014 728 les, per quas appetitus impurae Veneris iritatur & provocatur in no¬
205 722 350 762 bis vel aliis.
242 753 1012 794 Castitas, est continentia ab omni coitu illegitimo & commixtio¬
212 790 1022 826 ne praeter fidem datam & contra praeceptum Dei, tum in matrimo¬
213 822 1022 859 nio, ut mundicies puritasque cordis & corporis tanquam insigne
217 860 1016 894 tum extra matrimonium, decus conservetur. Synecdochice vocatur
207 889 1017 938 in sacris literis sanctitas: nam alioquin sanctitas idem est quod ju¬
206 926 934 959 stitia universalis. Vocaturetiam sanctimonia, Rom. 6. 19, 22.
252 949 1022 994 Ea duplex est: coelebs & conjugalis: illa, extra conjugium: haec, in
207 991 318 1035 conjugic
250 1005 1017 1064 I. Quia a Deo est mandata, I. Thessal. 4. 3. Haec est uoluntas Dei
214 1057 1018 1100 nempe sanctificatio vestri, id est, ut abstineatis a scortatione. Hebr
208 1098 294 1135 12. 14.
247 1123 815 1163 2. Quia per illam Angelis sanctis assimilamur.
237 1157 1031 1211 3. Quia per illam Deo similes fimus, ad cujus imaginem conditi¬
211 1190 713 1230 fueramus, ad cujus imaginem renovamur.
237 1212 1018 1269 I. Quia ad illam exemplo suo alii sancti nos stimulant, ut Jose¬
210 1254 1028 1302 phus Patriarcha, Gen. 39. v. 8. & seqq. Paulus Apostolus, 2. Corin. 6.
217 1292 320 1332 versic. 6.
267 1310 1031 1378 Quia per illam corpus possidetur in sanctificatione & honore,
207 1357 412 1401 I. Thessal. 4. v. 4.
246 1391 889 1436 6. Quia ad illam nos Deus vocavit, I. Thessal. 4. v. 7.
246 1421 1022 1467 V. Quia illius sectatores Deum videbunt: Matth. 5. versic. &
213 1445 362 1499 Hebr. 12. 14.
252 1489 986 1530 Cum castitate pugnat simulatio castitatis & impuritas omnis.
244 1517 1025 1563 Simulatio castitatis, qualis est Monachoram, Monialium, Ponti¬
213 1555 761 1595 ficum Romanorum, & totius cleri Pontificii.
246 1589 1030 1629 Impuritas, est peccatum, quum quis contra interdictum Jehovae.
206 1621 1037 1665 se polluit quomodocunque vel alios ad libidines prostituit. Vocatur
225 1656 749 1697 iPaulo morbus cupiditatis, I. Thessal. 4. v. 7.
255 1688 1034 1738 Estque vel illicitus concubitus cum propria uxore, vel scortatio
218 1722 494 1771 quaevis, vel lenocinium
255 1749 1022 1796 Illicitus concubitus cum propria uxore, est quum maritus cum uxo¬
217 1790 1032 1826 re alioquin justa atque legitima, coit injuste & illegitime, nempe vel
212 1828 1028 1866 quum omnino vacandum est animo comparando ad religiosam per
216 1861 1027 1896 ceptiotem verbi & mysteriorum Dei, vel tempore quo menses uxo¬
218 1894 1022 1933 ri fluunt, vel alioquin nimis frequenter, vel quum est ebrius & reple¬
213 1923 1019 1969 tus cibo atque potu, &c. sic, ut non utatur, verum abutatur uxore sua
258 1956 1023 2001 Vitati debet: I. Quia divino jure est interdictus, Exod 19. 15. Lev¬
218 1995 682 2034 15. v. 19. & sequentibus, & cap. 18. v. 19.
255 2026 1031 2062 2. Quia noxius est: nam ex concubitu cum menstruata uxore
213 2056 1033 2101 nascitur proles leprosa, aut alioquin morbosa: & ex nimis frequenti
226 2092 442 2136 coitu nascitur mola
250 2130 1030 2167 3. Quia vitatus fuit etiam ab honestioribus Ethnicis: ut Zeno¬
215 2156 1027 2199 bia Palmyrenorum regina amans erat Qdenati mariti sui, sed ob
222 2194 1024 2234 matrimonii finem liberos, quos ut concepisset, ltangi a marito mor
219 2225 331 2267 abnuebat
246 2256 1025 2300 Scortationis multae sunt species: fornicatio, adulterium, stuprum.
211 2291 748 2333 incestus, raptus, mollities, sodomia, bestialitas
249 2323 1021 2364 Fornicatio, est scortatio cum persona soluta corrupta seu meretri¬
218 2364 1022 2402 ce. Concubinatus est species scortationis indifferenter omnibus ho¬
217 2387 1035 2434 minibus & clericis & laicis severe a Deo prohibitae. Ideo gravissime
213 2431 1021 2474 peccant Romani Pontifices, qui concubinatum probant, Dist. 34. c
214 2469 911 2499 Omnibus. 3. & sequente. Caveri scortatio debet solicite:
252 2489 629 2537 I. Quia divinitus prohibita es
297 2524 1026 2575 Quia est malum lubricum & vix evitabile iis qui semel in il¬
223 2563 772 2598 lud barathrum ingressi sunt, Proverb. 23. v. 27.
243 2588 1028 2629 3. Quia illa tanquam praedator insidiatur homini, & multos red¬
225 2622 1004 2666 dit sceleratos perfidosque in Deum & homines, Proverb. 23. v. 28.
262 2655 1037 2700 I. Quia punietur aeterna exclusione regno e Dei, 1. Corinth. 6.
219 2693 342 2741 versic. 10.
261 2716 1036 2768 Et quia vitare peccata est vitare occasiones peccati, summopere a
223 2759 1034 2800 puellarum & feminarum impudicarum, blandimentis suis alios al¬
225 2792 940 2842 dicientium, colloquiis & conversatione unicuique cavendum
252 2823 1034 2867 I. Quia puella aut femina impudens blanditiis suis alios provo¬
217 2857 1044 2906 cansest quiddam amarius morte, Eccles. 7. 26. Inveni ego amarius
227 2895 1034 2937 quiddam mortes nimirum feminam illam cujus in animo sunt retia.
231 2930 1028 2967 & plagae, id est, doli, artes & technae omnis generis ad venandum, in¬
228 2963 1027 3004 escandum, decipiendum & necandum homines tanquam feras, volus
233 2993 392 3035 eres aut pisces¬
259 3014 758 3063 II. Quia miseros homines captivos agit.
260 3062 833 3103 Adulterium, est scortatio cum alterius conjuge¬
268 3090 1035 3134 Sedulo declinandum est: I. Quia a Deo est interdictum, Levit. 18.
225 3129 1029 3170 v. 20. Prov. 2. v. 16, 17. & c. 5. v. 7, 8, 20. & c. 6. v. 23, 24. 25. & cap. 7.
232 3157 366 3202 ves 24. 2.
271 3182 1035 3234 II. Quia ut nullum peccatum, ita nec adulterium Deum latere
229 3219 471 3269 potest. Prov. 5. v 21.
1105 151 1884 209 III. Quia gravia judicia Dei attrahit etiam in hac vita, Provertis
1075 190 1879 241 2. v. 18, 19. & cap. 5. v. 3. 4, 5, 6, 9, 10, 11, 12, 13, 14, 22, 23. & 6. v. 26. usqu.
1078 221 1883 267 ad finem capitis. Item cap. 7. v. 21, 22, 23. Docet id exemplum Davidis,
1105 255 1874 306 IV. Quia est indicium fatuitatis & dementiae, Prov. 7. v. 4, 5, 6, 7. 8
1107 288 1861 346 V. Quia punietur exclusione aeterna e regno Dei, 1. Cor. 6. v. 10.
1108 323 1525 371 Stuprum, est scortatio cum virgine
1106 357 1877 405 Incestus, est scortatio cum consangumea vel affine maxime in gradi¬
1077 377 1879 434 bus Lege divina vetitis. Sic incestum commiserunt filiae Lothi ex
1089 422 1883 472 parte concipientes. Cajus Caesar Caligula; cum omnibus sororibus.
1072 457 1694 498 suis stupri consuetudinem fecit, ut Suetonius refert.
1165 485 1469 537 Religiose est fugiendus:
1105 517 1885 561 1. quia divino jure severiter est interdictus, Levit. 18. vers. 6, & se¬
1080 552 1334 601 quentibus usque ad 11.
1116 596 1740 631 2. quia morte capitali plectendus est de jure divino.
1116 618 1883 673 Raptus, est scortatio cum puella violenter de domo patris rapta¬
1095 659 1767 696 qualis narratur Gen. 34. in Dina filia Jacobi Patriarchae.
1117 684 1890 731 Mollities, est scortatio, cum quis per seipsum voluntarie polluitur.
1108 723 1880 759 Sodomia, est scortatio masculi cum masculo, feminae cum femina
1117 754 1889 802 Est studiose cavenda: I. quia jure divino est interdicta, Levit 18. v.
1056 793 1840 831 22. Cum mare ne concubito concubitu muliebri: abominatio est.
1108 826 1799 858 2. quia a Magistratu jussu Dei capitali supplicio punitur:
1110 861 1872 902 3. quia punietur aeterna exclusione e regno Dei, 1. Cor. 6. v. 10.
1113 893 1635 929 Bestialitas, est scortatio hominis cum bestia¬
1122 923 1885 970 Est vitanda: I. Quia divinitus est interdicta, Levit. 18. v. 23. Cum
1080 957 1883 1002 ulla bestia ne committito ut concumbas, polluendo te cum ea: muliet
1086 993 1758 1040 quoque ne consistito coram bestia ut incubet sibi, confusio est
1116 1021 1892 1072 II. Quia mortis supplicio est a Magistratu punienda jussu Dei,
1077 1049 1889 1099 Exod. 22. v. 19. Quisquis cubat cum jumento, omnino morte plectitor.
1114 1092 1887 1132 Lenocinium, est peccatum, quum quis servit alienis libidinibus si¬
1089 1125 1885 1171 ve prostituendo uxorem aut filiam aut sororem aliamve e familia
1080 1157 1895 1211 sua, sive conquirendo & adducendo scorta, lucri favorisve turpissimi
1078 1185 1153 1230 gratia
1111 1221 1885 1271 Summopere caveri debet: quia prohibetur a Deo, Levit. 19. v. 29.
1083 1255 1892 1299 Ne profanato filiam tuam prostituendo eam: ut non scortetur terra
1090 1284 1520 1334 illa, & impleatur illa terra scelere.
1119 1325 1808 1374 Omnis autem impuritas castitati repugnans est fugienda:
1110 1354 1766 1402 I. Quia etiam iure naturali est illicita. Levit. 18. v. 27.
1125 1389 1889 1442 II. Quia prohibita est a Deo in Sacra Scriptura Ephes. 5. 3. 4. 11.
1079 1413 1247 1464 Thessal. 4. 3.v
1112 1457 1886 1506 III. Quia etiam in Gentilibus a Deo punita est, Levit. 18. versic.
1083 1487 1176 1531 24, 25.
1115 1518 1884 1578 IV. Quia certas attrahit poenas, Levit. 18. v. 26, 28, 29. Ephe.5.
1082 1553 1179 1598 versic. 5.
1123 1590 1862 1642 V. Quia similes reddit Gentibus infidelibus, I. Thessal. 4. v. 5.
1123 1624 1779 1675 VI. Quia est signum ignorantiae Dei, I. Thessal. 4. v. 57.
1122 1657 1846 1706 VII. Quia ad eam Deus nos non vocavit, 1. Thessal. 4. v. 7.
1120 1688 1739 1731 Inprimis fugienda est Principibus & Magistratibus
1119 1726 1897 1771 1. quia illis prae caeteris est prohibita. Prov. 31. 3. Ne dedito feminis:
1086 1752 1784 1805 robur tuum, & vires tuas facientibus ut deleantur Reges.
1108 1792 1639 1838 2. quia adimit illis fortitudinem, Prov. 31. 3.
1117 1829 1620 1870 3. quia evertit Reges & regna, Prov. 31. 3.
1239 1860 1716 1927 Hucusque de continentia: sequitur
1310 1941 1676 2002 CAPUT XXIV.
1327 1995 1652 2062 In quo de Parsimonia.
1133 2059 1890 2103 PARSIMONIA, est moderatio sumtuum, ut tantum honesti &
1141 2092 1892 2140 necessatii fiant, idque animo promto & cum laetitia: Eccles. 2. v.
1137 2128 1885 2165 ult. & c. 5. v. 18, 19, 20. residui autem ad futuros usus asserventur
1089 2150 1897 2200 Johan. 6. v. 12. Vocatur etiam frugalitas, a qua frugi homines appel¬
1083 2188 1173 2234 lantur.
1182 2212 1362 2265 Ei studendum:
1127 2246 1622 2299 I. Quia mandatur a Christo Johan. 6. 12.
1118 2289 1885 2337 II. Quia eam suadet Christus cum iubet petere panem quoti¬
1089 2313 1370 2365 dianum, Matth. 6. v. 11.
1118 2355 1892 2406 III. Quia remedium est adversus inopiam optimum: alioquin
1090 2391 1888 2433 ad inopiam redactis, quamvis etiam non suo vitio, omnes ignoscunt.
1090 2422 1274 2466 nemo succurrit.
1118 2453 1862 2498 IV. Quia praecavet ne quid donorum Dei pereat, Joh. 6. v. 12.
1118 2488 1898 2530 V. Quia conservat & auget rem familiarem. Frugalitati enim
1095 2525 1451 2564 Deus benedicit, Johan. 6. v. 13.
1127 2554 1898 2601 VI. Quia illius exemplis praelucent nobis homines laudatissimi:
1093 2588 1407 2636 velut Apostoli, Johan. 6. 13.
1120 2621 1901 2661 Bono autem tempore parsimoniautendum: nam sera parsimonia.
1083 2653 1898 2707 in fundo est. Non enim tantum minimum in imo, sed etiam pessi¬
1096 2694 1270 2730 mum remanet.
1125 2719 1904 2762 Cum parsimonia non pugnat necessaria cura & cultus corporis,
1084 2756 1693 2794 Matth. 6. 17. Cum ea pugnant sordities & luxurie:
1120 2787 1888 2827 Sordities, est tam parce opibus uti, ut nec vitae generi suus hono
1096 2821 1898 2860 deferatur: nec quicquam fere ex facultatibus suis, nisi molestiam &
1090 2857 1899 2893 durum laborem capere. Hoc vitium appellat August. tenacitatem
1092 2896 1898 2930 epist. 29. Hanc fugiendam docet Salomon in Eccles. c. 2. v. 22. & se¬
1104 2931 1655 2969 quentibus, & cap. 3. v. 9. & sequentibus aliquot.
1129 2949 1889 2994 Luxuries, est vitium, cum quis opes suas non necessario & immo¬
1097 2987 1883 3029 dico vitae splendori impedit, in nimis sumtuoso vestitu, & victu, aedisi
1085 3026 1890 3059 ciis, supellectili domestica, hortis, &c. Ea fugienda tum viris tum feminis
1126 3055 1886 3091 I. Quia a Deo prohibetur 1. Petr. 3. v. 3. II. Quia Deo summo,
1093 3090 1887 3132 pere displicet. III. Quia certas poenas luxuriosis attrahit. Nam &
1093 3119 1884 3166 privatim illorum opes quantuvis maximas sensim dissipat & tande per
1090 3164 1904 3199 dit: & publicis iudiciis Dei punitur, veluti bellis, per quae luxurion de¬
1092 3187 1892 3227 dicias suas amittunt, malis gravissimis durissimisque afficiuntur & sui
