2063 3432
242 143 1033 186 I. Quia impedit fidem veram in Deum: sicut Christus ait Johan.
220 182 1023 226 5. v. 44. Quomodo vos potestis credere, quum gloriam alij ab aliis ca¬
223 214 1022 255 ptetis & gloriam illam, quae a solo Deo proficiscitur non quaeratis? Et
219 252 1035 290 Johan. 12. v. 42, 43. Etiam ex primoribus multi crediderunt in eum:
212 290 1016 329 sed propter Pharisaeos hoc non profitebantur, ne Synagoga moveren
218 318 1013 359 tur. Dilexerunt enim gloriam hominum potius quam gloriam Dei.
249 354 1026 390 II. Quia a Christo contemta fuit: sic enim ait Johan. 5. v. 41. Glo¬
217 384 1026 427 riam ab hominibus non capto: Ideo vetuit miracula a se edita praedi¬
208 422 1018 453 cari, sicut legitur Matthaei 8. v. 4. & cap. 9. v. 29, 30. Similiter dici¬
217 450 1046 488 tur de ipso Matth. 12. vers. 25. & seqq. Sequuta est cum turba multa,
210 486 1028 527 sanavitque eos omnes. Et interminatus est eis ne se manifestum face¬
210 520 1019 561 rent: Vt impleretur quod dictum erat per Esaiam Prophetam dicent
209 555 1021 594 tem: Ecce servus ille meus, quem elegi: dilectus ille meus, in quo ad
215 587 1035 628 quiescit anima mea, ponam Spiritum meum super eum, & judicium
222 620 1032 653 Gentibus annunciabit. Non litigabit, neque clamitabit, neque au¬
223 651 1031 686 diet quisquam in plateis vocem ejus. Et honores mundanos non am¬
220 686 1040 727 biebat, sed fugiebat: nam quum plebs illum voluisset regem facere
222 717 1031 762 mundanum post editum miraculum multiplicationis panum, secessit
222 753 1018 791 in montem solus ipse, Johan. 6. v. 15. & quum ipsum hortarentur frae
221 783 1049 827 tres seu cognati ipsius, ut in Judaeam iret Jerosolymam & seipsum
219 817 1037 870 mundo manifestaret, stultis ipsorum votis minime obsequurus est,
220 856 521 903 Johan. 7. v. 3, 4, 5, 6, 7. 8, 9
276 883 1040 924 III. Quia a vere fidelibus repudiata ac neglecta fuit: ut a Mose¬
223 918 1032 961 Hebr. 11. v. 24. item a Paulo, qui ait 1. Corinth 4. v. 3. Mihi vero pro
222 957 1031 994 minimo est, quod a vobis dijudicet, aut ab humano judicio; imo nec
225 986 1039 1029 ipse me dijudico. Sic 1. Thessal. 2. v. 6. Neque ex hominibus quaeren¬
222 1021 362 1064 tes gloriam.
255 1047 1030 1090 IV. Quia a Deo reprehenditur in Israelitis, qui ut sibi nomen &
228 1082 1026 1122 famam compararent inter Gentes & apud illos in honore haberem
219 1121 896 1161 tur, idololatriam illarum amplexi erant, Ezech. 16. v. 15
282 1148 1046 1193 V. Quia ei praestat & praeferenda est infamia atque ignominia,
220 1186 1044 1222 Christi causa, quam perferre parati esse debemus. Sic enim jubet
228 1220 1037 1261 Scriptura, Hebr. 13. v. 13. & invitant exempla, veluti Mosis, Hebr. 11.
219 1258 809 1299 v. 26. Pauli & aliorum Apostolorum & fidelium.
257 1277 1036 1331 VI. Quia efficit ut Christo displiceas. Si adhuc, inquit Apostol
227 1320 1043 1355 Galat 1. v. 10. hominibus placerem, Christi servus non essem. Desiit,
220 1353 1040 1393 imo noluit placere hominibus vanis, ut Christi servus esset. Per bo¬
226 1392 1035 1429 nam famam & malam, Christi miles graditur, nec laude extollitur
225 1423 1046 1461 nec vituperatione frangitur: non divitiis tumet, non contrahitur
231 1454 1056 1497 paupertate: & laeta contemnit & tristia ambit. Cave igitur, ne homi¬
225 1496 1046 1530 num rumusculos aucuperis, ne offensam Dei, populorum laude com¬
220 1529 1038 1566 mutes. Quanto satius est, Deum habere fautorem, quam homines.
284 1555 1051 1596 Virtuti moderanti cupiditatem gloriae & honorum opponitur:
224 1588 481 1632 ambitio & αφιλοlικιη,
258 1617 1046 1663 AMBITIO, φιλσεμια vitiosa, est vitium seu studium vanae laudis
220 1661 1047 1695 apud homines, nempe quum quis aut indebitos honores venatur, aut
231 1688 1043 1723 propter officium aut dona sibi a Deo concessa aut propter factum a¬
222 1725 1046 1760 liquod praeclarum sese effert & ostentat, aliosque prae se contemnit
226 1754 1042 1795 & negligit, & quaerit honores atque applausum hominum non stu¬
229 1788 1041 1826 dio gloriae Dei aut salutis proximorum, sed cupiditate supra alios e¬
225 1827 1040 1860 minendi & divitias amplas consequendi. Ut Pharisaei erant ambitio¬
219 1860 1042 1900 si in precibus & eleemosynis faciendis, ut fama sanctitatis supra alios
228 1894 1036 1928 cminerent & ut amplas divitias consequerentur. Ita nunc sunt Mo¬
225 1928 1040 1968 nachi, & inprimis Jesuitae, qui gloriantur se disciplinas tradere GRA¬
232 1961 1033 2002 TIS. Sic Mirjam Mosis soror & Aaron ambitione peccarunt NU. IX.
258 1990 416 2037 Est fugienda,
258 2013 1037 2061 I. Quia a Deo prohibetur, Gal. 5. v. 26. Ne simus inanis gloriae cu¬
215 2061 793 2106 pidi, alij alios provocantes, alij alijs invidentes.
258 2091 1030 2131 II. Quia res alias, quae alioquin Deo probatae fuissent, irritas co¬
217 2121 1034 2165 tam Deo facit, veluti cleemosynas, preces, jejunia, Matth. 6. Opti¬
219 2159 1046 2200 ma quaeque vitiat, honestissima quaeque deformat, ac suavissimi odo¬
220 2191 707 2233 ris sacrificia foetere facit coram Domino.
254 2213 1049 2267 III. Quia illam vere sancti & fideles homines solicite fugerunt, ut
227 2260 1013 2300 David., Psal. 131. Paulus Apostolus, 1. Cor. 1. v. 14. & sequentibus.
255 2281 1048 2337 IV. Quia divinitus reprehenditur in quovis. Sic reprehensa fuit.
213 2325 625 2361 in discipulis Christi, Luc. 9. v. 46.
265 2347 1046 2402 V. Quia non potest latere Christum Dominum, etiamsi homi¬
228 2396 685 2435 nibus non esset perspecta, Luc. 9. v. 47.
285 2414 1038 2466 VI. Quia ab illa arcere nos debet etiam intuitus & consideratis
219 2456 1065 2497 infantum qui sunt ab ambitione alieni, Psal. 131. v. 2. Lucae 9. ver. 47.
231 2491 953 2530 Sic infantes sunt magistri & doctores senibus a Christo dati¬
270 2524 1042 2563 VII. Quia impedit ingressum in regnum coelorum, Matt. 18. v. 3.
273 2554 1044 2596 VIII. Quia poenas etiam in hac vita attrahit. Comitem enim ha¬
222 2589 1042 2634 bet ruinam, sicut Dominus ait Matth. 23. v. 12. Qui sese extollit, de
224 2629 341 2675 primetur.
267 2645 1057 2696 IX. Quia indicium est incredulitatis: ut videre est in fratribus seu¬
228 2690 1054 2732 cognatis Christi, qui ambitioni studebant, quia non credebant in
234 2728 555 2778 Christum, Johan. 7. v. 3. 4,1.
527 2764 751 2827 Contra objicitur:
267 2818 1052 2861 I. Honores sunt praemia virtutum: Ergo sunt fidelibus ambiendi.
264 2861 1048 2895 RESP. Primo major omissa negatur, nempe praemia virtutum
234 2888 1051 2934 esse fidelibus ambienda: negatur inquam haec propositio sive ipsa:
228 2919 1055 2962 virtutes, sive homines eis ornatos spectes. Pessime quippe cum utris¬
236 2954 1048 2993 que ageretur, si non alium finem, quam praemia hujus mundi & in
239 2987 1046 3026 hoc mundo, praestitutum haberent. Atqui bonorum virorum & vir¬
232 3021 931 3065 turum finis proximus est vita aeterna; ultimus, gloria Dei
272 3056 1051 3094 Secundo minor est limitanda: nec enim accipi debet quo ad ipsas
240 3085 1051 3124 virtutes, nec quo ad eos qui eis ornati sunt, sed quo ad alios, qui dona
236 3117 1071 3155 DEI in hominibus probis cernunt, admiratur & magnifaciunt, cum¬
241 3153 1053 3194 que illis cupiant aliquid offerre seu rependere, ac nihil habeant ho¬
246 3189 652 3226 nore praestantius, illum exhibento
1121 136 1758 187 II. Licet fidelibus suas virtutes magnifice praedicare
1118 179 1897 217 Ergo etiam honores ambire. Antecedens probatur exemplis san¬
1086 213 1898 252 ctorum qui se laudant ipsi, ut Samuel, I. Sam. 12. v. 5. David Psal. 18.
1089 250 1890 298 & 119. & passim. Ezechias 2. Reg: 20. v. 3. Paulus Apostolus in epi¬
1090 279 1328 322 stolis ad Corinthios:
1130 309 1888 354 RESP. Cavendum ne simplicicer accipiamus, quod tantum se¬
1096 348 1901 386 undum quid verum est. Nam fideles cum suas virtutes videntur ma¬
1089 384 1900 425 gnifice praedicare, non ostentant aut venditant eas: sciunt enim eas
1095 417 1893 460 esse dona Dei, se autem ipsos vitiatos & multis modis corruptos esse
1098 449 1892 486 Deinde agnoscunt, eas sibi datas esse, non tantum sua ipsorum causa
1092 483 1904 518 sed etiam populi, ut provideant & curent quae sunt aliis necessaria.
1092 516 1905 549 Tertio sciunt & agnoscunt se non satisfecisse Legi Dei, nec posse co¬
1083 549 1893 586 tam Deo in judicio ejus subsistere: ideo ut in loco exponunt bon¬
1089 584 1898 618 sua, ita alias non dissimulant mala sua. At si cum adversariis suis con¬
1095 616 1886 650 ferantur, non dubitant se etiam coram Deo fore illis superiores. De¬
1092 650 1889 683 inde volunt sua vita illustrari gloriam Dei. Praeterea volunt suo ex
1098 686 1892 718 emplo alios incitari ad pie recteque vivendum. Adhaec commemo¬
1093 716 1907 758 rant facta sua, non ut se praedicent apud alios, sed ut pondus addant
1098 749 1903 785 doctrinae suae: nec sunt illorum falsae, aut vanae, aut ventosae oratio¬
1094 790 1901 829 nes. Insuper agunt Deo gratias de donis suis, quotiesque ea in men¬
1101 820 1906 861 em revocant, toties incipiunt esse spe confirmatiore, Deum ita sibi
1101 856 1898 892 perpetuo adfuturum. Postremo nolunt illam lucem, quam vident i1
1092 886 1907 925 se a Deo accensam esse, abdi sub modium. Haec spectarunt Samuel,
1103 916 1904 959 David, Ezechias, Paulus, qui nequaquam similes fuerunt Pharisaeo
1089 951 1902 995 Luc. 18. Quod ad rem ipsam attinet, idem sit & a pio & ab impio¬
1099 992 1911 1035 quod tamen ab illo pie fit, ab isto impie. Nam duo cum faciunt idem,
1090 1018 1316 1058 non est illico idem
1272 1046 1732 1112 Tantum de ambitione: sequitur de
1440 1088 1559 1137 ἄφιλolιμίσ
1144 1125 1912 1166 Aφιλολιμια seu contemtus gloriae & honorum, est vitium quum
1098 1160 1909 1203 quis nullo etiam medioeris gloriae & honoris studio ducitur, quan¬
1098 1193 1913 1234 tumvis per Dei voluntatem liceat & gloriae Dei Reipublicaeque ra¬
1095 1226 1244 1276 tio id exigat,
1130 1253 1910 1299 Caveri debet. 1. quia ignominia, dedecus & infamia caveri debet.
1106 1291 1901 1341 Caveri autem potest fugiendo peccata a Deo prohibita, in¬primi
1098 1329 1900 1378 irreligionem, impietatem, superstitionem, contemtum Dei 1. Sam
1098 1364 1549 1402 2. v. 30. superbiam, Proverb. 18. v. 12.
1336 1433 1688 1490 CAPUT XXX.
1305 1485 1715 1552 In quo de Magnanimitate.
1109 1541 1911 1595 TPIRTUS moderans cupiditatem gloriae & honorum vel magna¬
1165 1580 1449 1629 nimitas est, vel modestia.
1143 1606 1907 1661 MAGNANIMITAS, μεγαλψυχια, magnitudo animi, est virtus
1112 1653 1913 1693 quae ex cognitione officij seu gradus, servat convenientiam personae,
1109 1687 1915 1728 dictorum, factorumque in appetitione vel recusatione magnorum
1094 1716 1916 1756 honorum, vel in passione repulsae legitime expetitis magnis honori¬
1110 1754 1910 1795 bus, tuendo honestam existimationem atque autoritatem, ne offici¬
1102 1786 1608 1818 um nobis iniunctum contumelia afficiatur.
1152 1818 1909 1860 Aut potest etiam hoc pacto definiri: Magnanimiias, est virtus
1108 1853 1916 1894 quae regit desideria in magnis honoribus aut legitime expetendis, aut
1102 1885 1915 1925 recusandis etiam si offerantur, aut si in eorum petitione repulsam pas¬
1095 1917 1919 1955 si simus, susque deque ferendis, aut si obtenti sint tuendis ad Dei glo¬
1101 1947 1550 1996 riam & humani generis commodum.
1139 1980 1915 2023 IOSEPHUS Patriarcha dignitatem Proregis AEgypti suscepit,
1100 2014 1922 2056 quum e carcere eductus suisset & Pharaoni somnium explicuisset &
1095 2054 1832 2091 consilium publice privatimque profuturum dedisset, Gen. 41.
1137 2082 1906 2122 MOSES jam grandis, per fidem renuit vocari filius filiae Pharao
1098 2116 1907 2156 nis: Potius eligens, simul malis vexari cum populo Dei, quam tem¬
1107 2153 1905 2185 porariam retinere peccati fruitionem: Majores ducens divitias pro¬
1107 2189 1916 2225 brum Christi, quam AEgyptiorum thesauros, Hebr. 11. v. 24, 25, 26.
1125 2218 1919 2253 DAVID affinitatem Regis Saulis quamvis a Rege ultro oblatam
1104 2248 1910 2290 non expetebat, sed recusabat, 1. Sam. 18. v. 18, 22, 23. regiam dignita.
1109 2283 1912 2322 tem sibi a Deo promissam, cum tempus ejus capessendae divinitus de¬
1104 2314 1909 2354 stinatum venisset mortuo Saule, suscepit in urbe Chebrone & regiam
1113 2349 1911 2381 defensionem Israelitis pollicitus est 2. Sam. 2. vers. primis septem¬
1098 2383 1918 2422 & cap. 3. ver. 13. & cap. 5. Et quum esset per conspirationem Absalonis
1106 2420 1894 2466 pulsus regno, expetivit recuperationem ejus, 2. Sam 19. v. 12, 13, 14.
1137 2448 1909 2495 DANIEL acceptavit dignitatem sibi tributam a Rege Nebucad
1101 2483 1915 2523 netzare Magno, quin & amicis suis praefecturas petivit, Dan. 2. v. 48,.
1104 2520 1916 2562 4P. Idem magno animo recusavit primo dona ac honores amplissi¬
1105 2556 1919 2585 mos a Beltschatzare Rege promissos: postea tamen ita omnino vo¬
1114 2587 1919 2632 ente & ediceme Rege admisit, Dan. 5. v. 17, 29. & sub Dario Medo
1101 2614 1291 2656 retinuit, Dan. 6.
1131 2644 1907 2684 NECHEMIA petivit a Rege Artaxerxe sibi dari facultatem in
1108 2676 1917 2721 staurandae urbisJerosolymorum & principatum inJudaea, Nechem. 2. 5.
1143 2713 1907 2756 JOHANNES BAPTISTA exspectante populo & cogitantibus o
1116 2755 1914 2786 mnibus in cordibus suis de ipso, numnam ipse esset Christus ille, non
1119 2776 1917 2822 quit sibi arrogare tantum honorem sed ingenue & aperte professus
1110 2812 1865 2850 est, se non esse Christum illum, Luc. 3. v. 15,16. Johan. 1. v. 19, 20.
1144 2844 1922 2887 CHRISTUS Servator noster, quum nosset venturus Judaeos quos
1108 2875 1918 2930 miraculose paverat, & se abrepturos ut facerent se regem, secessit in
1103 2913 1499 2960 montem solus ipse, Johan 6. v. 15.
1142 2941 1921 2987 SAMUEL cessit administratione Rcipublicae Israeliticae & ipsemet.
1120 2975 1922 3014 Saulem unxit in regem, 1. Sam. 10. ver. 11. & 11. nec desiit supplicare
1119 3012 1909 3051 ehovae pro Israelitis & instituere eos in via optima & rectissima,
1116 3049 1310 3090 Sam. 12. v. 25, 26.
1152 3067 1921 3120 ONATHAN silius Saulis magno animo tulit, regnum patris sui
1113 3113 1913 3151 non ad se continuatum, sed ad Davidem translatum iri, 2. Sam. 20.
1110 3145 1349 3193 & cap. 23. v. 16, 17, 11.
1146 3167 1925 3227 . Portius Cato, quum Praeturam petivisset, & Caesare, Pom¬
