2063 3417
196 120 986 173 Ecclesia: ut fecerunt Abrahamus & Sara: Isaacus & Rebecca: Za¬
192 168 704 210 charias sacerdos & Elisabetha Luc. 1. v. 5, 6
221 196 974 243 2. Ut ambo conjugalem amorem integrum & impollutum con¬
195 232 989 275 servent, quod sit si tum anio animogum quae prior est, tum unio cor¬
189 269 863 321 porum quae posterior est, illibata maneat. 1. Cor. 7. 3. 4, 1
225 300 980 343 3. Ut consuetudine jucunda cohabitent, & pacifice una vivant, ne
196 330 989 370 scandalo sint aliis, neve vita eorum sit cum tristitia, aut extranea so¬
201 369 979 403 latia quaerere cogantur, unde infamiam facile possint incurrere, I
207 396 980 438 Gor. 7. 15. Ad pacificum autem conjugium consequendum pluri¬
196 434 980 474 mum momenti adfert, si ambo ejusdem sint religionis orthodoxae
198 464 980 503 ut supra dictum. Prov. 15. v. 17. Melius est cibarum oleris ubi est dile¬
196 500 992 540 ctio, quam bovis saginati ubi est odium, Et cap. 17. 1. Melior est buccea.
198 525 984 569 cibi sicci, qui cum est tranquillitas, quam domus plena mactatis anima
195 561 482 609 libus, in qua sit contentio
234 588 989 640 4. Ut alter alteri debitam benevolentiam reddat. 1. Cor. 7. v. 3.
203 629 982 672 4, 5. Uxori vir debitam beneuolentiam reddito: similiter autem &
190 658 992 700 uxor viro. Vxor proprium corpus non habet in potestate, sed vir: sit
195 697 995 731 militer autem & vir proprium corpus non habet in potestate, sed uxor.
197 721 998 765 Ne fraudate alter alterum, nisi si quid ex consensu ad tempus, ut vace¬
191 758 985 794 tis jejunio & precibus: & rarsum simul convenite, ne tentet vos Sata¬
199 797 998 836 nas propter continentiam vestram. Proinde conjugatis continentiam
205 829 989 866 perpetuam vovere ne quidem ex mutuo consensu licet: quia nec do¬
198 854 991 897 num nec vocationem a Deo habent, nec sui corporis potestatem di¬
196 893 989 935 vino, naturali, publico & privato jure, sed contra ut ad conjugium
196 924 989 966 ita ad actus illius omni jure, ac non privata solum sponsione & obli¬
201 965 998 1005 gatione vocati sunt. Hoc jure statuimus adversus Papistas, qui con¬
196 990 995 1035 tendunt, conjugatis licere ex mutuo consensu suscipere votum per¬
200 1026 424 1076 petuae continentiae.
231 1039 998 1100 5. Ut non quaerant dissolutionem conjugii, 1. Cor. 7. 27. Nam etsi
205 1091 1000 1129 alter conjugum corporis alterius potestatem habet: tamen quia jure
205 1122 986 1160 divino & naturali, & publico civili habet, non potest privatus conju
208 1160 992 1202 gum consensus de jure illo derogare; Sed quod omni jure constitu¬
196 1192 1001 1235 tum est, & suo ore pronunciavit Christus Mat th. 19. Quae Deus con¬
201 1218 989 1263 junxit, homo ne separet: idem non uni solum conjugi seorsim, sed utri
207 1253 997 1304 que etiam conjunctim dicitur, non esse penes conjuges potestatem
201 1288 670 1332 faciendae separationis quocunque modo
234 1321 615 1356 6. Ut bona habeant communia
234 1335 995 1399 7. Ut in rebus secundis una laetentur & sibi gratulentur: & vicis¬
192 1389 808 1429 sim in rebus adversis συμπυδειαν mutuam declarent
234 1414 992 1466 8. Ut sancte susciant & educent sobolem, eodem animo respici¬
207 1450 689 1497 antes Dei gloriam, non mundi vanitatem
230 1466 997 1528 9. Ut ἐπιεικειαᾳ erga se invicem utantur in tolerandis defectibus
204 1518 472 1563 cum studio sanandi eos.
241 1541 992 1594 to. Ut conjugum alter alteri autor sit monitis & exemplo ad ve¬
201 1588 878 1628 tam pietatem & virtutem, 1. Cor. 7. v. 16. 1. Pet. 3. v. 1, 7.
238 1619 1003 1655 II. Ut alter alterius vitam tueatur & conservet. Sic Michol con¬
192 1648 1003 1695 servavit Davidem quum Saul illum interfectum vellet: Sic Abigail
208 1683 602 1729 studuit conservandae vitae Nabalis
238 1708 998 1752 12. Ut absit a conjuge utroque zelotypia, ne sibi continuam cordi¬
201 1747 998 1787 anxietatem pariant, & mutuum incitamentum non servandi fidem
202 1781 1004 1819 conjugalem poaebeant. Zelotypia enim, est in conjugibus adulterii
195 1814 1003 1859 suspicio, affectus vehementissimus & charitati maxime adversans &
201 1845 625 1891 societatem conjugalem conturbans.
233 1876 1000 1914 Si secus fiat, conjuges damna multa experimento acerbissimo ad¬
214 1909 995 1946 discunt: ita ut vel turbulentum & triste sit matrimonium, vel divor¬
201 1941 538 1991 tium plerunque subsequatur.
459 1981 739 2050 CAPUII
363 2047 830 2115 In quo de Divortio Coniugum.
196 2103 1006 2155 TIVORTIUM, est legitima conjugii solutio, a judice legitimo,
207 2134 983 2202 Opost sufficientem causae cognitionem facta sententia publicat
317 2179 989 2214 Causae divortii duae sunt tantum: una adulterium, Matth.
201 2212 1000 2253 5. v. 32. & 19. 9. altera desertio, id est, malitiosa alterius conjugis dis¬
205 2250 1007 2291 cessio, nulla justa causa sed vel odio verae religionis propter quam
211 2279 989 2323 cum conjuge habitare recusat vel levitate, vel injusta impatientia fre
206 2318 995 2353 ni conjugalis, vel aliis non justis & sufficientibus causis, 1. Cor. 7. v. 15.
237 2346 992 2389 Inter hat causas ea est differentia, quod adulterium sit propria at¬
213 2381 992 2422 que unica causa dimittendi conjugem adulterantem, atque in eo ca¬
211 2412 989 2457 iu proprie conjunx innocens divortium facit, ac proinde aliquid agi¬
203 2449 1008 2487 conjugem dimittendo. In desertione autem malitiosa & pertinaci¬
208 2475 1004 2512 conjunx innocens non agit, sed patitur; aliud enim est dimittere con¬
216 2511 1005 2551 ugem adulterantem, aliud a conjuge ultro discedente dimitti & de¬
201 2545 1009 2584 seri: nam qui a conjuge ex destinata malitia discedente deseritur, non
211 2576 1001 2612 dimittit eam. Qui dimittit agit, non patitur. Qui deseritur, is pati¬
210 2612 989 2647 tur, & non agit: non dimittit conjugem, sed animo retinet, & retine
204 2643 997 2676 re cupit. Quapropter is maritus non potest dici fecisse divortium
204 2674 989 2715 contra Christi verbum, quod Matth. 5. 32. & cap. 19. 9. exstat, qui in
207 2706 991 2756 juriam hanc ab infideli patitur & qui manet in vocatione sua, quam
207 2741 716 2776 tum in ipso est, licet parte altera discedente.
241 2765 998 2818 Caeterum in divortio observari dobet, tum modus procedendi, tum
208 2805 902 2842 tempus, quod personae innocenti possit concedi aliud conjugium.
238 2829 991 2881 Modus procedendi complectitur tum legitimam cognitionem judi¬
214 2872 992 2906 tum, tum tentationem reconciliationis, vel pronunciationem sententiae.
244 2902 998 2941 Modus igitur procedendi in casu adulterii ita institui debet, ut au¬
204 2931 1000 2971 ditis partibus sufficienter confirmetur & probetur adulterium com¬
201 2968 655 3013 missum, ita ut persona rea convicta sit.
236 3003 998 3043 Si persona quae deliquit, rea peracta sit, & persona innocens petat
204 3029 1003 3082 fieri divortium, debet primum judex tentare reconciliationem & ad¬
213 3067 674 3113 hortari, ut redeant in mutuam gratiam
241 3093 1012 3137 Si non procedit reconciliatio, pars innocens non potest cogi, ut re¬
213 3126 359 3178 cipiat ream.
1060 111 1849 164 Sed si persona accusans honeste vixit, & pesit ferri sententiam, pro¬
1036 158 1837 204 huncietur hoc modo: Cum persona quae deliquit, suo scelere dissole
1051 198 1841 236 verit conjugium, judex autoritate Evangelii personam innocentem¬
1051 232 1843 273 pronunciat esse liberam, & expresse ei concedit, ut pro sua conscien¬
1034 268 1441 305 tia pie contrahat aliud conjugium
1078 290 1844 345 Sic legitime conjunx innocens potest dimittere conjugem adul¬
1045 331 1841 372 terantem & aliud postea conjugium inire. At sine cognitione judi¬
1042 366 1667 408 ciali & sententia publica dimittens, illegitime dimitti
1072 396 1835 434 Persona condemnata debet puniri, quandoquidem maxima est
1048 429 1832 466 juris conjugalis necessitudo, quam conjugum alter frangens adulte
1038 469 1838 504 tio, eadem opera, juri divino & naturali & civili, publico & privato
1049 497 1851 537 perfidia turpissima adversatur, jus suum erga conjugem innocentem¬
1044 527 1844 572 amittens, & eidem cripiens debitum. Nam haec omnia maleficiae
1041 561 1475 602 concurrunt simul in causam adulteri:
1075 587 1847 636 Puniri autem debet persona nocens a Magistratu politico, cujus
1045 626 1841 662 est adulteria punire: vel mortis supplicio secundum legem divinam
1050 666 1849 699 vel exsilio, ut pellatur ex iis locis, ubi vivit persona innocens, cui altera
1050 694 1855 738 videlicet condemnata, velut mortua existimanda: vel alia poena
1056 729 1585 780 quam Magistratus convenientem judicaverit.
1089 751 1807 817 Sic debet institui modus procedendi in casu adulterii:
1195 808 1700 859 sequitur modus procedendi in casu de¬
1387 849 1493 896 sertionis,
1071 885 1855 938 In casu desertionis processus ita institui debet, ut audita petitione
1063 938 1859 970 personae accusantis, primum legitima cognitio fiat. Ea in noc con¬
1056 965 1853 1010 sistit, ut primum exploretur, an persona vere deserta sit, ne levitati aut
1048 1001 1511 1047 perfidiae, desertionis umbra praetexatur.
1090 1014 1856 1069 Non est enim desertor, qui abest vel officii causa, ut legatus, aut
1054 1068 1852 1107 miles legitima autoritate ad militandum delectus: vel voluntate con¬
1057 1106 1855 1143 ingis, ut si abest alibi in mercatu, aut alio honesto negotio, vel in ca¬
1065 1135 1859 1166 ptivitate detinetur: vel deportatus est, si nempe casus in quem mari¬
1062 1162 1859 1210 cus incidit, non mutat uxoris affectum, id est, si non tale scelus, quo
1054 1196 1451 1235 alioquin conjugium dissolveretur?
1086 1213 1859 1276 Deinde postquam cognitum est personam vere desertam esse, vo¬
1054 1267 1862 1299 cetur persona desertrix in judicium legitima citatione in publico lo¬
1054 1300 1855 1337 co facta & affixa, ut intra constitutum certum terminum compa¬
1052 1333 1100 1371 reat.
1095 1357 1856 1410 Si persona desertrix comparet, reconciliator personae desertae. 1.
1059 1390 1207 1437 Cor. 7. v. 11
1077 1413 1854 1473 Si autem finito termino personae desertrix non comparet: aut
1053 1456 1855 1508 sub fide publica comparens nolle & non posse se cum hoc conjuge
1063 1498 1861 1540 vivere & cohabitare, nolle se eum sequi constanter testetur, atque sic in
1065 1531 1859 1578 desertione pertinax maneat; audiantur testimonia de personae inno¬
1060 1569 1730 1605 centis integritate, & pronuncietur libera. 1. Cor. 7. v. 15.
1083 1596 1867 1636 Papae Romani alias etiam causas divortii statuunt, supra Deum se
1062 1622 1858 1673 efferentes, qui qnos ipse conjunxit, non vult ab homine quoquam
1053 1662 1852 1705 separati. Nam Pontifices separant conjuges, quorum alter prolen
1060 1696 1858 1737 suam propriam ex lavacro sancto susceperit. Tomo secundo Con¬
1057 1731 1858 1782 cilior. in decretis Papae Deus dedit. Et Jur. Canon. 30. q. 1. can. Pera
1062 1760 1255 1807 venit ad nos, &c.
1090 1799 1822 1850 Hactenus dictum est de modo procedendi in divortio:
1146 1852 1757 1906 iam dicendum est de tempore, post quod per¬
1224 1886 1680 1938 sonae innocenti possit aliud coniu¬
1359 1924 1540 1974 gium concedi
1086 1963 1865 2017 Temporis, post quod aliud conceditur conjugium personae inno¬
1056 2006 1858 2048 centi, duplex est consideratio: alia in casu adulterii, alia in casu deper¬
1047 2033 1116 2071 tionis.
1086 2069 1864 2123 In casu adulterii non praescribitur tempus innocenti personae,
1034 2093 1351 2146 postquam res est judicata.
1084 2125 1852 2185 In casu desertionis conceditur conjugium si certo constet perso¬
1047 2171 1853 2211 nam desertricem vel mortuam esse: vel nic aut alibi adulterio com¬
1056 2204 1858 2244 misso conjugium dissolvisse: vel cognita citatione comparere no¬
1054 2231 1112 2269 luisse
1083 2260 1852 2310 Alias persona deserta debet exspectare: sit enim, ut post noven¬
1056 2292 1847 2354 nium demum interdum matitus redeat, praesertim si bello captus in
1060 2333 1691 2375 Turcia vel alibi ab hostibus in captivitate detentus fuit.
1143 2370 1768 2425 Hactenus fuit de iustitia coniugum communi¬
1305 2412 1573 2469 sequitur de propria.
1298 2483 1600 2532 CAPUT LVI
1135 2541 1747 2601 In quo de officio mariti & uxoris proprio
1091 2598 1842 2644 USTITIA alterius conjugis propria peculiariter vel ad mariti of¬
1089 2639 1726 2685 ficium proprium pertinet, vel ad uxoris officium proprium
1122 2663 1838 2707 Mariti officium proprium est: 1. tueri urorem, ejus defenso¬
1051 2708 1834 2741 rem, protectorem & tutorem agere Coloss. 3. vers. 19. Hinc dicitu
1057 2733 1847 2774 maritus esse uxori operimentum oculorum apud omnes, Genes. 20.
1063 2771 1715 2809 16. expandere alam vestis suae super uxorem, Ruth. 3. 9.
1087 2798 1841 2842 2. Uxori debitam benevolentiam reddere. I. Corinth. 7. ver¬
1046 2830 1130 2875 sicul. 3.
1080 2854 1849 2904 3. Uxorem decenter rtactare in vestitu, ornamentis & aliis neces¬
1062 2896 1844 2948 ariis. Non enim sicut ancilla, sed ut socia tractanda est: quia non de¬
1059 2933 1480 2971 pedibus, sed de latere viri formata est
1083 2955 1846 3004 4. Pacis conjugalis autorem & conservatorem esse, & si opus est,
1072 3001 1847 3034 rudenter, leniter, uxorem corrigere, admonitionibus benevolentiae
1057 3027 1841 3076 plenis, non iracunde & aspere odiosis reprehensionibus, nec verbis
1057 3065 1846 3101 injuriosis & contumeliosis, multo minus verberibus, ne exacerbe¬
1063 3093 1850 3129 ur uxor & refractaria reddatur: neve ipse matitus autoritatis suae
1063 3129 1841 3178 pacturam faciat apud alios. Nam qui alios ad pacem & concordiam
