2063 3417
225 124 1051 187 salutatiter exhortetur & addicat, qui ipse domi suae cum uxore pa¬
234 189 1029 222 cem & concordiam colere & tueri non novit? Hoc praeceptum ma¬
231 225 1035 261 xime ad ministros Ecclesiae in conjugio viventes & ad presbyteros
235 251 1028 290 Ecclesiae pertinet, ut & ad Reipublicae gubernatores, qui alios dis¬
238 284 1028 321 sidentes ad concordiam revocare debent, ne iis accidat, quoc
231 313 1025 352 Gorgiae Oratori apud: Graecos & Philippo Regi Macedonum
238 349 1035 387 Gorgias excellens Orator, laudatus pluribus in locis in scriptis Ci¬
232 382 1040 429 ceronis, exhortatus erat aliquando Graecos dissidentes ad pacem &
225 417 1027 461 concordiam oratione admirabili artificio elaborata. Cui quum fi¬
231 453 1024 486 nem impesuisset, quidam Melanthus nomine surrexit coram coet¬
231 485 1051 531 qui aderat, & in hunc modum loquutus est: Ecce Gorgias eloquen¬
232 521 1033 559 te oratione nos conatus est ad pacem adducere & concordiam, qui
228 555 1037 589 numerb infiniti sumus: & non novit tam belie perorare domi suae,
231 583 1037 623 quo possit efficere ut uxor & ancilla ejus cum ipso pacate vivant,
237 622 1036 658 quum tres duntaxat sint numero. Nam videre est eos semper rixari
240 653 1033 692 & continue dissidere. Quapropter mihi videtur magna esse ejus te¬
228 683 1028 725 meritas, quod nos ad concordiam exhortatur, quam domi suae ha¬
241 716 1031 761 pere nequit. PHILIPPUS vero rex Macedonum Alexandri Magn
244 762 1034 796 pater quodam tempore cum Olympiade conjuge & filio Alexan¬
231 788 1025 826 dro dissidebat. Advenit tunc ad eum Demaratus Corinthius, ro¬
244 819 1052 866 Satusque a Philippo, Ecquid consentirent iam inter se Graeci? ore
241 856 1037 895 libero respondit, Scilicet tibi convenit de Graecorum concordia agere,
234 891 1036 938 qui dissides ipse a proximis tuis. Sensit eum vera dicere Philippus: ac
231 918 601 970 se rediit, & cum suis in gratiam,
270 956 1036 1002 5. Non obsequi uxori potius quam Deo: nam Adamus non
231 1005 1024 1037 recte fecit dum Evae potius auscultavit quam Deo, Gen. 3. v. 6, 17.
234 1036 1029 1073 Abrahamus etiam peccavit quod suasu uxoris suae duxit etiam Aga¬
231 1062 1038 1101 tam Genes. 16. 2, 3. Salomon rex graviter peccavit in gratiam uxo¬
237 1095 1032 1136 rum 1. Reg 11 3. 4, 5. & rex Achabus vendiderat se ad faciendum
232 1136 1040 1170 quod malum est in oculis Jehovae, quia seducebat eum Izebel uxor
237 1165 466 1210 ejus, 1. Reg. 21. 25.
273 1203 1038 1243 6. Non odisse uxorem si illa sterilis sit, sed potius consolari, eo
230 1244 1033 1284 nomine sese afflictantem: Ita de Elltana patre Samuelis Propheta
226 1276 1040 1308 legitur, ipsum consolatum esse uxorem suam Channam 1. Samue¬
241 1305 1027 1346 lis 1. vers. 8. Channa quare fles? & quare non comedis? & quare
237 1347 977 1382 male se habet cor tuum? annon mel er sum tibi quam decem filij?
270 1374 1037 1414 Vxoris officium proprium est: PRIMUM, matito proprio
229 1403 1041 1449 subjectam esse, 1. Corinth 14. 34. Ephes. 5. 22. Coloss. 3 vers. 18.
231 1446 362 1489 1. Pet. 3. 1.
268 1477 1051 1525 Subjectio uxoris complectitur amorem erga matitum, Ruth. 1.
226 1517 1030 1562 versic. 8. reverentiam erga eundem, Genes. 24. versic. 64, 65. Eph.
235 1552 1031 1595 5. versic. 33. obedientiam quam paret imperio ejus, 1. Petri. 3. versic.
239 1590 1037 1629 6. sociatatem in recte colendo & invocando Deo ad quam a mati¬
229 1621 1031 1662 to seu monitis seu exemplo invitatur, aut etiam ad quam ipsa ma¬
240 1656 1021 1693 ritum exemplo suo adduxit, 1. Petri 3. 1. adjumentum quod marit:
234 1685 1026 1731 praestare tenetur in liberis recte educandis, in paranda & conservan¬
243 1725 1028 1757 da re familiari, in levandis viri curis, afflictionibus, morbis, in tuen¬
237 1754 1029 1791 da vita ejus, &c. Genes. 2. versic. 18. Proverb. 31. 10. & sequenti¬
231 1785 1028 1827 bus. Exempla, Genes. 31. versic. 14, 15, 16. 1. Samuel. 19. versic.
235 1822 665 1870 ri. 1. Samuel. 15. versic. 18. & seqq.
260 1861 1032 1906 Causae hujus officii sunt: 1. quia ad subjectionem uxorem horta¬
238 1905 674 1939 tur Apostolus Eph. 5. 22. Col. 3. 18.
263 1929 1038 1970 2. Est a proprietatis jure, quia nihil est tam proprium uxori,
228 1972 1027 2017 quam maritus suus: quocirca ejus gratia libenter omnia subire de¬
227 2004 407 2044 bet & praestare.
264 2028 1034 2076 3. Quia sic decet in Domino, qui hanc δlαριαν instituit sibi pro¬
228 2061 1022 2102 batam. Ita subjectionem mulierum confirmat Paulus Colossen.
228 2095 1024 2139 IS autoritate Dei, ut illae cogitent, se non bominibus praestare obse¬
234 2132 1032 2179 quium, sed Deo, quum propter Deum matitis suis obediunt: Ac
228 2180 1037 2217 proinde cavendum, ne dum matitis rebelles sunt, Deo ipsi hujus sub¬
237 2201 518 2244 ectionis autori resistant
255 2233 1040 2278 I. Quia mulier post virum demum a Deo creata est, I1. Timoth.
225 2277 295 2317 2. 13.
256 2293 962 2346 5. Quia mulier est ex viro, non vir ex muliere, 1. Cor. 118.
252 2325 1032 2378 6. Quia mulier est creata propter virum, non vir propter mulie¬
225 2378 434 2421 rem, 1. Cor. 11. v.
256 2389 775 2446 7. Quia mulieris caput vit est, Eph. 5. 23.
256 2422 1032 2474 8. Quia mulier primum seducta, causa transgressionis marito
223 2466 1033 2510 fuit, Genes. 3. 16. 1. Tim. 2. v. 14. Sic quae prima in defectione a Deo.
219 2508 569 2546 fuit, est postrema in honore¬
258 2534 1031 2578 . Quia mulier imitati in subjectione Ecclesiam Dei debet quae¬
220 2566 583 2611 sese Christo subjicit, Eph. 5 21.
264 2599 1033 2643 10. Quia & Sata surjecta fuit Abrahamo, quam imitari uxores
220 2631 679 2681 debent sactae siliae Sarae. 1. Pet. 3. v. 6.
256 2653 1019 2711 II. Ut multer promti:udine subjectionis suae maritum si a ver¬
220 2708 847 2750 religione alienus sit, Christo lucrifaciat. 1. Pet. 3. v. 1, 2.
258 2733 1015 2781 SECUNDUM officium uxoris proprium; castam & pudicam, vero
232 2765 1028 2808 cundam & taciturnam, piam & discretam esse, & non luxuriosam,
229 2799 1022 2849 Genes. 20. vers. 16. 1. Petri 3. 2, 3, 4, 5, 6. non contentiosam: nam
236 2843 1031 2883 virum familiamque exodit rixosa mulier, ut stillicidium lapidem,
231 2878 373 2919 Prov. 19. 13.
298 2905 967 2949 TERTIUM, Domi se continere ad familiam regen¬
375 2931 894 2987 dam, non divagari, Proverb. 31. 13. & se¬
577 2967 695 3018 quentibus.
277 3027 995 3087 Hactenus de justitia coniugum inter se: sequitur de
411 3072 853 3136 justitia parentum & liberorum.
1323 177 1663 234 CAPUT LVII.
1270 244 1712 310 In quo de Officiis Oeconomicis.
1113 300 1889 354 TUSTITIA distributiva parentum & liberorum complectitur
1113 339 1559 379 officia tum parentum tum liberorum.
1162 364 1900 420 Parentum officium est, liberos sustentate victu & amictu, 1.
1095 396 1202 442 Tim. 5, 8
1113 444 1880 486 2. Liberos educare in doctrina & disciplina Domini, Deut. 6. 6.
1081 476 1882 517 7. Eph. 6. 4. Col. 3. 21. Parentum igitur est, liberis opera Dei narra
1089 512 1889 553 re, delinquentes castigare, Psal. 44. v. 2. Prov. 1. v. 8. & 3. 1 & c. 4. v. 1.
1099 537 1328 585 & seqq. c 23. 13, 14.
1126 574 1899 618 3. Scandala non praebere liberis idololatria, ebrietate, libidini¬
1096 603 1333 651 bus aut aliis peccatis
1129 639 1886 683 4. Moderate patria potestate uti, ne liberos exacerbent, & ad
1096 672 1893 721 iram provocent, Eph. 6 v. 4. In castigandis moribus lenitate sanan¬
1093 704 1640 752 di potius liberi, quam austeritate exasperandi.
1128 741 1898 782 Castigatio liberorum delinquentium neutiquam intermittenda:
1128 778 1888 826 I. Quia mandata est divinitus, Proverb 19. 18. & cap. 23. vers.
1080 804 1151 850 113. 14
1126 838 1892 891 II. Quia est documentum veri amoris erga liberos, Prov. 13.
1087 870 1169 915 v. 24.
1128 902 1895 961 III. Quia liberis eximit stultitiam & reddit illos intelligentes,
1088 940 1600 989 Prov. 22. 15. Prov. 19. v. 25. & cap. 21. 11
1119 975 1767 1021 IV. Quia proderit illis per totam vitam, Prov. 22. 6.
1131 1008 1890 1058 V. Quia cripit liberos e malo in quod se alioquin praecipitarent
1097 1045 1576 1090 parentum indulgentia, Prov. 23. v. 13. 14.
1120 1069 1894 1122 4. Liberis, si necesse sit & nihil obstet, recte & tempestive pro¬
1101 1100 1892 1158 spicere de conjugio, 1. Cor. 2. 36. Vide Chrysostomi homiliam duo¬
1090 1144 1550 1178 decimam in epist ad Coloss. sub finem
1176 1173 1898 1215 Ante excessum ex hac vita disponere domum suam, & praeci¬
1092 1213 1888 1251 pere liberis familiaeque suae, ut in obsequio Dei fideliter maneant:
1096 1248 1891 1287 eosque gratiae Dei commendare religiosis precibus atque sic eis ul¬
1101 1274 1882 1319 cimum valedicere. Id mandatum Abrahamo Genes 18. versic. 19.
1102 1313 1880 1354 mandatum idem fuit Regi Ezechiae, 2. Reg. 20. vers. 1. Jesaiae3 8
1095 1346 1886 1400 versic. 1. & fecerunt Abrahamus, Isaacus, Jacobus, Gen. 48. & 49.
1093 1376 1439 1421 David 1. Reg. 1. & 2. Psal. 7.
1120 1411 1899 1449 Liberorum officium, est tum honorare parentes & in omnibus hoc:
1094 1436 1899 1483 spectare, ut sancta obedientia parentes laetitia afficiant, ac nequa¬
1089 1482 1886 1515 quam eis moestitiae sint, Ephes. 6. v. 1. Coloss. 3. vers. 20. Proverb.
1098 1516 1885 1551 19. v. 1. & cap. 23, 24, 2,. tum inter se concordes esse & se mutuo
1098 1547 1885 1586 uvare, Psal. 133. 1. tum si aliqui ex ipsis male se gerant, patrem ad¬
1084 1584 1878 1621 monere, ut illi corrigantur & ad meliore frugem revocentur, exem¬
1104 1609 1874 1650 lo Josephi qui fratrum vitia patri retegebat, Gen. 37. 2. Iidem offen¬
1083 1647 1877 1684 siones mutuas vitabunt, praesertim si jam adulti sint: nam fratrum
1089 1676 1882 1730 simultas gravissima est & irreconciliabilis, Proverbiorum 18. ver¬
1090 1708 1202 1755 siculo 19.
1111 1744 1900 1787 Honor erga parentes comprehendit reverentiam, amorem, obe¬
1084 1776 1899 1815 dientiam, ανλπι λαργιαν seu gratitudinem erga parentes. 1. Timoth. 1
1084 1813 1899 1853 5. 4. tolerantiam infirmitatum, ut iracundiae & duritiei illorum &
1095 1842 1899 1882 aliarum infirmitatum, quae sine nominis divini contumelia tolerati
1097 1881 1879 1919 possunt, Lev. 19. 3. Matth. 15. 1. Marc. 7. 11, 12. Christus ostendi
1099 1912 1877 1955 quinto mandato Decalogi, ut liberi parentibus benefaciant. I
1099 1948 1886 1993 Timoth. 5. 4. Enitendum liberis ut parentibus sint gaudio & exsul¬
1090 1978 1316 2017 tationi Luc. 1. v. 14
1119 2005 1883 2050 Parentibus honor exhibendus est a liberis: I. Quia parentibus
1086 2045 1889 2091 Deus mandat honorem exhiberi a liberis, Levit 19. 3. Proverb. 23.
1096 2083 1169 2123 22, 26.
1125 2115 1882 2154 II. Quia illorum manu Deus liberos vult ducere ac regere, E¬
1078 2136 1375 2192 phes. 6. 4, 9. Col 3. 19.
1119 2181 1891 2222 III. Quia honoris parentibus debiti exhibitio est documentum
1092 2213 1641 2256 hominis sapientis, Prov. 10. 1. & cap. 15. v. 26.
1126 2238 1892 2280 Beneficentiae erga parentes & propinquos Josephus exemplum
1083 2280 1892 2326 singulare est, qui non solum patrem, sed & fratres, a quibus acerbe
1084 2315 1886 2353 & immaniter tractatus venditusque erat, totasque eorum familias
1098 2346 1888 2386 gravissima fame laborantes, in AEgyptum transtulit, & liberaliter
1084 2382 1145 2420 aluit.
1116 2413 1886 2452 Honori parentibus debito opponitur contumelia & illicitus honer.
1122 2447 1889 2488 Contumelia in parentes, est poccatum, quum quis honorem pa¬
1087 2478 1885 2519 rentibus debitum non exhibet, ex negligentia quadam, non haben¬
1092 2512 1879 2552 do illorum justam rationem: aut si quis ex malitia ignominia eor
1087 2550 1891 2591 afficit, odio habet, illis contumax est, & recusat benefacere quum
1093 2582 1880 2622 possit, aut malesicia pro beneficiis reponit, sive eos percutiendo
1086 2611 1883 2652 sive aliis modis laedendo: aut alioquin male se gerit, non respondens.
1078 2649 1433 2687 institutioni, speique parentum.
1119 2677 1529 2725 Omnibus autem modis fugienda:
1114 2712 1574 2751 I. Quia severiter a Deo prohibita est.
1110 2741 1887 2786 II. Quia certas poenas attrahit, ut ostendit exemplum Chami,
1089 2776 1336 2821 Gen. 9. v. 22. & seqe
1117 2814 1886 2865 III. Quia est indicium stolidi animi Prov. 10 1. & cap. 15. v. 20.
1089 2843 1406 2887 & cap. 17. v. 25. & cap. 19. 13.
1122 2873 1877 2920 IV. Quia parentibus moerorem & pudorem affert, Prov. 10. v. 1,
1085 2913 1281 2959 5. & cap. 19. 26.
1129 2930 1889 2985 V. Quia parentes evertit bonis & eorum animos avertit a tali
1084 2976 1725 3026 prole, ut fugiant & exhorrescant ipsum, Prov. 19. 26.
1119 2996 1893 3050 Inprimis autem cavenda malitiosa contumelia in parentes, veluti
1079 3046 1888 3086 si quis patrem aut matrem percusserit, etiamsi non sequatur mors aut
1095 3083 1879 3123 grave corporis damnum, si quis parentibus maledixerit: I. Quia sit
1086 3109 1430 3161 gulariter a Deo prohibetur.
1101 3134 1886 3194 II. Quia supplicio capitali a Magistratu jussu Dei plecti debet
1095 3173 1306 3225 Exod. 21. v. 15, 17.
