2063 3422
211 147 964 200 Illicitus honor erga parentes, est quum quis majorem habet ratio¬
183 188 886 230 nem parentum, quam Dei. Prohibetur Matth. 8. v. 21, 22.
243 235 922 290 Hactenus de sanctitate coniugii: sequitur de cura
478 279 680 330 rei familiaris.
414 357 745 411 CAPUT LIIX.
267 407 886 466 In quo de officio dominorum & servorum.
231 473 970 530 URA rei familiaris complectitur officia dominorum & ser¬
256 510 338 548 vorum.
259 543 961 584 Officium dominorum, est 1. curam rei familiaris, quam solic
177 573 974 617 te gerere. Itaque injustus est qui familiaris curam abjicit. De hoc
183 615 979 651 officio dominorum multa passim in Proverb. Salomonis. Pigritia
183 641 967 683 igitur & luxuries fugienda. Eccles. 10. v. 18, 19. Temeratiae spon
177 681 970 717 sionibus facultates in periculum non adducendae: sed ab eo qui te¬
184 716 980 752 mere fidem pro alio interposuit, pignus exigendum Prov. 20. 16.
215 741 973 778 2. Servos & ancillas, DEI amantes & pietati studentes alere
187 772 971 817 Psalm. 101. versic. 6, 7. eosdemque in officio continere. Prov. 29.
183 807 275 852 vers. 25.
207 829 823 880 S. Moderate uti suo in servos imperio. Eph. 6. v. 5.
223 875 970 914 Id sit dupliciter: primo si domini servos non gravent nimiis labo¬
181 906 980 946 ribus, semperque meminerint, eos non esse asinos sed homines. Deinde,
178 939 982 981 sullis placide imperent; placide etiam eos cum officium neglexerunt,
181 978 973 1012 objurgent, ne verbis durioribus exasperentur; & verberibus inhu¬
186 1006 976 1050 mane & crudeliter eos ne laedant, aut vulnerent, meminerintque si¬
187 1038 983 1082 bi etiam esse Dominum in caelis, apud quem non est personarum.
180 1072 973 1111 respectus. Eph. 6. 9. Ideo etiam servitutis duritiem & tristitiam mi¬
186 1104 970 1145 tigare voluit olim Deus in populo suo, jubens servum Hebraeut.
189 1147 974 1181 pretio emtum post sex annos servitutis gratia dimitti, Exod. 21. 2.
189 1168 982 1211 Quin etiam mancipia, id est, servos & ancillas pretio emtos crudeli¬
183 1202 984 1242 ter tractari Deus vetuit, & pro oculo aut dente servi ancillaeve excus¬
187 1237 790 1278 so, liberos eos dimitti imperavit, Exod. 21. 26, 27.
224 1268 979 1314 4. Remunerati benefice labores servorum, ut ne compulsi neces¬
186 1301 362 1346 sitate furentur.
219 1334 985 1386 Officium servorum, est, I suos dominos omni honore dignos du¬
184 1367 662 1409 cere, & non despicere. 1. Tim. 6. v. 1, 2.
220 1402 979 1452 2. Ex animo imperatos a dominis labores perficere. Ephes. 6.
188 1438 267 1485 vers. 5.
207 1468 982 1512 3. Esse fideles in commissis sibi a dominis ut bona eorum con¬
184 1501 415 1546 servent, Tit. 2. 10.
231 1533 987 1577 t. Morum integritatem custodite, ne uxor, ne filii & filiae vel
188 1565 509 1611 alii conservi corrumpantur.
225 1598 985 1643 Causae cur servis hoc officium praestandum, sunt. Prima, quia of¬
186 1629 980 1669 ficium illud mandat Dominus, quum ita ait per Apostolum, Colos¬
181 1675 988 1709 sen. 3. vers. 22 Servi auscultate Dominis vestris, Itaque illi qui ser¬
183 1703 989 1738 viunt, non tam homines respicere debent, quam Deum. Is enim
189 1735 989 1773 est qui illis hoc onus imposuit, quique illis mandat ut dominis
192 1764 985 1804 auscultent, donec Deo visum fuerit, libertate corporali eos do¬
185 1801 248 1842 nare.
223 1829 990 1872 Secunda, quia officium illud non praejudicat quicquam libertati
191 1861 979 1904 spirituali, non illam adimit, imo ne imminuit quidem: quia ausculo
193 1901 986 1932 tant in statu suo servili dominis secundum carnem, qui in spiritum
182 1925 985 1967 ipsorum nullum jus obtinent. Quod est optimum & praestantissi¬
187 1962 980 2001 mum, liberum est; Servitus tantum est carnis, ac proinde non per¬
192 1992 985 2034 petua, sed ad breve tempus: dominium cui subsunt est secundum car¬
193 2024 982 2068 nem seu carnale, ac proinde temporale & breve. Quicquid enim est
196 2059 674 2100 carnale, est caducum & non diuturnum.
231 2083 979 2126 Tertia, quia id requirit timor Dei. Qui enim Deum timet, offi¬
193 2117 992 2158 cium sibi injunctum a Deo, studiose & non invitus facit. Qui Deum;
189 2154 685 2193 timet, nihil mali facit, etiamsi nemo videat,
237 2181 985 2227 Quarta, quia officium illud Domino potius exhibetur, quam ho¬
183 2215 982 2257 minibus: quia Domino Christo serviunt. Deum enim & Servato.
186 2257 980 2292 rem, nostrum Christum servi Christiani honorant, & doctrinam ejus
196 2285 983 2325 ornant, quum fideliter Dominis suis serviunt, Tit. 2. v. 10. Ephes. 6.
198 2321 403 2366 v. 5, 6. Col. 3. 23.
231 2354 985 2397 Quinta, quia recepturi sunt a Domino mercedem haereditatis,
191 2382 986 2421 hoc est, quam obsequio & fidelitati ipsorum gratuito rependet ut fi¬
201 2421 986 2458 liis & haeredibus: nam haec haereditas ex adoptione est. Colossen¬
197 2456 274 2498 3. v. 2.4.
232 2480 980 2524 Sexta, quia qui injuriam intulerit, referet injuriam quam intule¬
195 2519 986 2555 rit, hoc est, luet pro illa poenas, nimirum sive servus sit, sive domi¬
193 2549 977 2589 nus. Coloss. 3. 25. Servus enim infert injuriam domino, fraudulem
189 2583 980 2621 ter opus sibi demandatum faciens aut intervertens aliquid quod he¬
190 2617 992 2653 ti est. Jam si inique egerit, non solum hominem offendit, sed &
199 2649 980 2687 Deum quem in admissa adversus carnalem Dominuin fraude con¬
192 2686 976 2722 temsit. Herus vero infert injuriam, si servum fidelem iniusta saevi¬
193 2719 985 2754 tia premat, & indignis modis tractet, operasque eius non compen¬
188 2748 346 2786 set benevole
288 2797 916 2842 ffustitia distributiva Oeconomica declavata est:
489 2844 712 2897 sequitur politica.
432 2917 748 2970 CAPUT LIX.
321 2979 872 3038 In quo de fide in promisis & pactis.
216 3037 985 3090 TUSTITIA distributiva politica privata, est quae in societate poli¬
216 3073 817 3126 Jtica praestari debet ad reipublicae conservationem:
237 3143 874 3194 pansia: gratitudo & honor Magistratui politico debitus.
283 3106 1001 3156 Eaimque conspicuam reddunt fides in promissis & pactis, & ob¬
1053 146 1823 188 Esi DESINPROMISSIS ET PACTIS, est viitus per quam
1023 178 1831 222 fiunt & constanter servantur promissa & pacta conventaque. Unde
1032 219 1825 264 etiam constantia in promissis & pactis dicitur: & veritas politica, quod
1032 254 1702 290 in contractibus & negotiis politicis maxime requiratur
1068 276 1820 333 Virtus haec est rara admodum inter homines: unde querelae
1032 309 1825 355 Psal. 12. 2. Defecerunt veraces ex filiis hominum. Jerem. 5. versic. 1.
1026 352 1822 393 Percurrite plateus Ierosolymorum, & videte jam atque cognoscite & dis¬
1037 387 1829 425 quirite in plateis cius, an inveniatis virum an sit qui exerceat jus, re¬
1035 417 1180 463 quirat fidem.
1066 445 1565 487 Ea sancte servanda, colenda & exercenda:
1059 477 1820 524 I. Quia nobis a Deo ipso mandatur. Nam Christus Matth. 23
1035 520 1832 553 23. graviora Legis esse, id est, in quibus plus est momenti quam in de¬
1030 551 1832 590 cimarum solutione, docet, judicium, nusericordiam ac fidem, quae
1042 584 1828 622 oportet facere. 1. Tim. 4. 12. esto exoolus si lelium in sermone, in con¬
1038 617 1834 665 versatione, in charitate, in spiritiu, in fiducistitate. & cap. 6. 11. Se¬
1029 647 1570 694 ctare justitiam, pietatem, fidem. 2. Tim:
1060 674 1835 723 II. Quia est documentum regenereniani: spiritualis: est enim
1026 709 1832 754 inter fructus Spiritus, de quibus Gal 5 n2 sienaees spiritus est chari¬
1029 748 1639 787 tas, gaudium, paex, irae cohibitio, benignitos, fides, tSeo
1056 773 1840 818 III. Quia in, ptimis placet & probatur Dec, jer. 5. v. 3. O Ieho¬
1032 813 1481 850 va, oculi tui annon spectarent ad si dens
1068 837 1834 888 IV. Quia a Deo praemia exiimia hanet 2. Cam. 26. versicul. 23.
1030 873 1828 915 Iehova reddet unicuique justitiam suans esitem suam. Psalm. 15. ver.
1035 912 1840 952 sicul. 1, 2. quis habitaturus est in menes sunciitatis tuae? qui loquitur
1045 949 1834 989 veritatem ex animo suo, & v. 4, 5 juratur iu damnum suum non tamen
1029 981 1552 1015 mutat: qui facit ista, nunquam dimo vebitur:
1066 1005 1828 1048 V. Quia ad illam exempla aliorum nos invitant, 2. Tim. 3. v. 10.
1041 1043 1834 1090 Tu vero assequutus es doctrinam meam, vitae meae rationem, proposi¬
1029 1077 1220 1121 tum, fidem, &c.
1066 1102 1835 1154 Fidei in promissis & pactis, opponitur perfidia & simulata fides in
1017 1142 1232 1190 promissis & pactis
1074 1178 1839 1234 Perfidia in promissis & pactis, quum quis non stat promissis & pa¬
1030 1205 1496 1257 ctis conventisque, nulla justa ex causa.
1072 1241 1226 1286 Est fugienda,
1068 1274 1849 1320 I. Quia prohibita est a Deo in Lege Decalogi, Non dices falsum
1044 1302 1180 1354 testimonium.
1071 1335 1705 1386 II. Quia summopere Deo displicet, Hose. 4. v. 1, 2.
1078 1372 1652 1420 III. Quia poenam habet comitem. Hos. 4 v. 3.
1068 1400 1838 1455 Simulata fides in promissis & pactis, est quum quis prae se fert, se
1048 1438 1852 1499 esse & fore observantem promissorum & pactorum, hoc agens, ut
1018 1477 1712 1521 E tandem eludat eum cui se promisso aut pacto obstrinxit.
1075 1506 1450 1554 Etiam atque etiam fugienda est:
1071 1533 1543 1585 I. Quia a Deo prohibita in Decalogo.
1071 1565 1834 1617 II. Quia Deo prorsus displicet, ideo de ea querela est gravis Psa¬
1046 1611 1844 1650 12. v. 3. Vanum loquuntur alter cum altero, labio blanditiarum, du¬
1045 1637 1286 1683 plice corde loquuntur.
1294 1741 1587 1797 CAPUT LX.
1264 1798 1621 1870 In quo de observantia.
1119 1869 1835 1922 BSERVANTIA, θεργσια est virtus per quam homines ve¬
1101 1884 1849 1952 Daetate vel statu vel officio, vel donis quibus a Deo ornati
1122 1934 1834 1984 sunt, nobis superiores debito honore prosequimur & colis
1080 1962 1844 2021 Idque credendo eis sermonis, sedis, actionisque omnis primatu,
1035 2005 1835 2051 vel gestibus idoneis pro ratione personarum, locorum & temporum
1038 2037 1838 2090 vel reverenter eos alloquendo, ut David fecit erga Saulem quam:
1036 2065 1304 2107 vis hostem, 1. Sam. 24.
1084 2101 1343 2134 Virtus haec exercenda:
1071 2126 1838 2177 I. Quia divinitus est mandata, Rom. 12. v. 10. Honore alii aliis
1051 2170 1838 2212 raeeuntes. Et cap. 13. v. 7. Reddite omnibus quod debetis, &c. cui honos
1036 2195 1250 2235 debetur, honorem.
1071 2227 1828 2274 II. Quia favorem conciliat apud alios, ut ostendit exemplum Ja¬
1039 2270 1835 2322 cobi Patriarchae, qui observantia sua Esavi favorem sibi demeruit,
1044 2295 1134 2337 Gen. 33
1081 2325 1842 2378 III. Quia eam suo exemplo commendant fideles, ut Abrahamus
1039 2358 1197 2410 Gen. 23. v. 7.
1279 2432 1592 2490 CAPUT LXI.
1252 2488 1617 2554 In quo de gratitudine.
1099 2544 1831 2594 IRATITUDO, est virtus per quam agnoscimus & profite¬
1050 2589 1831 2633 Imut, a quo & quanta beneficia acceperimus & declaramus
1114 2621 1831 2659 studium praestandi benefactoribus nostris mutua officia ho¬
1040 2645 1334 2693 nesta ac possibilia nobis.
1074 2677 1399 2728 Eaque est vel animi vel facti
1071 2709 1831 2760 Gratitudo animi, est qua benefactoribus pro beneficiis datis gra¬
1035 2747 1654 2788 tiam habemus, etiamsi compensare ea non possimus
1072 2774 1835 2818 Eaque declaratur tum gratias agendo pro datis beneficiis, con¬
1048 2815 1828 2859 servando eorum memoriam, eaque apud alios celebrando, & bene¬
1050 2857 1832 2894 precando piis votis, pro successu bene de nobis meritorum: tum ge¬
1042 2883 1835 2929 rendo voluntatem & animum ad compensationem aut praestanda
1039 2916 1415 2953 officia possibilia promtissimum.
1078 2947 1826 2987 Gratitudo facti, est cum studemus referre gratiam aequalem bene
1044 2973 1829 3025 de nobis meritis, & sic beneficia nobis exhibita compensare cona¬
1042 3012 1586 3050 mur ipso facto, hoc est, donis & officiis mutuis
1075 3041 1421 3086 Utraque studiose declaranda,
1084 3068 1823 3122 I. Quia est praecepta a Deo, Gal. 6. v. 6. Communicet autem quo
1021 3108 1819 3146 Linstituitur in sermone, cum eo qui se instituit, omnia bona. Praecept:
1035 3148 1832 3190 est quibusvis, etiam Regibus & Principibus, sicut David Salomoni
