2063 3418
186 181 1004 219 cula nono. & Achabi in Benhadadum, primo libro Regum, capite
202 212 701 266 vigesimo, versiculo quadragesimo-secundo
271 256 899 309 Haec de exsequutione legum bonarum: sequitur
397 305 782 363 de abrogatione legum noxia¬
544 356 641 386 rum.
231 397 979 442 Quemadmodum ad officium boni Principis & Magistratus per¬
195 440 985 484 tinet, bonas leges antea latas observare, novas promulgare & utras¬
198 473 901 519 que exsequi: ita ejusdem officium est, leges noxias abrogare.
238 499 980 546 ex noxia est quae veritatem inauditam damnat; quae vetat audi¬
193 543 980 587 re homines, quod auditum damnare non possint. Tertullian. Apolo
208 571 626 615 getico adversus Gentes, capite primo¬
222 598 985 639 Et capite quarto ejusdem Apologetici ait Tertullianus: Si lex tuae
195 638 977 675 erravit, puto ab homine concepta est: neque enim de coelo ruit. Mirami¬
192 668 979 705 ni hominem aut errare potuisse in lege condenda, aut resipuisse in repro¬
199 703 986 738 banda? Nonne & ipsius Lycurgi leges a Lacedemoniis emendatae, tan¬
189 739 980 779 tum autori suo doloris incusserunt, ut in secessu inedia de semet ipso ju¬
189 769 973 802 dicarit. Nonne & vos quotidie experimentis illuminantibus tenebra
195 805 986 838 antiquitatis totam illam veterem & squalentem sylvam Legum no¬
198 833 979 869 vis Principalium rescriptorum & edictorum securibus truncatis & cae¬
201 863 987 904 ditis? Nonne vanissimas Papias leges quae ante liberos suscipi cogunt,
204 900 980 945 quam Iuliae matrimonium contrahi, post tantae autoritatis senectutem
193 934 977 975 heri Severus constantissimus Principum exclusit? Sed & judicatos i1
197 963 976 1009 partes secari a creditoribus leges erant: consensu tamen publico crude
189 996 990 1037 litas postera erasa est, & in pudoris notam capitis poena conversa est,
204 1031 983 1072 bonorum adhibita proscriptione; suffundere maluit hominis sangui¬
204 1063 986 1102 nem quam effundere. Quot adhuc vobis repurgandae leges latent, quas
199 1102 982 1137 neque annorum numerus, neque conditorum dignitas commendat, sed ae
205 1138 989 1169 quitas sola? & ideo cum iniquae recognoscuntur, merto damnantur:
198 1161 1004 1202 licet damnent cum iniquas dicimus, imo si Nomen puniunt, etiam stul¬
196 1197 240 1234 tas
499 1237 710 1290 Haec de legibus.
234 1292 994 1341 Electio & constitutio tum administrorum gubernationis tum do¬
206 1332 995 1374 mesticorum principis seu Magistratus, ut perquam necessaria est, ita
208 1366 461 1410 & legitiina esse debet
244 1402 989 1442 Administri gubernationis sunt; Senatus seu Consilium; & Iudices
202 1428 438 1467 alisque his subordinati
236 1452 982 1499 Differunt Senatus seu Consilium, & Judicium seu Judices: & id
199 1496 1004 1530 optiina quaque Republica distinguuntur. Consilium ad publicam
205 1530 991 1564 Reipublicae administrationem requiritur: Iudicium ad privatas cau¬
198 1562 983 1604 sas & lites cognoscendas decidendasque. Sic in Republica Israelitica
207 1593 986 1629 aliud fuit Consilium: aliud Judicium. Consilium nominabatur σui¬
196 1627 983 1667 εδριον, Consessus, distinctumque erat synedrium politicum ab Eccle¬
206 1662 991 1698 siastico. De politico Synedrio, consessu, Consitio sive Senatu agitur?
200 1692 979 1730 Numeror. 11. De Judicio sive Judicibus Exod 18. Deuter. 1. Discere
195 1729 973 1762 nuntur eadem Matth. 5. versic. 22. Quicunque irascitur fratri so teme¬
204 1761 982 1794 re, tenebitur juditio: quicunque vero dixerit fratri suo, raca, tenebitur
204 1792 992 1826 consessu, &c. Sic Romae alia fuit Senatus in consiliis alia centumvira¬
201 1822 900 1859 lis judicii in litibus autoritas: Sic Athenis, sic Lacedaemone.
231 1853 998 1893 Celeberrimi quique Reges nihil sine consilio puocerum faciebant,
204 1892 808 1923 veluti David, Salomon, Assuerus seu Xerxes magnus
237 1917 989 1958 Porro eligendi & constituendi sunt a Principe seu Magistratur
204 1950 974 1990 summo, tum Senatores seu Confiliarii, tum Judices atque adeo om¬
205 1983 977 2019 nes gubernationis administri tales, qui sint Dei timentes, sapientes
208 2026 987 2056 prudentes, temperantes, veraces. justi, &c Exod. 18. 21. Genes. 41. v.
204 2056 976 2087 33. 2. Chron. 19 v. 5. & sequentibus, Psalm. 101. 4, 5, 6, 7. Proverb. 16.
198 2087 977 2123 13. Daniel. 2. v. 48, 49 & 6. 2, 3. Vide Francisci Junii Commenta.
198 2120 667 2158 riuni in Psalmum centesimum-primum.
237 2137 980 2187 Quae damna improbi Senatores seu Consiliarii, & Judices aliiqui
210 2179 985 2223 gubernationis administri adferant Reipublicae, docetur Chabbac. 1.
207 2213 385 2258 v. 4. Ps. 10. & 12.
243 2237 979 2291 Hic igitur explicanda monita, necessaria tum Senatui seu Consi¬
208 2270 836 2310 liariis, tum Judicibus & aliis administris gubernationis.
234 2302 977 2352 Consiliarii Judicesque & administri gubernationis alii, praeser¬
208 2334 986 2378 tim qui ab exili loco repente ad summos honores sunt exaltati, su¬
209 2379 970 2421 perbiam, ambitionem & impiorum maleficorumque hominum de
195 2413 980 2449 fensionem, piorumque Dei cultorum & innocentium hominum op¬
210 2439 973 2483 pressionem omnibus modis fugiant. Nam superbi, ambitiosi & fau
201 2481 979 2517 tores impiorum ac maleficorum, & oppressores piorum atque inno¬
204 2509 976 2550 centium hominum de dignitate & autoritate sua deturbantur just.
201 2540 991 2582 judicio Dei, & tandemmiserrimo luctuosoque fato pereunt, atque
196 2577 982 2611 ita producti in theatrum fiunt exempla inconstantiae rerum huma¬
207 2606 976 2642 narum, ut Achitophel consiliarius Davidis, Joabus, Schebna praefe¬
201 2637 982 2673 ctus praetorio in regno Judaeae sub ChiaLija, Jes. 22. versic. 15, 16, 17.
195 2677 978 2714 18, 19, 25. Epatchi & Satrapae Darii Medi Danielem opprimere co¬
213 2704 983 2738 nantes Dan. 6. Haman sub Rege Achaschvero; Sejanus sub Tibe¬
205 2737 991 2775 rio Imperatore; Claudius & Henricus Guisii in Gallia sub Carolo
204 2768 460 2809 IX. & Henrico III.
236 2796 983 2837 Quin etam caveant, ne sint administri injustitiae & crudelitatis
208 2828 990 2878 Principis seu Magistratus adversus pios & innoventes: nam tales ju¬
214 2863 983 2907 dicium Dei non effugiunt, ut ostendit exemplum Doegi, de quo Ps.
211 2899 985 2939 52. exemplum item praetorianorum Nebucadnetzaris Magni, qui
207 2931 761 2971 socios Danielis in fornacem conjecerant, Dan. 3
232 2959 986 2997 Multo minus absque scitu, voluntate & jussu Principis seu Magi¬
208 2983 977 3037 stratus summi quenquam interficiant, aut injuste tractent. Exempl
204 3027 988 3059 sit Joabus qui occidit Abnerum & Amasam inscio & postea impro¬
207 3057 992 3104 bante Davide, & vicissim occisus est jussu Davidis a Salomone Rege,
212 3091 325 3135 1. Reg. 2.
237 3125 980 3168 Sed potius crudelitati Principis subtrahant innocentes, eosque oc
201 3157 998 3202 cultent, pascant, conservent, ut fecit Hobadja praefectus domui Acha¬
1028 178 1837 225 bi, 1. Reg. 18. 3. 4. Non sint autores Principi suo ut belium injustum
1036 217 1838 261 moveat & copiis nagnis confidat, 1. Regum capite 10. versiculo 23.
1048 254 1114 294 24. 25.
1065 283 1826 324 Maneant fidi Principi seu Magistratui suo legitimo, nec ab eo per¬
1038 308 1838 348 fide deficiant: nam perfidi & defectores puniuntur a Deo, ut Achi¬
1045 348 1831 396 tophei qui a Davide Rege defecerat ad Absolonem, 2. Samuel. cap.
1041 379 1167 419 17 vers. 23.
1098 405 1828 451 VUAERITUR, MAn quis bona conscientia possit in aula impii &
1042 444 1798 485 idololatrici Regis seu Principis vivere & fungi officio aliquo aulico;
1071 476 1838 518 Ad quaestionem hanc cum distinctione respondendum: nam vel
1045 501 1822 553 subditus est quis regis seu Princicipis impii & idololatrici aut alioqu
1047 543 1837 581 legitime vocatus ad officium aliquod, vel non. Si est subditus aut a¬
1048 575 1828 614 ioquin legitime vocatus, potest in aula Regis seu Principis idolola;
1039 609 1825 647 trici vivere & fungi aliquo officio bona conscientia in iis rebus & ne¬
1051 641 1833 676 potiis quae voluntati Dei non repugnant, ut fuit Iosephus Patriarcha,
1053 672 1823 714 Gen. 41. v. 39, 40. & Hobadjia praefectus domui regis Achabi 1. Reg.
1045 708 1832 744 capite 18. versiculo 3. Daniel & amici ejus Dan. capite 2 versiculo
1045 741 1835 784 18, 49. & capite 5. versiculo 29. & capite 6. versiculo 2, 3. Si quis au¬
1041 771 1831 818 tem nec subditus nec legitime vocatus est, is si ultro sese ingerat, pro¬
1039 803 1244 847 cul. dubio peccat.
1077 829 1834 877 IUDICES inecprimis justitiae studeant in causis & litibus forensi¬
1048 872 1835 914 bus cognoscendis decidendisque: id enim praecipitur Exod. 23. vers.
1041 906 1829 941 6, 7. 8, 9. Deuteron. 1. vers. 16, 17. & cap. 16. v. 18 19, 20. 2. Chron. 19.
1047 938 1840 974 v. 6, 7. Psalm. 82 v. 3. 4. Jesa. 1. vers. 17. absit injustitia, absit favor ini¬
1051 970 1565 1012 quus in judicio, absit rigor injustus & nimius.
1076 994 1831 1036 Injustitia in judicio, est non tantum quum adimitur alicui quod
1058 1037 1826 1070 psius est, sed etiam quum processus in dijudicatione causarum a le¬
1057 1064 1832 1113 ibus deflectit: veluti si una tantum pars audiatur, altera non item
1048 1098 1416 1146 quod nequaquam faciendum:
1074 1131 1457 1176 I. Quia Lege Dei est vetitum.
1081 1165 1835 1210 II. Quia justitia causae cognosci nequit, nisi utroque litiganti¬
1044 1203 1849 1239 um audito, Proverb. capite 18. versiculo 17. Iustus videtur qui primus
1056 1234 1757 1268 est in lite sua; donec adveniente proximo ejus, pervestiget illum.
1080 1265 1834 1307 Favor iniquus in judicio, est peccatum cum judices alteri partium
1057 1292 1840 1341 litigantium plus aequo favent, velut pauperibus misericordiae specie,
1047 1333 1837 1366 vel divitibus ob amicitiam aut dona aut metum offensionis & inimi¬
1057 1361 1835 1407 citiarum, vel ob alias causas. Vocatur etiam σωροσυποληθία, id est,
1051 1395 1831 1434 personarum acceptio, quae est tribuete justa iniustis, vel praemia non
1057 1434 1828 1470 meritis; veluti si judex relinquens cauiae meritum de qua judicat, al
1053 1468 1836 1509 teri contra alterum suffragatur, quia invenit aliquid in persona quod
1041 1491 1835 1545 honore vel miseratione sit dignum. Vocatur etiam δαροφαγια, id est,
1041 1528 1277 1568 munorum acceptatio
1083 1549 1522 1598 Caveri debet favor iniquus in judicio:
1074 1588 1838 1631 I. Quia prohibetur a Deo Exodi capite vigesimo-tertio, versi¬
1047 1630 1832 1673 culo tertio & sexto: Levit. capite decimo-nono, versiculo decimo¬
1050 1658 1119 1706 quinto
1071 1686 1835 1734 II. Quia Deo displicet: ut displicuit in judicibus Jezreelis, qui
1045 1720 1847 1770 Nabothum in gratiam Regis Achabi damnaverant & lapidaverant,
1038 1757 1169 1802 1. Reg. 21.
1062 1789 1840 1841 III. Quia malus est, Proverb. capite decimo-octa to, versiculo
1043 1821 1123 1869 quinto
1078 1852 1827 1906 IV. Quia exsecrabilis est omnibus, Proverb. capite 24. versic.
1042 1889 1118 1930 23. 24.
1072 1922 1833 1967 V. Quia punitur a Principe seu Magistratu summo: aut hoc
1045 1959 1838 1998 connivente vel ignorante, a Deo ipso, ut Haman qui injuste rmorti
1041 1990 1834 2027 adjudicaverat Judaeos & in iis Mardochaeum, justo supplicio punitus
1044 2025 1829 2068 est a Rege Achaschvero, Esther. 7. vers. 9, 10. Huc pertinet quod dicit
1045 2048 1835 2099 Ecclesiastes cap. 5. vers. 8. Si oppressionem pauperis, interversienemque
1041 2083 1838 2138 juris ac justitiae videris in ipsa provincia; ne mireris de ista uoluntate:
1045 2116 1718 2157 nam altus superior alto observat, imo altissimus superior istis.
1065 2149 1826 2202 Caveri ab iisdem debet δυχοφαγια, munerum captatio & accepta.
1031 2171 1073 2213 tio.
1117 2204 1763 2258 Quia prohibetur a Deo, Exod. 23. v. 8. Deuter. 16. v. 19.
1065 2240 1742 2288 II. Quia coarguitur a Deo Jesa. 1. v. 23. Prov. 17. v. 23.
1075 2274 1829 2332 III. Quia munera excaecant oculatos, (d est, sapientes) & per¬
1028 2314 1480 2349 vertunt verba justorum, Exod. 23. v. 7.
1078 2343 1824 2382 OBJECTIO. Proverb. 18. 16. dicitur: Donum hominis in later
1045 2375 1825 2418 collocat eum, & ante faciem magnatum deducit eum: Ergo δυροφα¬
1035 2405 1170 2451 γία est licita.
1069 2434 1819 2486 RESP. Salomon Proverb. 18. v. 16. docet quid fieri soleat, non
1054 2471 1250 2512 quid sit faciendum
1078 2500 1828 2542 Rigor injustus & nimius in iudicio, est peccatum quum vel insons
1028 2534 1824 2578 contra ius damnatur & opprimitur, vel necens gravius damnatur &
1041 2574 1819 2610 premitur quam juri sit cinsentancum, etiamsi id sub praetextu juris
1040 2601 1381 2641 fiat. Caveri debet a judicibus
1077 2630 1586 2674 I. Quia prohubetur a Deo. Prov. 17. v. 26.
1074 2665 1643 2707 II. Quia summuni jus summa saepe injuria est.
1207 2706 1643 2754 Haec de administris gubernationis.
1078 2765 1824 2812 Domesticos Principis seu Mogistratus vocamus, qui officia praestant
1037 2800 1813 2841 domestica in minister ic domesticis, aut quasi domestica, ut pote
1041 2832 1825 2878 quibus mugis operam quam consilium Princeps seu Migiitratus
1050 2872 1823 2911 xigit: ut sunt ministri domestici, cubicularii, custodes corporis, quae¬
1034 2898 1813 2935 stores, satellites & viatores, praetoriani, praesidiatii. Et hi quoque ut ju¬
1048 2934 1821 2970 sti, temperantes, veraces, sinceri sint, omniumque virtutum studiosit
1044 2965 1822 3003 Princeps seu Magistratus curabit, ne domus ipsius male audiat pro¬
1059 3003 1811 3040 ter domesticos ipsius. Proverb. 16. 13. Imo ut domesticos sapientes
1045 3036 1826 3071 pios, temperantes, justos, castos habeat, institutione & exemplo illis
1053 3064 1817 3096 praeibit: sicut Regina Schebae dicebor Salomoni, . Reg. 10. 8. Brati
1038 3095 1816 3129 homines tui, beati servi tui, isti: qui stanies coram te iugiter audiunt,
1051 3128 1816 3179 sapientiam tuam, Habet Princeps seu Magistratus exemplum lau¬
1048 3158 1646 3201 datissimum, quod imitetur, Dav dis Regis, Psal. 101.
