2063 3413
214 158 961 211 RESP. Bellum licet gerere tantum adversus hostem, sive exter¬
183 197 958 241 nus is sit, sive intestinus. Sic Abraham & Josua bellum gesserunt ad
177 235 967 275 versus hoctes externos: Israelitae adversus domesticos, nempe Benja¬
172 268 965 308 minitas: David adversus Israelitas, qui partes Ischbosethi duce Ab¬
174 299 965 340 nero sequebantur: Idem David adversus subditos rebelles, qui pri¬
184 333 974 373 mo Absolomum sibi regem constituerant, deinde Sebam sequeban¬
177 374 220 413 tur.
213 396 965 434 Non licet autem bellum movere & gerere adversus amicos sivi
186 426 968 467 cognati sint sanguine, sive conjuncti ejusdem religionis orthodoxa¬
184 467 959 504 vinculo. Nam Deus noluit ut Rechabeamus rex Judaeae bellum ge¬
177 501 968 533 reret adversus Jarobeamum & Israelitas, qui a domo Davidis defe¬
180 527 964 567 cerant, 1. Reg. 12. vers. 24. Ne pugnate contra fratres vestros, filios
178 567 965 602 raelis. Sic Deus noluit, ut Israelitae terram sibi promissam occupatur
183 597 956 632 ri bellum miscerent cum Edomaeis & Moabitis, Deuteron. 2. Ac
187 629 968 670 versus fratres igitur & concives ejusdem reipublicae aut sanguine jun¬
181 659 962 698 ctos bellum non gerendum: quod qui faciunt, justo judicio Dei, ex¬
187 694 812 738 itum sibi accersunt, ut accidit Ephraimitis, Judic 12. vi.
219 726 802 773 Causae belli justae sunto, ut bellum ipsum justum sit,
216 759 617 797 Eaeque vel a nobis sunt, vel ab aliis.
217 796 515 837 Anobis justae causae sunt:
216 812 984 866 I. Ut purum Dei cultum conservemus & defendamus contra
176 855 973 894 temeratios corruptores & violentos omnes oppressores ejus, sive do¬
177 888 968 929 mesticos, sive exteros. Testantur exempla, Josuae 22. vers. 31. & seqe.
179 921 975 960 mu tis. Nechem. 4 v. 9. & seqq. Dan. 11. v. 34. & in historia Macha¬
186 958 291 1002 baeorum.
216 985 983 1027 Proinde etiam bellum ob defensionem religionis verae in Scri¬
196 1020 974 1066 tura Sacra praescriptae ab inferioribus Magistratibus, adversus ty¬
186 1056 526 1100 tannos susceptum, est justum.
213 1084 967 1127 II. Ui contumaciter resistentes justitiae publicae, quae in puni
177 1119 974 1162 endis publicis & notoriis delictis declaranda est, ad officium compel¬
184 1151 987 1192 lantur Hoc fine Israelitae bellum decreverant adversus Binjaminitas
186 1185 682 1226 & divino jussu postea gesserunt, Jud cap. 20.
219 1212 974 1256 III. Ut regnum, libertatem & salutem publicam, subditos &
183 1248 974 1286 facultates eorum vel tueamur, vel recuperemus. 2. Samuel. 8. & capi¬
190 1279 986 1322 te 10. & 11. Judicum 19. versic. 29. Neque ulla frequentior causa est,
187 1314 974 1356 arma justa capiendi quam servitutis depulsio, quam vitae & incolu¬
187 1349 983 1399 mitatis tutela contra vim & immoderatam dominationem potenti¬
187 1384 830 1434 orum, publicam libertatem & salutem opprimentium
229 1418 590 1461 Ab aliis justae causae afferuntur:
207 1445 968 1486 II. Si vicini, vel alii orthodoxae religionis consortes, quamvis re
181 1485 991 1520 motiores, ob veram religionem tyrannice opprimantur, ut hos erua¬
183 1514 973 1554 mus & vindicemus. Sic olim Constantinus Magnus Christianis ad
183 1554 982 1586 versus sex hostes, Diocletianum, Maximianum, Galerium, Maxen¬
184 1578 983 1618 tium, Maximinum & Licinium, suppetias tulit & tyrannis devictis
192 1614 977 1651 Christianos in libertatem vindicavit. Proinde supperias ferre exteris
193 1646 982 1683 ob religionem a tyrasio aliquo vim injustam patientibus, est justum.
186 1678 973 1720 Hoc fine hactenus Germani bedum gesserunt ad defensionem Hun
186 1710 956 1761 garorum adversus Turcas haereditatios Christi refigionis hostes.
219 1743 986 1782 II. Ut vicinos atque in-primis propinquitate junctos aut federet
183 1779 977 1818 aliquo, ex manibus hostium liberemus. Eo fine Abrahamus Loth.
192 1814 982 1851 agnati sui liberandi gratia, ut & aliorum cum ipso in captivitatem ab¬
193 1841 970 1880 ductorum vernas suos armavit & hostes persequutus est eosque ce¬
201 1873 976 1909 cidit: & Lotum aliosque captivos reduxit, una cum facultatibus ipso¬
199 1906 986 1944 rum, Genes. 1. 3. Sic Israelitae Gibeonitatum liberandorum causa ad¬
195 1945 974 1981 versus Reges aliquot exercitum duxerunt, eosque ceciderunt Jos. 16.
241 1970 986 2013 Extra has causas bellum adversus neminem suscipiendum. Nam
201 2003 983 2049 qui vel elatione quadam animi, & praesumtione vanam consequendi.
196 2038 983 2080 victoriam, vel nullis injuriis lacessitus, bellum alii infert, eumque ad
201 2066 985 2104 conflictum provocat: plerunque infel xest, ac sibiipsi, atque Reipu¬
195 2102 974 2139 blicae toti infortunium accersit: ut Amurzia rex Judae insignem con¬
207 2139 980 2176 tra Edomaeos victoriam consequutus erat, quam elatus Joaschum re¬
204 2165 980 2204 gem Israelis bello lacessivit, & ab eo fusus, captus, gravi mulcta affe¬
201 2200 989 2241 ctus est, ut legitur 2. Reg. 13. Iosias tex Judae nullis affectus injuriis a
202 2232 982 2266 Pharaone Necone Rege AEgypti, bellum contra eum temere susce¬
202 2264 992 2304 pit, & in conflictu vulnere accepto ex eo mortuus est, regnumque
204 2302 824 2344 Judaicum perturbutum reliquit, ut legitur 2. Reg 25.
235 2325 985 2365 Vel qui eo fine bellum movet ut facultates diripiat aliorum:
206 2365 996 2405 quamvis illi pacem colant & causam bello nullam praebuerint aut
204 2402 983 2439 praebeunt; is justam belli causam non habet. Eo fine Benhadadus
214 2430 985 2467 ex Syriae bellum moverat Achabo, sed infeliciter, ut legitur I. Re¬
209 2468 313 2511 gum 20.
231 2490 995 2541 MODUS etiam belli gerendi justus esse debet. Sicut enim opti¬
208 2531 991 2566 ma ac justissima causa male agendo redditur vitiosa: Ita bellum, si
201 2562 979 2600 modus ejus justus negligatur & excedatur, sit injustum. Modus au
211 2598 989 2631 tem est tum necessitas inevitabilis, tum crudelitatis militatis coerci¬
214 2625 985 2661 tio. Bellum enim tum demum justum censetur, si etiam sit necessari¬
201 2663 986 2700 um, id est, si incidant necessitates & angustiae rerum hujusmodi, ut vi¬
214 2692 994 2730 ri fortes non possint aliter vel obtinere vel retinere quod justum est,
206 2724 986 2765 & apud omnes Gentes sanctum habetur, nisi vi armata. Omnia e¬
205 2761 985 2794 nim consilio prius tentari oportet, quam armis: Ut Achabus movi¬
211 2786 995 2826 bellum non necessarium quod ei exitiosum fuit, 1. Reg. 22. Similiter
220 2822 982 2863 Amazja rex Judae 2. Chron. 25. 17. & Josias rex Judae 2. Cliron. 31.
205 2858 985 2893 20, 21. Quod si ad arma necessitate quadam ventum est; militatis ta¬
204 2886 989 2926 men insolentia, rapacitas & crudelitas coerceri severis legibus & poe¬
216 2920 997 2955 nis debet, aliisque modis omnibus. Sic Abner admonuit Joabum, ut
211 2949 997 2987 desisteret cedere Israelitas fugientes, 2. Samuel. 2. versicul. 26., 4: in
208 2987 990 3025 aeternum, inquit, consumet giadius? an nescis amaritudinem fore infi¬
210 3019 1000 3066 ne? quousque ergo non edices populo isti, ut auertantur a persequendis fra¬
214 3046 335 3088 tribus suis
240 3078 1000 3114 Huc pertinet quod legitur Lucae 3. versicul. 14. Interrogarunt Io¬
214 3107 989 3149 hannem Baptistam milites, dicentes, Et nos quid faciemus? Et ait eis
210 3143 993 3201 Neminem concutite, neque dolo opprimite; & contenti estote st pendius
1039 169 1817 210 pestris. Deuteronom. 20. vers. 19. praecipit Deus: Quum ebsidecis a¬
1033 201 1823 234 liquam civitatem diebus multis oppuguando cam, ut capias eam ne
1033 234 1823 277 perdito arbores ejus vibrando in eas securim, si ex eis comedere potes;
1024 260 1240 305 easque ne exscindito.
1051 291 1813 339 Leges de actionibus bellicis aliae sunt de apparatu hostilem aggres¬
1023 323 1820 378 sionem praeeunte: aliae, de ipsa aggressione hostili: aliae, de consequente.
1030 367 1638 406 vel victoria vel fuga, Deuter 20. v. 2. & sequentibus
1050 389 1820 436 In apparatu praecedente, Principum sive Ducum duo sunt officia:
1027 430 1811 474 primum, quod per alios praestant; secundum, quod per seipsos, Deut,
1022 463 1168 502 20. vers. 2, 5.
1047 487 1829 539 Alii quorum opera Principes sive Duces bellicos in apparatu bel¬
1020 519 1778 562 lum praecedente utuntur, tum politici sunt, tum ministri Ecclesiae
1066 562 1819 594 Politici vel annonae curatores sunt, Jud. 20. 10. vel militum collecto.
1024 594 1819 628 res & lustratores: vel munitionum exstructores aut reparatores 2. Chro¬
1023 625 1825 662 nicor. 32. versic. 5. vel navantes operam in auferendo hostibus com¬
1024 661 1829 704 meatu, usu fontium & fluminum & aliis commodis quibus uti pos¬
1023 692 1298 733 sent, 2. Chron. 32. 3, 4.
1062 722 1826 764 Per ministros Ecclesiae exercitum primo doceant, opus esse omni¬
1026 753 1826 797 bus humiliatione sui coram Deo, conversione ad ipsum, resipiscentia
1030 789 1817 826 seria, atque imploratione remissionis peccatorum; quum bella non
1023 828 1820 860 casu, sed divina providentia accendantur, & sint plerunque commu¬
1031 861 1829 899 nes poenae utriusque partis. Id docetur Jud. 20. in exemplo Israelita¬
1035 892 1828 924 rum, qui non prius potuerunt Binjaminitas vincere, quam ad Deum
1038 920 1825 968 serio conversi essent & voluntatem ejus cognovissent, praestante se¬
1038 952 1563 995 dulam in eo operam Pinchaso nepote Aaroni¬
1056 981 1823 1023 Secundo, ut eosdem nioneant, etiam in causa optima fngiendam
1042 1017 1828 1059 esse carnalem secutitatem & temerariam victoriae praesumtionem;
1042 1060 1831 1094 quali peccavit Benhadad rex Syria, 1. Reg. 20. 10. non fidendum in
1039 1090 1817 1123 multitudine, Psalm. 33. versic. 16, 17. non in sacramentorum usu ex¬
1029 1122 1835 1158 terno, ut olim Israelitae in praesentia arcae federis, 1. Samuel 4. versic.
1039 1157 1826 1187 4. 5. sed victoriam esse cum vera fide & resipiscentia exorandama
1045 1186 1831 1226 Deo, quum ipse doceat feliciter praeliari, largiatur robur animi, vi¬
1039 1221 1826 1264 resque corporis, & det victoriam, Hebr. 11. 32, 33, 2. Sam. 22. versic.
1029 1252 1832 1291 35. & sequentibus. Psal. 18. versic. 35. & seqq. Psalm. 144. versic. 1, 2.
1033 1283 1831 1319 Benedictus sit Iehova rupes mea, qui docet manus meas praelium & di¬
1029 1321 1829 1358 gitos meos haellum. Benignitas mea & propugnaculum meum. &c. Psal.
1036 1351 1828 1389 20. quuinqus etiam optimam causam habentes, nisi ad Deum con¬
1035 1388 1831 1419 versi sint eumque recenciliatum habeant & animis ad ipsum respici¬
1029 1420 1831 1453 ant, ab hostibus caedantur justo judici. Dei, quemadmodum Israeli¬
1039 1453 1562 1486 tae a Binjaminitis bis caesi fuerunt, Judic. 20.
1060 1483 1833 1525 Tertio, ut eosdem hortentur, forti ut sint animo, & non timeant
1038 1509 1834 1555 hostes, etiamsi multi & potentes & formidabiles sint, proposita DEI
1045 1553 1834 1588 praesentia apud ipsos in causa justa, Deuteron. 20. versic. 2, 3. 4. Ex¬
1036 1579 1838 1632 eadem necessitate perpetua etiam lex aequitate sua est perpetua, 25.
1041 1611 1267 1651 Chron. 13. v. 12, 13.
1065 1644 1846 1699 Proinde ministri Ecclesiae recte in expeditiones bellicas una pro¬
1039 1677 1160 1717 ficiscuntur.
1068 1710 1846 1760 Officium quod Duces per seipsos praestant est: Militum delectus &
1029 1744 1657 1784 ordinum militarium constitutio, Deuteron. 20. v. 5, 9.
1069 1773 1841 1819 Delectus militum talis esto, ne admittant, neve admissos tolerent
1035 1806 1841 1858 impios & sceleratos homines, propter quos caeteri divina ope desti¬
1035 1844 1840 1895 tuti ab nostibus caedantur, quod accidit Israelitis, qui propter scelus
1051 1882 1834 1921 chanis ab Hajitis caesi fuerunt, Josu. 7. Ne recipiant timidos, & ad
1042 1916 1839 1955 bellum ineptos: neque qui domorum, vinearum, uxorum fructum
1039 1945 1844 2002 nondum perceperunt, ne omnino eis fraudentur, Deuteron. capite
1054 1969 1139 2014 igesimo
1074 2006 1843 2060 Oodinum militarium constitutio talis esto, ut primo sit princepo
1035 2038 1840 2094 militiae, postea chiliatchi, tum centuriones, deinceps praefecti quin¬
1062 2074 1839 2123 fagenis, postmodum decuriones, &c. 2. Samuel. 23. 2. Reg. 4. 1.
1050 2098 1760 2147 Chrosi. 12. v. 2, 1S, Num. 31. 23. 2. Sam. 8, v. 18. 2 Chron. 25.
1079 2136 1841 2194 Aguressio hostilis vel praedatio est ex hostico: vel obsidio locorum
1041 2169 1476 2210 ad hostem pertineutium: vel praelium
1070 2198 1841 2256 Leges de hofuli aggressione definiunt officium tum principis mi¬
1030 2222 1283 2273 litiae, tum reliquerum
1071 2261 1829 2324 Principis militiae officium duplex est: unum erga Deum: alterum
1064 2299 1196 2338 ga homines.
1068 2332 1835 2383 Officium ejus erga Deum est, ut ad ipsum fide respiciat, ipsum se¬
1050 2363 1828 2420 dulo invecet, in ipso fiduciam collocet & victoriam non a sua pru¬
1041 2401 1825 2442 dentia, non ab armis, non ab exercitu, sed a Deo exspectet, & cum i¬
1056 2428 1836 2481 psemet preces ad Deum concipiat, non illas a tota Ecclesia expetat,
1028 2458 1837 2507 IPsal 20. 2. Psal. 44. v. 2, 3. 4, 5, 6, 7. 8. Nam ut legitur I. Sam. 17. 47.
1052 2499 1833 2544 Et cognoscent tota congregatio haec, non glacdio aut husta Iehovam ser¬
1041 2532 1837 2575 vare. Sic pii Reges fide & precibus a Deo obtinuerunt hostium con¬
1042 2565 1825 2603 tritionem. Theodosius Magnus magis precando quam praelianda
1050 2592 1829 2634 Eugenium & Arbogastum vicit. Et Psal. 33. vers. 16, 17. Non est rea
1042 2632 1826 2669 qui servetus maltitudire copiarum, potens non cripitur multitudine.
1051 2662 1832 2700 virium: Mendax est equus ad salutem, & multitudine roboris sui non
1048 2695 1829 2732 liberat sesserem. Exemplo est Benhadad rex Syriae jactabundus & in¬
1053 2729 1829 2763 multitudine copiatum suarum confidens, 1. Reg. 20. v. 10, 18. Lu¬
1050 2758 1421 2804 dovicus rex Ungariae, Annc 152.
1072 2788 1832 2827 Ertta homines officium ejus duplex est: unum erga hostes; alterum
1053 2815 1145 2864 ergat inos.
1077 2853 1838 2895 Erga hostes offitium ejus est, ut ante aggressionem, ipsos ad facien¬
1041 2884 1828 2931 dum id quod justum est hortetur, quo conflictus hostilis evitetur, &
1054 2931 1826 2970 equis conditionibus pacem proclamet, vel per se, vel per legatos, Deut
1056 2956 1625 2999 20. v. 10 Judic. 29. 12, 13. 2. Chron. 13. v. 4. & seqe.
1081 2985 1832 3026 Erga sues officium habet duplex: unum ad exercitum animan¬
1046 3018 1842 3073 dum spectat: alicram ad aggressinnem ineundam, I. Sam. 10. v. 9,
1047 3060 1486 3093 10, 11, 12. 2. Chron. 20. v. 16, 17, 18, 19.
1086 3084 1835 3124 Ad exercitum animaeaiaiiitariν o, ut hortationibus utatur?
1056 3118 1825 3158 ad strenue pugnamitua mitar is potentia & potentia; 2. Chron
1048 3155 1840 3202 32. versic. 6, 7, 8. timaanni ineellitate & honeltate, ut pote quod
