2063 3429
147 210 961 254 spiritus; in sua imagine quam Scripturae Sacrae impressit, vult a nobis
153 253 943 294 recognosci. Scripturae Sacrae autor est: varius dissimilisque esse non
165 281 946 321 potest. Qualem igitur se illic semel exhibuit, talis perpetuo maneat
160 321 251 365 oportet.
189 345 950 387 SECUNDUM: Ierem. 31. v. 33. 34. ait Deus; Indam Legem meum
159 389 913 418 cordibus eorum & omnes me cognoscent a minimo ad maximum:
186 417 648 458 Ergo Sacra Scriptura non est nobis opus
190 443 940 489 RESP. Proceditur e falso oppositis: nam interna Scriptura Le¬
159 476 946 520 gis in cordibus, non tollit externam in Sacris literis comprehensam.
160 510 953 548 Illa enim inditio Legis in cordibus nostris nihil est aliud quam vera
159 548 950 589 illuminatio & conversio cordium, & confirmatio de remissione pec¬
162 577 946 611 catorum; quemadmodum ex ipso contextu patet. Statim enim sequitur
168 610 944 644 Cognoscent me omnes a minimo usque ad maximum, ait Dominus.
162 646 953 684 quia condonabo iniquitatem ipsorum & peccati ipsorum non recor¬
163 675 944 715 dabor amplius. Hoc est quod promittit se velle cordibus eorum in
155 705 371 748 dere & imprimere
202 730 953 777 TERTIUM: Ioh. 6. v. 44, 45. ait Christus: Nemo potest venire ad
166 773 944 806 me, nisi Pater, qui misit me, traxerit eum: & ego suscitabo ipsum ul
174 802 949 838 cimo illo die. Scriptum est in Prophetis, Et erunt omnes docti a Deo.
168 835 952 877 Quisquis ergo audivit a Patre & didicit, venit ad me. Ergo Scriptu¬
168 865 479 908 ra Sacra non est nobis opus.
198 892 953 938 RESP. Plus infertur, quam ferat antecedens. Nam verborum.
169 930 943 970 CHRISTIsensus non est, omnes Christianos intellecturos divina re¬
166 972 950 1009 velatione omnia arcana Scripturarum, ita ut non sint amplius Scriptu¬
159 1000 961 1040 rae ipsis necessariae, sed tales futuros, ut non solum audiant magistrum
165 1031 958 1075 exterius explicante verbum Dei, sed etiam audiant intus magistrum Deum
165 1063 961 1099 suadentem, ut faciant quod audiunt. Dum sit concio, omnes audiunt
168 1099 952 1133 & intelligunt quod dicitur, sed unus credit, alius non credit: unus con¬
172 1129 959 1167 vertitur a peccato ad resipiscentiam, alius non convertitur: illi prio¬
168 1166 967 1202 res docti dicuntur a Deo, isti posteriores non item. In hunc sensum
177 1194 965 1235 protulit hoc loco ex Prophetis testimonium Dominus, Joh. 6. 45. Est.
174 1224 965 1263 scriptum in Prophetis: & erunt omnes docti a Deo. Quisquis ergo au¬
165 1261 958 1299 divit a Patro & didicit, venit ad me. Et Apostolus 1. Thes. 4. v. 9. Di.
171 1291 962 1332 fraterna charitate non necesse habetis ut scribam vobis: ipsi namque di¬
168 1322 953 1365 vinitus docti estis, ut diligatis alij alios. Deus igitur illuminat intelle¬
175 1354 968 1389 ctum, & fide viva donatos ad CHRISTUM tranit, & sensum Scriptu¬
171 1385 967 1425 rarum illis aperit, non ut abjectis Scripturis per se sapiant: sed ut scri¬
171 1422 973 1463 pturas intelligant & majore reverentia prosequantur. Videmus id in
165 1455 959 1498 exeplo discipulorum Christi. Luc. 24. v. 44, 45, 46. nam etsi a Patr.
180 1487 959 1531 tracti essent ad Christum, etsi dono gratuito Patris eum agnovissent, et¬
174 1518 964 1554 resuscitatum ex mortuis oculis suis vidissent, etsi contrectandum se eit
183 1553 964 1596 praebuisset, etsi in conspectu eorum edisset: tamen ne quid fallaciae se
177 1589 971 1628 pati arbitrarentur, necessarias illis judicavit Scripturas S. ut ex illis
178 1621 961 1659 confirmarentur, dixitque eis: Hi sunt sermones quos loquutus sum vo¬
181 1649 968 1683 bis quum adhuc essem vobiscum, oportere impleri omnia quae scriptae
178 1681 974 1723 sunt in Lege Mosis, & Prophetis, & Psalmis de me. Tunc aperuit eorum
181 1715 958 1758 mentem, ut intelligerent Scripturas. Et dixit eis, Ita scriptum est, &
171 1747 971 1781 ita oportuit Christum pati, & resurgere ex mortuis tertio die. Ac licet
177 1778 971 1817 Apostoli in fide Christi essent abunde confirmati, tamen tantum abest
177 1811 962 1858 ut Scripturam S. abjecerint, ut etiam deinceps multo magis necessa
172 1845 962 1880 rium censuerint, ex Scripturis omnia quae docebant approbare, ut to¬
180 1877 965 1917 tum Novum Testamentum testatur. Imo ex hac ipsa concione Christ.
193 1910 977 1949 oh. 6. c. descripta patet, Christum judicavisse: Scriptura necessaria esse
177 1941 967 1974 siquide ea quae dicebat, ex scriptis Prophetarum confirmabat. Nonne
187 1973 971 2008 Christo de se aliquid testanti vel absque aliis testibe credi oportuit? O¬
180 2005 967 2050 portuit sane: sed quanta sit Scripturarum necessitas propter infirmitate
184 2039 973 2072 nostra & ad fidei nostrae certitudinem, ostedit eo ipso quod dicta sua e
192 2069 961 2107 Scripturis firmavit. Quicunque igitur Sacram Script, negant esse ne¬
193 2104 962 2138 cessariam, illi Christi Spiritum, qui in Apostolis fuit, non habent a¬
186 2136 974 2179 proinde a Patre non audiverunt, non didicerunt, nec ad CHRISTUM.
187 2174 956 2209 venerunt, qui a Scripturis S. neminem abducit, sed ad eas perducit.
219 2204 965 2245 QUARIUM: Matth. 23. 8. dicitur: Vnus est Magister vester Chri¬
189 2225 701 2277 stus. Ergo Sacra Scriptura non est necessaria.
225 2261 974 2301 RESP. Proceditur ex falso oppositis: nam CHRISTUS & Scri¬
192 2299 967 2340 ptura S, non sunt opposita. CHRISTUS est Magister noster, quia do¬
186 2331 970 2366 cet nos, sed non tantum foris coram viva voce sua ut fecit versans i1
183 2368 981 2405 terra, nec tantum Spiritu suo intus, sed etiam per Scripturas S, & per¬
192 2395 971 2430 ministros suos, ex Scripturis S. loquentes. Quin etiam quum adhu¬
193 2427 983 2470 in terra versaretur, discipulos suos docuit per Scripturas S. sic & post.
193 2469 980 2501 adscensionem suam ad coelos & effusionem Spiritus S, e coelo, Eccle¬
198 2489 981 2531 siam suam docuit & doceri voluit ab Apostolis per Scripturas, & vuli
192 2524 973 2558 usque ad finem mundi. Deinde CHRISTUS in allegato Matthaei loce
192 2560 979 2601 prohibet solum ambitionem & affectationem magisterii: idque inde
205 2590 991 2631 manifestum est, quia ibidem reprehendit Scribas & Pharisaeos, quod
205 2625 987 2665 amarent salutari ab hominibus Rabbi: non prohibet autem Scri¬
194 2654 445 2706 pturas Sacras discere
234 2683 982 2730 QUINTUM: Paulus ait I. Cor. 2. v. 15. Spiritualis homo omnia di¬
192 2719 763 2761 judicat: Ergo Scriptura Sacra non est necessaria.
235 2742 985 2797 RESP. Syllogismus integer foret talis; Quicunque est spiritualis
204 2785 989 2819 homo omnia dijudicans, ei Scriptura Sacra non est necessaria: Fideles
211 2817 991 2858 sunt spirituales homines omnia dijudicantes, ut dicitur I. Cor. 2. v. 15.
198 2849 986 2886 Ergo fidelibus Sacra Scriptura non est necessaria. At primo negatur
205 2885 982 2922 propositio major: nam spiritualis homo, id est, Spiritu S. praeditus &
216 2917 995 2954 per eum regeneratus ac vera fide donatus, omnia dijudicat, id est, fa¬
207 2949 998 2981 cile certum fert judicium de omni doctrina quae proponitut, utrum sit
201 2980 992 3019 θεοπνδνσος, necne: idque facit quotidie scrutans Scripturas, an haec ita
207 3016 999 3060 se habeant quae ab aliis audivit vel in aliorum scriptis legit, ut osten¬
207 3051 993 3092 dit exemplum Beroeensium Actor. 17. 11. Confirmanda igitur era
219 3079 994 3114 propositio major, quae est τὸ κρινόμινον: sed pro ea probatur minor
210 3117 993 3152 quae est extra controversiam. Deinde hoc vult tantummodo Paulus
214 3146 1004 3185 fideles praeditos Spiritu Dei intelligere ac discernere omnia dogma¬
216 3177 424 3224 ta, ne seducantur.
1027 202 1790 245 INETANT Libertini, & ajunt, Paulum de solo Spiritu Sancto lo¬
1018 243 1789 277 qui nulla facta mentione Scripturae Sacrae, v. 12. 13. Nos vero non spi¬
1006 286 1796 317 ritum mundi accepimus, sed Spiritum qui est ex Deo: ut sciamus quae
1005 314 1802 354 Deus est nobis gratificatus: Quae etiam loquimur, non sermonibus.
1005 349 1802 387 quos docet humana sapientia, sed quos docet Spiritus S spiritualia;
1014 385 1500 419 cum iis quae spiritualia sunt conjungentes.
1037 410 1795 455 RESP. Etsi Paulus in his versibus Scripturae divinitus inspirata
1005 447 1792 489 expresse non meminit: non tamen eam a mediis consequendi sapi¬
1015 486 1799 522 entiam salvificam exclusit. Imo in hac epistola & in aliis, quin etiam
1002 511 1792 553 in hoc ipso capite ea quae docebat, ex Scriptura S. confirmavit: neces¬
1009 545 1562 587 sariam igitur esse homini spirituali satis ostendit
1032 576 1786 618 SEXTUM: I. Iohan. 2. 20. dicitur; Vos unctionem habetis a Sanct
1014 610 1796 651 illo profectam & nostis omnia: & v. 27. Unctio quam vos accepistis ab¬
1011 643 1801 680 eo, manet in vobis: nec necesse habetis ut quisqua doceat vos; verum
1005 674 1793 720 sicut eadem unctio docet vos de omnibus, quae & verax est, & non
1015 707 1795 754 mendax: & sicut docuit vos, manebitis in eo. Ergo nobis Sacra Scri¬
1013 741 1291 794 ptura non est necessaria.
1042 771 1801 820 RESP. Syllogismus integer hujusmodi est; Quoscunqu. Vnctio a
1010 814 1802 856 Sancto illo profecta docet omnia, ijs Scriptura S, nen est necessaria: At¬
1007 853 1795 889 qui vere fidelesUnctio a Sancto illo profecta docet omnia: Ergo vero
1005 885 1799 920 fidelibus Scriptura Snon est necessaria. Verum propositio major ne¬
1017 916 1798 956 gatur, est enim falsa, ideo, quia in ea opponuntur quae opposita non
1012 949 1802 984 sunt, nec se mutuo tollunt. Nam unctio interna, & doctrina Scriptu¬
1018 977 1790 1012 rae externa non sunt opposita: sed optime consentiunt: Externa do
1014 1007 1805 1044 ctrina inanis est, nisi intus ungat nos & perfandat intelligentia San¬
1018 1042 1805 1079 ctus S. Johannes igitur unctionem illam internam commendat, &
1020 1077 1801 1114 ad eam attendere jubet, ut a qua verae intelligentiae & fidei promanet
1033 1105 1808 1146 rincipium: externam autem doctrinam non reijcit, nam & ipse per¬
1011 1136 1800 1171 hanc ipsam epistolam docebat, quam certe legere & meditari opor¬
1020 1170 1805 1212 tuit eos ad quos scribebat, si sensum Johannis assequi & haec ipsa de
1017 1205 1802 1248 unctione interna cognoscere voluerunt. Quomodo enim cognovis¬
1027 1231 1810 1273 sent, nisi legissent, cum ipsos coram Johannes tum non doceret viva
1020 1268 1802 1307 voce? Optime autem hunc locum interpretatur Augustinus in tract
1020 1304 1802 1342 3. in epist. Joh. in haec verba, Unctio vos docet omnia. Quid ergo no¬
1027 1333 1801 1366 facimus, fratres, qui docemus vos (inquit August.) si unctio ejus doce¬
1017 1371 1808 1409 nos de omnibus? Quasi nos sine causa laboraremus. Et ut quid tantur
1029 1401 1814 1441 clamamus? dimittamus vos unctioni illius, ut doceat vos unctio ipsi¬
1036 1441 1811 1473 us. Sed modo mihi facio quaestionem, & illi ipsi Apostolo facio. Digne¬
1023 1462 1809 1499 tur audire parvulum quaerentem a se: Ipsi Iohanni dico Unctionem
1026 1494 1804 1531 habebant quibus loquebaris: Tu dixisti, quia unctio ipsius docet vos
1029 1529 1814 1564 de omnibus: Vt quid talem epistoles fecisti? quid illos tu docebas? quid
1028 1565 1813 1601 instruebas? quid aedificabas? Hucusque dubitationem proposuit? jam
1023 1596 1817 1631 responsionem subjungit. Sequitur ergo apud Augustinum in hunc
1023 1628 1802 1668 modum: Iam hic videte(inquit) magnum Sacramentum fratres. So¬
1027 1663 1805 1704 nus verborum nostrorum aures parcutit, magister intus est. Nolite.
1030 1697 1804 1735 putare quenquam hominem aliquid discere ab homine. Admo¬
1027 1729 1817 1764 nere possumus per strepitui, occes nostrae, si non sit intus qui doceat
1026 1756 1817 1799 inanis sit strepitus noster Adeo, fratres, vultis nosse? Nunquid non
1031 1788 1818 1826 sermonem istum omnes aundistis, quam muiti hinc indocti exituri
1039 1820 1814 1859 sunt! Quantum ad me pertinet, omnibus loquutus sum, sed quibus
1027 1856 1811 1895 unctio illa intus non loquitur, quos Spiritus Sanctus intus nondo¬
1033 1886 1813 1925 cet, indocti redeunt. Magisteria forinsecus adietoria quaedam sunt.
1036 1920 1826 1958 & admonitiones: Cathedram in coelo habet, qui corda docet. Scon per¬
1039 1951 1814 1995 git porro August. atque huc refert illud CHRISTI dictum, quod ha¬
1036 1985 1817 2027 betur Matth. 23. Nolite vobis dicere magistrum in terra: unus est
1042 2021 1823 2059 magister vester Christus. Ipse ergo vobis intus loquitur, quando ne¬
1039 2088 1814 2126 corde tuo. Et non sit nullus in corde tuo, unctio ipsius sit in corde, ne¬
1028 2118 1819 2156 sit in solitudine cor sitiens, & non habens fontes quibus irrigetur In¬
1028 2147 1787 2183 terior ergo magister docet, Christus docet, inspiratio ipsius docet.
1066 2181 1820 2223 SEPTIMUM: Scriptura non valde certa nobis est, nisi Spiritus San¬
1038 2205 1685 2250 cti testimonio nobis confirmetur: Ergo non est necessaria.
1066 2245 1820 2289 RESP. Negatur consequentia: quia mutuo quodam nexu Do¬
1031 2284 1814 2320 minus Scripturae S. Spiritusque sui certitudinem inter se copulavit, ut
1035 2348 1810 2391 get illis Spiritus S. qui nos in Scriptura faciem Dei contemplari fa¬
1039 2385 1826 2419 ciat: ut vicissim absque hallucinationis metu Spirium Dei amplexemur,
1039 2412 1826 2456 subi illum in sua imagine, hoc est, in Sacra S.recognoscimus. Nequa¬
1050 2446 1828 2484 quam Scripturam suam hominibus subitae ostentationis causa in me¬
1042 2480 1829 2524 dium protulit Deus, quam Spiritus sui adventu extemplo aboleret:
1041 2511 1820 2545 sed eundem Spiritum, cujus virtute & inspiratione Scripturam dicta
1050 2542 1820 2578 verat Prophetis & Apostolis & per eos Ecclesiae commendaverat
1041 2576 1823 2617 submisit, qui suum opus efficaci Scripturae Sacrae seu verbi Dei scri¬
1056 2610 1381 2653 ti confirmatione absolveret.
1080 2642 1838 2689 OCTAVUM: I. Thess. 5. 19. ait Paulus, Spiritum ne extinguite.
1077 2710 1828 2751 RESP. Aliud concluditur quam ferat intentio Pauli, qui dum
1053 2742 1832 2772 hortatur fideles ne Spiritum extinguant, non jubet eos inanes extra
1051 2772 1838 2809 & praeter verbum Dei scriptum speculationes sectari, iisque acquiesce¬
1044 2809 1838 2842 res sed continuo subjicit, non spernendas prophetias, id est, Scripturae
1049 2841 1844 2878 Sacrae interpretationes. Quo procul dubio innuit, Spiritus lucem
1053 2872 1841 2913 praefocari simul atque in contemtum veniunt Prophetiae; ac proinde
1055 2901 1279 2945 & Scripturae divinae
1083 2941 1846 2980 His & talibus igitur argumentis Libertini nequaquam evicerint,
1057 2975 1841 3016 Scripturam Sacrani necessariam non esse, sed illuminationem Spi¬
1059 3009 1853 3047 ritus exspectandam omisso ac valere jusso verbo Dei scripto, quod
1053 3041 1855 3082 vere fideles norunt esse organum quo Spiritus sui illuminationem
1059 3072 1355 3124 ipsis Dominus dispensat.
1162 3117 1751 3171 Sic refutata est sectae Libertinorum vaesania.
1102 3172 1864 3221 Anabaptistae ut modestiores videantur, Novi quidem Testamen¬
