2063 3419
220 255 1013 290 Audet vero affirmare, esse alicubi corruptam, saltem negligentia li¬
232 299 1001 333 pratiorum, sic ut neque sit necessarium, neque tutum corrigere, quio
237 324 1004 362 quid ab ea in versione Latina dissentit. Affirmationem suam conatur
226 354 581 399 aliquot exemplis planam facere
247 375 1013 422 Primo ait 1. Cor. 15. v. 47. legendum esse: Primus homo de terra
232 421 1016 460 errenus, secundus homo de coelo coelestis: ut non solum Latina versio.
213 456 1003 486 habeat, sed etiam Galvinus probet cap. 7. Inst 5. 12. At Graecos con¬
216 483 1000 521 stanter legure, secundus homo Dominus de coelo, σ δδυτερος αυορωπος
214 518 1007 561 νρνος εζ α 2νο. Quam depravationem ait mansisse vitio scriptorum
220 549 1023 586 ex corruptionibus Marcionis, ut pateat ex Tertullian. libr. quinto in
226 582 350 618 Marcionem
243 616 995 657 RESP. Primo. Negatur esse corruptum Graecum hujus loc
216 652 1010 691 textum. Optime enim respondent membra, si substantiae & qualita¬
226 679 995 715 tum antithesin dicamus fieri in hunc modum. o πξῶτος αυδζω πος
229 714 997 752 nempe καν ἔσίανι, εκ γῆς, χρικος (nimirum κγποιθτηζαδ ὀδδυτερος αυ¬
219 742 1004 786 Sποςπνρν& videl. καῖ ἐσιανι, ἔκ αανοIscil. κ ποιο ] Nam
216 779 1003 820 κνριος, DOMINUS, hic est Jehova ex Graecorum usu, idemque Dei
217 809 1009 847 Filius. Non abs reita scripsit Paulus; sed Bellarminus Scripturam
219 844 1001 882 flagellat abs re: quam Calvinus non putavit temere mutandam, ut
216 875 995 912 iste facit, sed recte exponendam. Loci sunt Institut. lib. 2. cap. 12. & I3
216 906 1004 947 & lib. 4. cap. 17. Sed nusquam haec Pauli verba nisi religiose a Calvi¬
214 947 994 978 no adducuntur. Deinde depravatum esse hunc locum in Greca editio¬
214 973 1007 1007 ne a Marcione in nulla editione Tertulliani reperitur, licet exstent
225 1003 1004 1043 plures, Rhenani, Gelenii, Pammelii, &c. Tertio, Vulgata potius ver¬
219 1035 988 1069 sio Latina hujus loci est corrupta, quia in ea evanuit DOMINU S
211 1072 1003 1108 quo nomine Paulus secundum hominem non temere insignivit, sed
207 1101 992 1141 ut ostenderet, eum non esse quo ad substantiam merum hominem, ut
208 1132 995 1166 fuit primus homo; sed etiam DOMINUM, sed Jehovam, qui e coe¬
213 1167 998 1202 lis, hoc est, coelestis est quoad qualitatem, quum quoad humanam
208 1201 1004 1241 naturam sit ita sanctificatus per Spiritum sanctum, ut absque omni¬
207 1231 998 1275 peccato sit conceptus & natus & in terris conversatus, plenus gratia,
207 1259 1000 1309 veritate, justitia, sanctitate. Sic vindicatum est primum exemplum a
214 1297 475 1330 Bellarmini accusatione
210 1325 1004 1364 1. Socundo ait 1. Cor. 7. 33, 34. Latinam vulgatam habere: Qui cum u¬
220 1365 998 1402 core est, solicitus est, quae sunt mundi, quomodo placeat uxore, & divisus
217 1393 994 1430 est. Et mulier innupta & virgo cogitat quae Domini sunt, &c. Graecos
208 1429 1004 1469 vero codices longe aliter habere, nam illud di visus est, conjungunt
211 1461 995 1499 cum sequentibus, sic, μιμιρισαι η γυνη κι η παρθενος, divisa est uxor &
208 1493 988 1530 virgo. Quam lectionem B. Hieronymus in libr. 1. contra Iovinianum
204 1523 619 1562 affirmat non esse Apostolicae veritatis
243 1556 998 1602 RESP. Primo negatur editionem Graecam esse corruptam. Se¬
207 1588 986 1626 cundo testimonium Hieronymi non est hoc loco idoneum: nam set¬
204 1622 997 1653 viebat tum Hieronymus causae suae quam per contentionis aestum de¬
216 1652 991 1689 fendebat. At idem alibi extra contentionis aestum hanc lectionem
211 1686 998 1719 Graecam agnoscit, scribens in Helvidium, & ad Eustochium de ser¬
201 1722 989 1760 vanda virginitate. Agnoscunt item alii omnes Patres & sensu mani¬
204 1752 985 1786 festissimo. Tertio vulgata Latina hic vitiosa est & quo ad Grammati¬
196 1785 985 1824 cam & quo ad sententiam. Quae enim Grammatica docet recte Lati¬
199 1825 986 1857 ne dici, solicitus est quae sunt mundi, pro, solicitus est de iis quae sun
202 1849 989 1891 mundi? Si vero sententiam spectes, quid sibi vult illud, & divisus esti
207 1880 992 1916 num is qui cum uxore est, divisus est? Tum in Graeco non est, & us¬
208 1915 992 1948 μιρισται, sed absque copulativa particula iS, Er: quae praefixa verbo
198 1948 983 1985 hic mutat sententiam. Adhaec in sequenti versu Latinae editionis se¬
210 1979 986 2021 quitur, & mulier innupta & virgo, &c. Illud innupta infarctum est,
195 2010 985 2050 cum nec in textu Graeco sit, nec ei congruat. Sic vindicatum est secun¬
201 2045 397 2087 dum exemplum.
237 2079 987 2114 Tertio ait Bellarminus Rom. 12. v. 11. vulgatam Latinam habere,
202 2103 976 2144 Domino servientes, Graecos autem non habere xυριῳ, sed κιρο olu¬
199 2144 980 2181 λobosles, id est, tempori servientes. Latinam autem lectionem esse veris¬
202 2172 986 2214 simam patet tum ex Hieronymo epist, ad Marcellam, quae incipit Post
204 2203 986 2237 priorem epistolam, ubi dicit, in emendatis Graecis codicibus haberi non
204 2241 979 2281 κἄιργ sed κωριῳ: tum ex Origene, Chrysostomo, Theophylacto &
200 2271 977 2308 aliis Graecis Patribus, qui sic legerunt & explicaverunt in suis com¬
201 2305 314 2346 mentariis,
235 2325 977 2372 RESP. Quod paucorum fuit aut est exemplarium, male omnibus
196 2366 989 2409 exemplaribus tribuitur: & ἀλόγος ex particulari adstruitur universale.
192 2405 977 2442 Sic probari corruptionem Novi Testamenti Graeci oportuit scilicet.
201 2433 761 2474 Hoccine Catholici hominis officium aut factum
243 2458 982 2507 Quarto ait Bellarminus constare, in plurimis Graecis codicibus deesse
195 2489 1003 2539 multas verae Scripturae partes, ut historiam adulterae Ioh. 8. ultim, caput
198 2527 971 2563 Marci, testimonium pulcherrimum de S. Trinit. 1. Ioh. 5. v. 7. & alia.
226 2561 977 2596 RESP. Ex particulari argumentatur Bellarminus universaliter:
192 2593 964 2638 Desunt multa in plurimis Graeiis codicibus: Ergo in omnibus. Nege
192 2627 982 2661 mus defuisse ista in orthodoxorum peritiorum libris: etsi defuerint
189 2660 973 2694 in haereticorum vel imperitiorum codicibus quos ab haereticis ha¬
189 2693 973 2729 buerunt. Historiam de adultera Joh. 8. Novatiani atque Cathari ex¬
202 2726 973 2762 punxerant: ultimum caput Marci imperiti omittebant, qui a Mani¬
198 2760 976 2794 chaeorum impietate in caput illud scelerate infarcta abhorrebant
198 2789 964 2827 Versum septimum I. Joh. 5. Ariani expunxerunt. Per istos saepe cor
199 2825 979 2860 rupti libri illabebantur in manus imperitiorum, ut factum superiore
196 2857 980 2893 seculo per Papistas, qui Vetus Testamentum Gen. 3. v. 15. corrupe¬
192 2889 967 2928 runt, mutato N IrThu in PPrT hith imposito circulo notae Masse
193 2923 973 2959 reticae, ac si esset αυπσοιχια vaν pro jod & legendum esset PoysI, hi
202 2956 968 2994 IPSA: in opere regio Bibliorum interlinearium ex prima editione
228 2987 967 3028 Quinto ait Bcellarmius constare, quadam in omnibus Graecis codi
192 3021 979 3059 cibus inveniri, quae non sunt partes divinae Scripturae, ut Matth. 6. Ora¬
189 3054 974 3091 tioni Dominicae additur: Quia tuum est regnum & potentia & glori¬
190 3085 977 3124 in secula, quae verba non esse de textu, sed addita a Graecis, ex duobus in¬
195 3119 977 3158 telligi possit: Primo ex eo quod Tertullianus, Cyprianus, Ambrosius
193 3148 979 3191 Hieronymus, Augustinus, orationem Dominicam exponunt, & ta¬
186 3193 983 3234 men nullam horum verborum mentionem faciant, cum omnes isti Grae¬
1071 256 1733 299 dem haec verba, sed non continuant cum oratione Dominica.
1101 290 1855 325 RESP. Primo falsum est verba illa; Quia tuum est regnum & po¬
1059 325 1856 362 tentia & gloria in secula; non esse parttem divinae scripturae. Secunde
1065 361 1420 398 rationes Bellarmini nullae sunt:
1095 389 1858 429 Prima est ex puris particularibus: Aliqui Patres Latini verba illa
1065 421 1855 459 non habent, & exponunt: Ergo non sut pars Scripturae. Hi Patres La¬
1066 453 1850 497 tini non exposuerunt: quia non habebant in versione sua Latina ve¬
1074 498 1862 530 communi usu, nec visum est illis utile commoveri de ea re ecclesiam
1065 523 1855 562 suam, postquam diu fuissent omissa, quemadmodum & Hieronymus
1072 551 1855 595 dicebat olim in causa simili, nimirum cum ageretur de versione
1059 586 1852 626 LXX:Quod enim semel aures hominum occupaverat, & nascentis.
1066 621 1840 660 Ecclesiae roboraverat fidem, justum erat etiam nestro silentio comproba¬
1065 653 1844 690 ri. At verba illa habet Graeca editio Novi Testamenti communiter.
1053 683 1840 725 habet versio Syra: habet Chrysostomus & copiose exponit homil. vi.
1069 721 1850 761 gesima in Matthaeum, habet author operis imperfecti in Matthaeum,
1053 755 1854 794 habet Theophylactus & Graeci alij, quorum non minor est in hac re¬
1062 787 1850 831 quam Latinorum autoritas. Secunda ratio petit principium, est gla¬
1056 819 1846 857 dius plumbeus. Nam quanta est hujus liturgiae vel apud Romanos
1058 846 1838 891 ipsos autoritas? quam non adeo antiquam, particularem & sibi im¬
1059 885 1838 929 probatam sciunt. Hoc argumento sane apud Graecos probent, eosque
1059 917 1850 953 suo gladio, si possunt, jugulent: at contra nos, qui liturgiam illam non
1056 948 1837 984 acceptamus, infirmum est admodum. Si enim haec ratio in hoc ar¬
1053 981 1838 1026 gumento valet, cur non in caeteris? sin autem in caeteris non valet,
1053 1011 1616 1058 (non valet autem), ex particulari nihil conficitur.
1089 1038 1846 1081 INSTANT alii: Lacas capit. und. verba illa non habet: Ergo in
1060 1069 1849 1116 Matthaeo ab alio sunt infarcta. RESP. Negatur consequentia, quae
1053 1114 1835 1148 non valet a testimonio particulari negante. Lucas alia quoque mul
1062 1146 1837 1188 ia non habet quae Matthaeus, quae Johannes habet: num igitur illa in
1055 1174 1552 1210 Matthaeo & Johanne ab alio erunt infarcta:
1089 1203 1843 1242 INSTANTamplius: Si oratio Dominica apud Lucam est perfe¬
1059 1237 1838 1290 cta, tum apud Matthaeum est superflua illa appendix, quam Lucas omit.
1053 1271 1568 1309 tit. Antecedens est verum: Ergo & consequens.
1086 1302 1834 1342 RESP. Negatur sumti consequentia: nam etsi sit perfecta ora¬
1047 1333 1843 1380 tio Dominica apud Lucam, quoad petitiones; tamen non impedit,
1061 1377 1837 1418 quo minus addere potuerit Matthaeus confirmationem & conclusio¬
1046 1401 1102 1437 nem.
1250 1452 1645 1506 CAPUT XXXIX.
1095 1500 1791 1562 In quo disceptatur haec quaestio, An S. Scriptura.
1197 1547 1690 1607 in linguas vulgares seu vernaculas.
1291 1592 1595 1650 sit necessario transfe¬
1389 1641 1496 1687 renda.
1077 1684 1834 1735 TACTENUS dictum est de editione authentica S. Scripturae:
1060 1729 1839 1770 TIsequitur de translatione ejus in linguas vulgares seu vernacua.
1125 1758 1603 1793 las. De ea moventur aliquet quaestiones:
1109 1791 1832 1840 An sacram Scripturam in linguas vulgares seu vernaculas trans¬
1040 1817 1300 1865 ferre necessarium sit
1071 1841 1496 1890 II. Quae translationes sint praecipuae?
1083 1879 1733 1926 III. Quid de quibuidam translationibus sit sentiendum?
1066 1916 1828 1958 Ad primam quaestionem aliter nos respondemus, aliter Papani. No¬
1038 1951 1831 1992 stra sententia est: Sacram Scripturam in linguas vulgares seu vernacu¬
1048 1981 1661 2015 ias cujusque nationis & populi trans ferri esse necessarium.
1068 2017 1667 2056 Hujus sententiae nostrae argumenta sunt firmissima
1086 2043 1823 2090 quia S. Scriptura est testamentum Dei, & instrumentum federis
1041 2082 1828 2122 Dei cum hominibus initi, quod omnibus nationibus & populis com¬
1041 2110 1387 2146 municari & notum fieri debete
1038 2148 1828 2188 2. quia legi debet ab omnibus, etiam laicis, ut contra varias sedu¬
1038 2181 1825 2222 ctorum deceptiones praemuniantur, utque ex iis arma petant quibus
1044 2215 1825 2254 contra Satanam pugnare & fructum aedificationis capere possint. 1.
1041 2241 1821 2298 Cor. 14. Sicut posito in oculis cohaeredum omnium testamento pa¬
1032 2272 1439 2322 tris, non est tam facile falli & fallere
1039 2309 1826 2351 3. quia initio lingua vernacula singulis populis praedicata fuit; &
1035 2346 1822 2386 nunc praedicanda est: necessario igitur in vernaculas linguas verten¬
1030 2370 1062 2406 da
1096 2397 1814 2442 quia post Apostolos in omnes linguas conversa fuit, ut testatur
1029 2442 1827 2480 Theodoretus Sermone quinto de curatione Graecarum affectionum.
1038 2473 1825 2511 pag. 81. editionis Commelinianae, Augustinus libro secundo de do¬
1035 2500 1388 2544 ctrina Christiana, cap. quinto
1045 2534 1814 2573 . quia id ad ostendendam S. Scripturae praestantiam facit: quem
1039 2572 1825 2607 admodum eodem sermone docet Theodoretus comparatione scri¬
1035 2596 1493 2651 ptorum divinorum & Philosophicorum
1071 2632 1825 2675 Papanorum contra est opinio, S. Scripturae translationes in lin¬
1041 2671 1576 2710 guas vulgares seu vernaculas non esse necessarias.
1072 2699 1766 2738 Ideo contra Thesim nostram sequentes objectiones faciunt .
1207 2739 1661 2787 OBIECTIO PRIMA
1071 2795 1817 2838 Si a tempore Ezzaeusque ad Christum Scriptura in Ecclesia non fuit.
1044 2830 1808 2874 lecta vernacula lingua, sed Hebraica: tum neque jam vernacula versione
1029 2861 1550 2906 sunt necessariae. Sed prius est: Ergo & posterius.
1309 2895 1541 2959 Probatio assumti
1081 2949 1816 2994 Quia Scriptura Veteris Testamenti non fuit lecta lingua Chaldait.
1045 2985 1823 3026 vel Syriaca, quae linguae Iudais post captivitatem Babylonicam verna¬
1038 3024 1679 3060 culae erant: sed Hebraita, quam tamen non intelligebant.
1062 3046 1832 3091 RESP. Primo, falsa est propositio connexa: quia usus Ecclesiae
1048 3085 1834 3123 Veteris Testamenti non est arcessendus a temporibus Ezrae, sed inde
1038 3116 1823 3156 a conditu mundi, Jam autem a mundi exordio semper in Ecclesia ob
1030 3153 1826 3189 tinuit lingua vernacula. Setundo falsum est assumtum duobus modis
1041 3185 1837 3233 tum quod in eo negatur, Scripturam lingua vernaculam lectam a
