2063 3397
226 156 1007 208 tum quod Hebraea lingua negatur fuisse Judaeis vernacula. Tertio fal¬
232 202 1012 242 sa etiam est assumti propnatio dupliciter: nempe quod in ea asseritur;
235 234 1013 272 Chaldaica vel Syriacam linguam vernaculam fuisse Judaeis post Ba¬
244 265 1016 309 bysonicam captivitatem. Nos vero jure negamus, potuisse Judaeos
244 301 1006 343 tam brevi tempore patrii sermonis obliv sci, aut materna lingua ejus
234 330 1008 373 rata in aliam tam subito transire: id nec verum est, nec verisimile
242 363 1017 406 Quis totam gentem spacio non dico septuaginta, sed potius 59, aut
244 397 1003 443 etiam si ad postremam deportationem respexeris, 15, annorum ver
243 428 1013 472 n iculi sermonis oblitam putet? Certe Propheta Ezechiel anno adhuc
246 456 1007 507 deportationis quadragesimo Hebraice docebat, scribebatque Ezech
246 491 1007 538 AO Dani eritidem finito jam depottationis tempore. Similiter Ezro
244 531 1013 572 Augeus, Zacharias, Malachias, Hebraice concionabantur & prophe¬
237 552 1022 607 tabant, ut Scriptura ipsa testis est, id est, illorum libri. Deinde falso
242 587 1011 634 confunduntur Chaldaica & Syriaca lingua cum sint diversae. Quar¬
244 624 1024 668 falsum est Judaeos post captivitatem Babylonicam non intellexisse
242 664 491 709 Hebraicam linguam
276 685 1020 739 REPLICANT. I o non intellexerunt. Idque patet primo, ex Ne¬
247 721 1022 764 hem. 8. ubi scribitur Nehemiam & Ezzam & Levitas librum Legis po¬
256 758 1022 797 pulo legisse & interpretatos esse, quia nthil eorum, quae legebantur: popu¬
249 787 1006 838 lus intelligebat: Ezra vero interpretante, populum magna letitia affo¬
255 826 668 869 ctum esse, quia verba Legis intelligeret.
283 848 1016 900 RESP. Committitur elenchus allegati impertinentis testimonii
249 885 1015 930 Nam in loco Nehemiae non dicitur, reduces Judaeos non intellexissi¬
244 922 1013 960 linguam Hebraicam: & ex hoc ipso loco evinci potest, eos verba le¬
249 957 850 994 cta intellexisse. Idque ostendunt quatuor argumenta¬
250 981 1015 1030 1. quia Ezra attulisse dicitur librum Legis & legisse coram multi
261 1016 1024 1066 udine virorum & mulierum & quotquot erant apti per aetatem ad
245 1051 1022 1093 intelligenter audiendum. Non modo igitur audiebant, sed intelligentes
246 1084 824 1124 audiebant, hoc est, intelligebant ea, quae audiebant,
256 1116 1016 1161 2. quia populus autes habuit ad librum legis attentas: quorsum
268 1155 1025 1192 vero h.e c.nisi lecta intellexisset? Cui verisimile esse potest, populum
255 1181 1012 1221 tot dies & tot quotidie horas patienter attentas praebiturum fuisse le¬
253 1216 1015 1257 ctioni autes, nisi lecta intellexisset? nonne potius summo affectus fu¬
264 1247 706 1289 isset taedio, audiens quae non intelligeret.
263 1275 1027 1325 I. quia Ezra a mane usque ad meridiem e libro legisse fertur per se¬
256 1314 1022 1361 ptem des At quis credet, sapientissimum Prophetam tantum sabori¬
258 1349 1029 1385 sibi sumere voluisse vel etiam debuisse in legendo, nisi auditores, quae
259 1383 1029 1423 legebantur intelligere potuissent? Et certe longe abfuit a sapientia
265 1410 1019 1450 Prophetae, hominum multitudinem congregare, tum prodite in me¬
259 1443 1028 1484 dium, librum aperire, legere tanto studio spacioque tam multatum ho¬
268 1483 1029 1515 zarum ea, quae populus minime intelligebat: & proinde se & alios
262 1515 1029 1554 frustra fatigare. Sed quis non videt, adversarios, dum contra verna¬
259 1550 1030 1584 culas Scripturae versiones disputant, haec duo agere? alterum, ut po¬
255 1583 1025 1620 pulum semper in ignorantia detineant; alterum, ut errores suos oc
264 1609 751 1650 cultent, ne videl, populus eos animadvertat.
263 1629 1024 1684 4. quia dicitur, quod Ezra explanate & distincte legerit, vid ut po¬
265 1676 1030 1718 pulus ex distincta lectione melius omnia intelligeret, quae legeban¬
267 1706 1025 1744 tur. Alioquin perinde est, sive recte, sive vitiose legas apud eos, qui ni¬
261 1737 1028 1780 hil eorumquae leguntur, intelligunt. Atque utinam saltem Papistae di¬
261 1773 1024 1818 stincte & recte Latina in templis legerent, siquidem ita Latina lingu¬
262 1806 497 1850 in sacris delectantur:
562 1828 725 1892 Triplicant.
304 1874 1022 1916 At qui facta est laetitia magna in populo, quia intellexerat verba Le¬
261 1915 1003 1959 gis, Nehemia, Ezra, & Levitus vernacula lingua ea interpretantibus.
291 1946 1022 1984 RESP. Primo, Elenchus est, τῶ αναιες: Fingitur enim causa lae¬
261 1975 1030 2013 titiae fuisse quod lecta primum verba non intellecta populo, post
267 2012 1021 2046 trans lata fuerint eadem in aliam linguam quam populus intellige¬
255 2044 1031 2079 bat, quod plane insulsum est. Nam verba Legis palam & aperte lecta
258 2077 1024 2114 fuerunt in suggesto, eaque lectio ad horas aliquot protracta: tum scri¬
252 2110 1016 2152 ptura lecta exposita fuit aperiendo sensum & intelligentiam verbo¬
250 2143 1015 2177 rum concionali explicatione & accommodatione populari: idque He¬
252 2175 1025 2210 Braice. Atque hinc illa nata laetitia est, quam populum perfusum esse scri¬
258 2209 1024 2245 ptura testatur, quando expositam & declaratam (non conversam ex
246 2239 1019 2275 lingua Hebraea in Chaldaicam) Legem audivit. Secundo, quod Bel¬
252 2275 1015 2311 larminus Nehemiam intet docentes & Legem cum Ezra interpre¬
245 2313 1028 2345 tantes numerat, dormitantis sermo est, aut aliud agentis: Nam Ne¬
250 2338 1019 2377 hemias cum Ezra in patriam non rediit, neque Sacerdos, aut Levita.
250 2366 551 2410 fuit, aut concionem habuit.
283 2406 1012 2449 Iostantia, qua aliud argumentum profertur ad probandum, Judae
252 2435 1012 2490 os post captivitatem Babylonicam liuguam Hebraeam non intelle¬
242 2467 309 2509 xisse.
280 2501 1019 2542 Ex Novo Testamento constat, populum Iudaicum tempere Christ.
244 2528 1021 2575 Syro sermone usum esse. Nam illud, Talitha Rumi Marti 5, & Abba
250 2566 1019 2605 Marci 14. & Hacheldema Act. 1. Golgotha item & Pascha, nec Graeco
247 2600 1022 2642 nec Hebraea voces sunt: Ergo Iudaei tempore Christi non intellexerunt.
253 2627 482 2670 Hebraicam linguam.
282 2653 1012 2704 RESP. Primo tempora confunduntur ἀνισορητως: diversi auter
246 2699 1025 2741 temporis diversa plane ratio. Vsque ad tempora Nehemiae & Alexan¬
244 2733 1016 2765 dri Magni duravit linguae Hebraeae usus in vulgo Judaeorum, deindi
243 2765 1013 2800 demum invaluit corruptio illius, quum Reges Syriae omnia contur.
246 2792 1015 2831 bavissent diu; & commercio Praesidum, militum exterorum, Genti
243 2826 1012 2861 lium denique omnium, Judaeam gentem, legem, linguam pariter con
243 2864 1028 2897 fudissent. Quo tempore Judaei non Syram simpliciter, sed mistam
249 2894 1015 2926 quandam linguam quae Ietosolymitana dicitur, usurparunt, id est, Su¬
244 2927 1016 2961 tae dialectum quandam: nam alioquin Judaeis Syri & Samaritani i1t
253 2959 1012 2994 odio etant adeo, ut vel a lingua ipsorum contentione summa abhor
249 2992 1021 3028 rerent: Tempore ergo Christi Judaei in famitiati sermone linguam
243 3021 1020 3060 suam ad vicinorum Syrorum sermonem inflectebant. Unde etiam
244 3055 1014 3101 necesse fuit propter rude vulgus, sacros libros Chaldaica paraphrat
253 3091 1016 3125 in Synagogis explicate. Hinc Thargum, id est, paraphrasi: Heroso¬
244 3115 1016 3156 lymitana & Babylonica autore Onfelo & sonathan,originem duxe¬
240 3149 1025 3194 runt. Sermo vulgatis Christi tempore fuit fere Chaldaeo Syriacus.
1057 155 1864 201 Concedimus igitur, posterioribus temporibus, nempe Christo in car¬
1069 192 1853 228 ne exhibito Judaeos ulos Syro sermone, quanquam non pure Syro¬
1065 227 1864 262 sed misto cum Hebraeo, id est, Syro Jerosolymitano Unde in negotiis.
1069 260 1853 298 & contractibus civilibus in vulgo obtinuit Syra Jerosolymitana uni¬
1065 294 1861 330 verse, in divino cultu autem Hebraea communiter: Ita haec commu¬
1065 325 1855 362 nis, illa vulgaris fuit: magna autem inter utrasque affinitas. Itaq. He¬
1071 358 1855 397 braea quidem lingua Scripturae legebantur, sed conciones habebam
1068 393 1855 430 tur Syre in Synagogis aetato Christi, postquam textus Scripturae le¬
1078 425 1856 462 ctus fuisset Hebraice. Secundo plus concluditur, quam patitur antece¬
1068 456 1855 496 dens. Hoc enim tantum sequitur: Ergo praeter Hebraicam linguam te¬
1072 491 1865 530 nuerunt Iudaei etiam Syriacam: Vel: Ergo vulgi lingua non fuit pure
1080 526 1855 563 Hebraioa, sed multis externis ac peregrinis vocibus mista. Terto, ut fit
1071 561 1868 600 ma sit consecutio, necesse est hanc propositionem veram esse: Qui
1078 593 1861 632 Syro vel Chaldateo sermone utitur, is Hebraeum non intell git. At quio
1081 629 1862 662 mpedit quo minus utraque lingua Judeis nota esset, quemadmodum
1075 660 1868 700 nunc multis populis praesertim in finibus regnorum & regionum ha¬
1077 689 1861 726 bitantibus, non solum materna, sed etiam vicini populi lingua not
1080 722 1859 762 communiter exsistit? Certe Judaeis tempore exhibiti Christi lin¬
1077 754 1870 800 guam Hebraeam communiter notai fuisse, licet Syra Jerosolymita¬
1074 796 1525 833 na vernacula tum esset, satis liquet inde¬
1071 828 1870 867 I. quia in Synagogis Mosen & Prophetas Hebraice legebant:
1077 853 1865 895 quod certe non fecissent, si lingua haec populo penitus ignota fuisset
1079 887 1865 924 2. quia populus ipse & legit & locutus est Hebraice, eisi non om¬
1077 925 1874 958 nino pure Hebraice, sed mista quadam Dialecto. Nam titulus crucis
1080 956 1868 995 Christi Hebraice scriptus a multis fuit lectus & intellectus. Jol 19. v.
1081 990 1867 1026 19, 20. Et Paulus locutus est τῆ ἐδας ιδι διαλιειῳ Act. 21. 40 & cap.
1074 1025 1867 1060 12. cum Judaei initio audirent ipsum loquentem τὸ ἐgρχιον διαλικί
1083 1048 1868 1090 eo magis conquieverunt & attenderunt. Intellex sse autem ipsos quae¬
1077 1085 1864 1122 a Paulo dicebantur, satis inde liquet, quod attenti ipsum audiet
1078 1119 1865 1154 rint, denec de sua missione ad gentes verba faceret: tum enim lli coe¬
1077 1154 1868 1196 perunt clamare, Tolle e terra hominem ejusmodi, &c. Quod si quis
1077 1189 1868 1227 replicet. Syriatam ingnam, quae Judaeis tum vernacula erat, appellar
1089 1220 1864 1256 in his Novi Testamenti locit Hebraicam: is tamen meminerit, eam
1084 1256 1864 1290 non fuisse pure Syram, sed potius dialectum Hebraeae mistam ex ve¬
1086 1284 1313 1329 tere Hebraea & Syra
1119 1309 1871 1354 INSTANTRURSUS. Joh. 7. 49. dicunt Pharisai: Turba haec
1095 1350 1875 1386 quae non novit Legem, exsecrabilis est. Ergo Iudaeis non fuit nota lingua
1087 1381 1184 1421 Hebraica.
1119 1414 1873 1455 RESP. Est homonymia in verbo novit Non enim de lingua, &
1092 1450 1874 1484 verbis & literis, sed de sententia sensuque Legis intelligendum est di¬
1089 1479 1859 1520 ctum Pharisaeorum. Summam enim sibi legis scientiam Pharisei atre
1089 1515 1870 1562 gabant, cujus opinione elati populum tam fastidiore conten nebant.
1119 1547 1864 1586 INSTANTULTERIUS: Christo clamante in cruce, Eli Eli ia¬
1092 1577 1865 1618 ma sabacheani, quidam dixerunt, Eliam vocat: Ergo linguam Hebrae
1093 1610 1270 1654 am ignorabant
1119 1636 1874 1687 RESP. Imo hoc non dixerunt, quod linguam ignorarent, sed
1089 1681 1867 1719 quia sarcastice Christo illudere volebant, quasi Eliae auxilium implo¬
1092 1714 1864 1754 rasset, cum se liberate non posset, ut impii illi putabant. Non ergio
1095 1747 1873 1785 ninc evinci potest, populum Judaicum linguam Hebraitam non in¬
1077 1775 1190 1818 tellexisse.
1206 1805 1754 1866 OBIECTIO SECVROA.
1116 1853 1879 1907 Apostoli non scripserunt in quavis lingua, sed tamum Graeca, ad
1108 1897 1654 1927 pascunque gentes scriberent; vel Hebraea, vel Latina
1114 1916 1735 1958 Ergo vernatulae versiones Scripturae non sunt necessariae.
1123 1948 1874 1994 RESP. Primo, committ tur elenehus παρα τυεπιη ον in omissa
1092 1993 1874 2026 propositione connexa videl. Si Aj ostoli ad omnes gente. so um¬
1077 2022 1859 2057 modo Graece. vel Hebraice vel Latine scripserunt, sequitur vernacu
1083 2052 1862 2090 las versiones non esse necessarias. Nam perperam confertur haec prae
1087 2085 1873 2126 sens aetas, cum aetate Apostolotum si linguas spectes. Nam Graeca¬
1080 2114 1862 2158 lingua Apostolorum tempore communissima fuit & a plurimis po¬
1095 2153 1865 2189 ulis intelligebatur: at nunc non est ita coimunis amplius, nec in¬
1078 2184 1874 2221 telligitur nisi ab illis, qui in Scholis a magistris didicerunt. D irde
1081 2214 1871 2258 assumtio ex parte negatur: nam Apostoli Hebraica vel Latina lin¬
1077 2248 1447 2300 gua ud Ecclesias non scripserunt,
1329 2277 1604 2346 CAPTI
1171 2347 1778 2398 De praecipuis translationibus S. Scripturae.
1152 2400 1874 2442 UUM Ecclesiis per totum terrarum orbem sparsis & diversis.
1158 2444 1877 2482 plane linguis utentibus necessariae fuerint atque etiamnum sint
1137 2470 1870 2522 aversiones S. Scripturae: explicanda est deinceps carum distin¬
1071 2501 1258 2544 ctio & autoritas
1123 2533 1871 2578 Translationes seu versiones Scripturae S. in linguas vulgares sunt
1071 2574 1812 2608 muliae: dist, nguuntur tamen commode in antiquas & recentes.
1107 2601 1870 2642 Antiquae versiones Veteris Testamenti aliae aute Christum natum
1083 2634 1504 2674 aliae pest Christum natum prodierunt.
1101 2657 1874 2712 Ante Christum natum prodiit versio Graeca LXXII interpre¬
1087 2708 1878 2754 lum. Thargum vero Jonathanis filii Uzielis non tam versio est quam
1072 2732 1330 2778 Paraphrasis Chaldaica
1110 2765 1876 2804 Post Christum natum prodierunt Graecae & Latinae plurimae, ut et¬
1070 2796 1283 2845 iam in aliis linguis.
1114 2829 1862 2870 Graecae quae post Christum natum prodierunt, sunt; Aquile, Symi
1075 2861 1871 2906 machi, Theodotionis, duae ab Origene ex terrae recessibus prolatae, quae
1085 2897 1448 2938 quinta & sexta editio vocantur.
1116 2925 1868 2985 Ex his editionibus Origenes Tetrapla, Hexapla, & Octapla sua
1081 2960 1181 3003 confecit.
1113 2996 1865 3034 Praeter has fuerunt aliae versiones Graecae, Origenis, Luciani Mar¬
1083 3028 1387 3074 tyris, Hesychii & Sophronu.
1102 3051 1871 3101 Latinae vero versiones tempore Augustini tam multae fuerunt, ut
1084 3093 1454 3134 numerari nullo modo potuerint.
1111 3121 1871 3170 Ex plurimis tamen una receptior erat, quae ob id communis & vul¬
1078 3160 1640 3202 gata dcebatur, August. de Civit. Deih. 16. ca 10.
