2063 3432
210 176 889 220 Alia vocabatur Italo, lib. 2. de doctrina Christiana cap. 15.
207 213 547 258 His accessit versio Hieronymi¬
217 244 953 288 Recentes vero versiones sunt plurimae in omnibs fere linguis, La¬
184 277 959 324 cina, Germanica, Gallica, Anglica, ltalica, Hispanica, Bohemica, Po¬
180 314 445 354 lonica, Dalmatica, &c.
220 343 959 386 Latinae praecipuae sunt Xantis Pagnini, Francisci Vatabli, Immanus
175 375 968 419 elis Tremmellij & Francisci lunij, Leonis Iudae Tigurini, &c. Novi vero
174 410 965 450 Testamenti Latinae versiones celeberrimae sunt, Erasmi Roterodam,
183 445 378 490 & Theodori Bexa
207 475 962 521 Germanicae praecipuae sunt, Lutheri, quam utilibus argumentis &
175 510 971 549 doctrinis capitum singulorum illustravit eximius Theologus David.
184 540 971 587 Poreus: Tigurinorum: Herbonensium: in quibus maxime elaboravit.
177 574 383 619 Iohannes Piscator.
244 617 917 676 Haec de versionum distinctione: sequitur de ea¬
424 661 722 714 rundem autoritate.
219 708 961 747 De versione quacunque sive Graeca Veteris Testamenti, sive utri¬
177 744 965 783 insque Testamenti Latina, aut Gallica, aut Germanica, aut Bohemicat
184 782 965 827 aut alia quae cum fontibus Hebraicis & Graecis congruat, quaeritur
178 810 383 851 an sit authentica:
212 837 965 882 RESP. Nulla prorsus versio Bibliorum, humano ingenio & stu¬
191 870 971 914 dio elaborata post Prophetas & Apostolos etiamsi quam maxime
177 915 973 948 cum fontibus Hebraicis & Graecis congruat, est divinitus, divino¬
178 939 959 982 modo, absolute, universaliter & siue exceptione authentica: accep¬
186 969 967 1006 tanda tamen est & usurpanda, cum versione opus sit Ecclesiis verna¬
192 1003 971 1045 cula lingua utentibus; nec a quoquam temere quicquam in ea reji¬
186 1038 899 1078 ciendum, nisi evidenter probetur, id fontibus divinis adversari
229 1070 971 1112 Argumenta autem, cur nulla versio diligentia humana post Pro¬
182 1103 968 1147 phetas & Apostolos edita, quantumvis optima videatur, sit authenti
186 1135 593 1177 ca absque omni exceptione, ista sunt:
216 1159 980 1210 I. Quia sola archetypa Scriptura sacra & divinitus inspirata est:
192 1203 976 1243 authentica: at nulla hujusmodi versio est archetypa ac divinitus in¬
183 1235 270 1277 spirata.
220 1258 979 1314 II. Quia nulla hujusmodi versio est absolute perfecta, sed magis
189 1298 596 1340 atque magis perfici potest & debet.
222 1333 973 1373 III. Quia cum mutatione publica vocum & phrasium ipsa quo
187 1365 980 1401 que necessario mutanda, ut intelligi possit. Exemplo est versio Ger¬
190 1402 970 1436 manica quae necessario mutanda & limanda fuit atque accommodam
183 1434 980 1472 da linguae hodie receptae: nam si vetus German. versio qualis ante¬
190 1458 980 1506 aliquot secula fuit, hodie retinenda esset, a populo intelligi non pos¬
189 1493 418 1540 set plurimis in locis.
429 1557 754 1617 CAPUT XLI.
256 1621 929 1672 De versione Graeca LXX interpretum.
198 1669 985 1739 Indicatis praecipuis versionibus Scripturae: nunc quid
296 1721 868 1786 de quibusdam quaeratur, dispiciendum
228 1773 974 1817 PE versione Graeca LXXII. aut ut brevitatis causa rotum
195 1802 913 1871 LIdato numero dicitur, Septuaginta interpretum queritur.
301 1847 743 1889 PRIMO, an ea sit quae nunc habetur:
228 1870 983 1914 RESP. Graeca versio Veteris Testamenti, quae nunc habetur.
196 1910 976 1948 non est septuaginta duorum illorum interpretum, qui ad Ptolomae
193 1949 716 1982 um Philadelphum Jerosolymis missi fuerunt.
198 1980 977 2013 1. quia illi non omnem Scripturam Veteris Testamenti, sed tan¬
192 2009 977 2051 tum libros Legis a Mose scriptos verterunt, ut testatur Flavius Iose¬
202 2041 977 2077 ohus, qui prooemio in libros Antiquitatum Judaicarum in hunc mo¬
195 2075 986 2106 dum de Ptolomaeo Philadelpho loquitur: Neque enim ille amnem de¬
198 2105 973 2146 scriptionem a translatoribus accepit, quando ea tantummodo quae Le¬
198 2146 998 2179 gis sunt, hi qui ad explanationem missi fuerant Alexandriam tradide¬
189 2169 992 2213 runt: cum sint alia innumera, quae per sacras literas indicantur, utpote
198 2209 985 2245 quinque millium annerum historia in istis exposita, & diversae quidem in
189 2237 976 2273 his cuntinentiae sunt, multae vero civitatum fortunae & fortia facta du¬
193 2271 977 2303 cum & mutabilitates conversationum. Similiter lib. duodecimo An¬
195 2304 983 2334 tiquitatum cap. secundo, & li, secundo contra Appionem Gramma¬
195 2337 985 2373 ticum Alexandrinum interpretationis Legis duntaxat meminit. Si¬
196 2368 986 2401 militer Philo Iudaeus lib. secundo de vita Mosis solius Legis mentio¬
204 2400 989 2438 nem facit: ait LXXII. illos interpretes legem Mosis vertisse in
198 2435 986 2474 Graecum sermonem ex Chaldaeo, quia Abrahamus in cujus posteri¬
205 2464 1004 2501 tate lingua Hebrea mansit fuit Chaldaeus. Multi quidem Patres scri¬
205 2497 986 2535 bunt totum Vetus Testamentum a LXXII. interpretibus in AE¬
201 2534 979 2575 gypto versum: sed testes sunt receptiores & dissentiunt a testibus an¬
201 2567 982 2609 tiquioribus, qui rectius tem scire potuerunt. Si quis tamen Patrum
204 2598 994 2634 posteriorum autoritate motus, existimet totum Vetus Testamentum
192 2638 993 2674 aLXXII. illis interpretibus translatum, cum eo non judico con¬
195 2664 334 2707 tendendum
210 2694 997 2733 2. quia translatio illa Hebraeis fontibus fuit convenientissima, ut
202 2728 992 2767 testatur Aristeas Ptolemaei Regis hyperaspistes, qui ait reddita esse
210 2765 992 2805 propria propriis nominibus Graecis ad Hebraea exacte respondenti¬
213 2804 986 2832 bus, eamque interpretationem a plurimis discussam, consideratam, ex¬
210 2832 997 2864 aminatam, ante quam in Regis Bibliotheca poneretur, & ab omnibus
207 2859 995 2899 acclamatum, sancte & fideliter singula esse translata, ut nihil addi, ni¬
205 2893 992 2930 hil demi possit. Idem testatur Philo Iudaeus. At versio quae jam habe¬
211 2929 995 2961 tur, in plurimis locis dissentit ab Hebraeo textu, multa habet quae non
202 2961 998 2998 sunt in Hebraeo, & rursus multa non habet quae sunt in Hebraeo: mul¬
202 2995 998 3038 ta etiam habet pugnantia cum Hebraeo ut annotavit quaedam Au¬
204 3028 1006 3070 gustinus libro decimo quinto, de Civitate Dei, capite decimo-tertio:
210 3058 1000 3101 plura vero observata sunt a Francisco Iunto per totum Vetus Testa¬
205 3089 995 3130 mentum in Graeca editione Francofortenum excusa in folio apud An¬
205 3130 995 3165 dreae Vecheli haeredes Claudium Marnium & Johann. Aubium
202 3160 991 3202 Anno M. D. XCVII. Et Hieronymus ipse in praefatione in Para
1013 167 1817 220 lipomena & in Esdram, & alibi frequenter monet, versionem illam
1027 211 1690 252 LXX. multis & variis modis esse vitiatam & corruptam
1055 245 1807 291 Manifesta sunt Graecae hodiernae translationis vitia, quae nullo
1023 277 1807 314 modo excusari possunt. Illa enim annos a mundo condito ad diluvi¬
1023 310 1804 345 um numerat 2242, ut apud Augustinum, & Eusebium & Nicephorum
1021 342 1808 380 in chronologia legitur: in Hebraicis autem libris non plures ela¬
1038 377 1811 412 sos fuisse quam 1656. annos scribitur. Ita numerum Hebraicum
1026 411 1810 448 Graecus separat annis 586. Deinde a diluvio ad Abrahamum Graeca
1026 444 1807 479 translatio numerat annos 1082. quum in Hebraica veritate plure¬
1038 476 1817 506 quam 3 12. non inveniantur. Ita sunt inlibris Graecis 770. anni plu¬
1026 509 1813 540 res, quam in Hebraicis. Tertio, Gen. 5. 3. in libris Graecis Adamus
1035 541 1808 577 am vixisse dicitur annos 230, aut ut est in quibusdam exemplaribus
1023 575 1820 612 330. cum Sethum genuisset: Hebraeus vero codex testatur, Sethum
1024 607 1817 642 esse genitum, cum Adamus demum annos 13o haberet. Quarto, secun¬
1026 639 1808 676 dum Graecam translationem, Mathusalem annos 14. post diluvium
1026 671 1819 706 superstes fuit: at ex Hebreis codicibus colligimus, cum eodem anno¬
1029 706 1813 740 esse mortuum, quo tota terra diluvio est oppressa. Quinto, Jonae 3. in
1029 738 1818 773 Graeca versione exitium Ninivitis post triduum: at in Hebraea veri¬
1023 771 1814 816 tate post quadragesimum diem denunciatur. Talis est dissimilitude
1026 805 1403 850 etiam in reliquis passim numeris.
1228 837 1600 903 Haec de prima quaestione.
1059 893 1823 946 SECUNDO quaeritur, An Graeca illa versto Veteris Testamenti,
1023 930 1745 978 quae septuaginta duorum interpretum esse dicitur, sit authentica?
1062 965 1807 1003 RESP. Non est. 1. quia non est immediate a Spiritu S. inspirata
1033 1002 1819 1035 a. quia est multis modis vitiosa, ut saepe queritur Hieronymus, &
1032 1031 1816 1068 Franciscus Iunius in editione Bibliorum Graecorum ostendit. 3. quia
1038 1064 1825 1101 Augustinus, qui versioni septuaginta plurimum detulit, illam tamen
1026 1093 1456 1136 esse ex fontibus emendandam censuit.
1060 1126 1817 1165 TERTIO quaeritur, An locorum illorum Veteris Testamenti que
1035 1158 1813 1200 in Novo Testamento a Christo, ab Evangelisti; & Apostolis allegantur:
1039 1191 1822 1234 sit authentica versio, quum fontibus Hebraicis non videatur congrue¬
1029 1226 1076 1266 re.
1071 1245 1813 1298 RESP. Est authentica versio omnium illorum locorum quae¬
1048 1293 1819 1330 Christo, ab E vangelistis & Apostolis allegantur ad confirmationem
1035 1321 1816 1372 doctrinae coelestis quam illi annunciaverunt: quia est approbata, san¬
1035 1357 1813 1396 ctificata & inspirata a Spiritu sancto dictante Novum Testamen¬
1038 1389 1825 1430 tum Apostolis & Evangelistis. Nam si Gentilium sententiae quaedam
1035 1430 1817 1471 ex inspiratione divini Spiritus a Paulo Apostolo allegatae, sunt san¬
1044 1454 1822 1498 ctificatae & authenticae redditae: quidni & loca illa veteris Testamen¬
1033 1485 1253 1522 ti Graece adducta?
1083 1517 1825 1557 OBIICITUR, loca e Veteri Testamento allecata in Novo non
1038 1550 1816 1593 respondere fontibus Hebraicis, sed vel contraria esse illis, vel differre ad
1038 1586 1822 1625 illis mutatione vocum aut omissione aut additione, & membrorum aλ¬
1038 1621 1832 1661 λοιώσε, ut ex comparatione locorum illorum omnium cum textu Hebraeo
1044 1647 1189 1698 pstendi possit.
1065 1685 1826 1730 RESP. Loca illa sunt ευαντοφανκ κι ἐτεραχημονα, non autem,
1038 1719 1831 1757 εναιτία κετορσια, id est, videntur quidem prima specie esse contraria
1050 1750 1829 1790 & aliam formam, alium sensum prae se ferre, sed revera contraria
1038 1785 1829 1826 fontibus non sunt, nec alium ab illis sensum habent, etiamsi in vocibus
1038 1816 1833 1860 & phrasibus mutationes quaedam vocum & membrorum interdum
1035 1854 1829 1898 occurrant non temere, leviterque & citra judicium praeterque ratio¬
1050 1885 1831 1924 nem aut contra fidem factae, sed prudenter, certo judicio. ratione sum¬
1036 1917 1825 1954 ma & fide optima, quemadmodum ab interpretibus Novi Testa¬
1039 1948 1826 1983 menti tum antiquis, tum recentibus, & inprimis ex professo a Fran¬
1033 1983 1819 2017 cisco Iunio Sacrorum Parallelorum libris tribus Illustrissimo Prin
1039 2019 1826 2067 cipi VILHELMO LANDGRAVIO HASSIAE inscriptis
1037 2045 1432 2090 declaratum demonstratumque est,
1272 2103 1600 2161 LAPUT XLII.
1071 2156 1786 2224 In quo de Versione Bibliorum vulgata Latina agi¬
1252 2204 1616 2258 tur, An sit Authentica:
1118 2259 1826 2306 E Versione Bibliorum vulgata Latina, quam Antichristianum
1047 2272 1825 2345 LOconciliabulum Tridenti celebratum approbavit, quaeritur spe¬
1114 2330 1187 2367 ciatim
1081 2357 1319 2398 I. An sit authentica;
1071 2389 1834 2442 II. An sit integerrima & plenissima, non minus quam Hebraica.
1042 2425 1397 2468 editio, ut affirmat Bellarminus:
1074 2458 1835 2498 Quod ad primam quaestionem attinet, An versio Latina sit authen¬
1042 2492 1841 2543 tica? alia est Papistarum, alia nostra sententia. Papistae affirmant: nos
1042 2533 1157 2575 negamus.
1068 2558 1830 2610 Illi sententiam suam sequentibus conantur probare argumentis:
1053 2596 1646 2642 quorum singulis refutationem statim adjungemus.
1081 2650 1846 2706 Quae editio longo tot seculorum usu in ipsa Ecclesia est probata, ea est
1053 2691 1169 2730 authentica.
1077 2718 1840 2762 Vulgata editio Latina longo tet seculorum usu in ipsa ecclesia est pro¬
1084 2764 1307 2833 Est ergo authentica.
1086 2820 1851 2873 RESP. Primo propositio major non est vera de quavis editione;
1060 2854 1838 2894 sed duntaxat de editione a Deo ipso per Prophetas & Apostolos da¬
1053 2891 1847 2927 ta: vid. Hebraea Veteris, & Graeca Novi Testamenti. Secundo com¬
1053 2924 1843 2965 mittitur fallacia τξαίανι,8. Nam usus quantumvis longus non faci¬
1065 2956 1846 2994 editionem authenticam, sed Dei autoritas. Ideo fuit ed tio librorum
1056 2992 1849 3026 Mosis authentica, quam-primum Ecclesiae data est, etsi ante non fu¬
1053 3020 1853 3061 isset usurpata. Idem dicendum de libris aliis Canonicis veteris
1053 3055 1852 3095 & novi federis. Propterea sit propositio particularis. Tertio as¬
1053 3088 1850 3128 sumtio vera est tantum secundum quid: quia vulgata editio Lati¬
1059 3123 1852 3158 na longo tot seculorum usu in Ecclesia probata est: non ab om¬
1059 3162 1862 3202 nibus, sed tantum a quibusdam Christianis. Nam fuerunt muliae aliae
