2063 3388
225 166 1023 219 in Ecclesia Latina ante Gregorium versiones Latinae, non una ali¬
238 208 1003 257 qua authentica. Cujus rei locuples testis est Augustinus secundo libro
228 234 1007 283 de doctrina Christiana capite undecimo: Sic enim ait: Qui ex He¬
227 269 1004 322 braa lingua Scripturas in Graecam vertunt, numerari possunt: Latini
237 299 1004 354 autem nullo modo. Sic Hieronymus in Praefatione in Josuam ait: tos
232 329 1013 384 esse apud Latinos exemplaria, quot codices. Sed inter reliquas erat una;
244 371 1009 422 illustrior, quam Italam vocabant: eam Augustinus caeteris ante¬
242 404 1003 457 ponit, libro secundo de doctrina Christiana. cap. decimo-quinto, pro¬
241 428 1002 485 pterea, quod & adstrictior esset ad verba, & sententiam clarius & di¬
243 462 1005 515 lucidius interpretaretur. Haec autem illa non est, quam edidit Hiero
239 494 1008 550 nymus, quia Hieronymiana antiquiorem esse constat. Ita ante Gre¬
236 532 1012 587 gorium plures fuerunt in Ecclesia Versiones Latinae. Gregorius Ma¬
236 565 1010 616 gnus ipse in fine epistolae ad Leandrum episcopum expositioni Mora¬
237 597 1011 641 li in Jobum praefixae ait se nunc novam, nunc veterem transtationem
237 625 1000 683 per testimonia assumere: & addit: ut quia sedes Apostolica (cui autore
244 657 1016 706 Deo praesideo) utraque utitur, mei quoque labor studii ex utraque fulciatur.
244 696 1012 742 Post Gregorium etiam nullo unquam Ecclesiae decreto cautum fuit;
246 733 1016 773 ut vulgata editio Latina esset authentica, priusquam Concilii Tri¬
256 764 1007 804 dentini decretum prodiit. Et Isidorus, qui post Gregorium vixit libr
249 791 1013 836 sex. cap. 5. Etym. ait, Hieronymi versionem caeteris merito anteponi. E¬
255 830 1018 870 rant ergo aliae versiones praeter Hieronymianam, etsi hanc fuisse pu¬
244 855 1010 902 rissimam ac praestantissimam fatetur. Tum etiam interpretes & tra¬
244 898 1015 938 ctatores post Gregorium, non semper soliti sunt sic verba Scripturae
249 924 1015 970 recitare, quemadmodum in vulgata editione nunc leguntur, quod ex¬
250 963 1013 1001 Beda. Anglo & Gilda Britanno & aliis autoribus manifestum est, qui
261 988 1014 1035 post Gregorium in Ecclesia floruerunt. Hinc liquet, ex puris particu¬
255 1015 1022 1069 laribus concludi: ac proinde fixum manet, Editionem vulgatai
255 1062 506 1107 non esse authenticam,
615 1077 656 1133 II
284 1113 1017 1172 Perannos fere mille, hoc est, a tempore Gregorii omnis Ecclesia Lati¬
258 1161 1024 1203 na hac una editione usa est: omnes contionatores hanc explanaverunt.
256 1199 1024 1238 & popalis proposuerunt: Omnia Concilia ex hac editione testimonia
257 1234 1021 1277 protulerunt ad confirmanda dogmata fidei; Ergo editio Vulgata La¬
263 1259 464 1311 tina est authentica.
286 1286 1018 1340 RESP. Antecedens negatur: nam nos jam ante contrarium o¬
261 1324 1024 1371 stendimus, vid. Ecclesiam a tempore Gregorii magni hac una versio¬
255 1362 448 1410 ne non esse usam,
609 1376 673 1434 II1
294 1413 1020 1474 Si vulgata editio Latina non est authentica; sequitur Ecclesiam
258 1467 1025 1507 totis octingentis vel nongentis annis germana Scripturae interpretatione
255 1495 824 1539 caruisse. Sed posterius est absurdum: Ergo & prius.
289 1520 1022 1573 RESP. Connexum laborat fallacia παρατό ἐπόμινον. Nami
255 1564 1013 1605 non magis caruerit Ecclesia nongentis annis germana Scripturae in
255 1597 1024 1637 terpretatione, etsi haec vulgata non sit authentica: quam ea caruit.
264 1637 1021 1670 cum haec vulgata nondum exstaret. Quid enim? an caruit Scriptura
264 1660 1025 1704 germana interpretatione Ecclesia antequam vulgata editio prodiis¬
256 1685 1025 1731 let? Deinde tota Ecclesia non fuit hoc omni tempore Latina. Erani
256 1723 1021 1764 enim multae eaeque frequentissimae Graecorum aliorumque populo
267 1754 1022 1793 tum Ecclesiae. Etsi ergo ecclesia Latina erravisset, tamen totam Chri¬
256 1787 1025 1829 sti Ecclesiam in errore illo tam diuturno permansisse non sequeretur.
272 1821 1022 1864 Quia Graeca Ecclesia in errore illo non fuisset. Tertio si demum ab
261 1853 1022 1891 annis octingentis haberi coepit germana Scripturae versio, ut neces¬
256 1883 1025 1924 sario ex verbis adversariorum colligitur: sequitur inde aut Ecclesiam
255 1923 1025 1957 caruisse germana versione ante editam vulgatam hodiernam: aut
265 1948 1025 1993 Ecclesiam Romanam ab antiqua Ecclesia Apostolica defecisse, ut
261 1987 1021 2028 quae deserta versione quae antea authentica fuerat, aliam receperit pro
256 2017 383 2053 authentica.
604 2036 669 2090 IV.
279 2076 1025 2124 Si vulgata editio Latina non est authentica; sequitur Ecclesiam in
246 2120 1025 2155 iis quae ad fidem & religionem pertinent, errores interpretis nescio cujus
243 2158 1012 2195 pro verbo Dei coluisse. At posterius est absurdum, cum Apostolus dicat
246 2186 1016 2233 Ecclesiam esse columnam & firmamentum Veritatis. I. Tim. 3. Ergo &
253 2219 464 2266 prius est absurdum.
273 2249 1021 2296 RESP. Assumtio est falsa. Ecclesia enim falli potest in locorum
249 2291 1012 2328 quorundam Versione, ut interim non desinat esse vera Ecclesia. Hoc
252 2325 1013 2363 enim non evertit Ecclesiam, si forte locus aliquis Scripturae parum
244 2351 1010 2389 idanee conversus fuerit: & haec Romana Ecclesia, si nullos alios, prae
247 2383 1021 2420 terquam hanc vitiosam translationem, errores haberet. hancque Lati¬
243 2417 1010 2457 nam suam editionem recte pieque intelligeret, posset Ecclesia ess
243 2453 1014 2491 Christi. Sunt enim in hac Latina editione salva fidei fundamenta,s
253 2484 1021 2527 non ubique, at in multis omnino locis. Verum ea, praeterquam quod
243 2515 1007 2548 versionem vitiosam pro Scriptura authentica recipit ac defendit, et
240 2546 1015 2582 iam quae in ea aut bene aut tolerabiliter versa sunt, suis expositionibus
252 2579 1022 2618 contaminat. Dictum Pauli quod ex 1. Tim. 3. allegatur, est ἀωροσόυi¬
251 2616 309 2652 νυσονν
281 2677 1018 2724 Quam versionem Latinam Augustinus & alii Patres laudant, ea
237 2716 1015 2754 est authentica. Editionem vulgaram Latinam Augustinus & alii Pa¬
237 2747 391 2786 tres laudant.
276 2773 490 2820 Ergo est authentico.
278 2803 1015 2849 RESP. Primo, in propositione majore est fallacia τυρα το μη αι¬
240 2844 1016 2880 πον, ώς αῖπον. Nam commendatio, laudatio seu approbatio Patrum
253 2876 1016 2914 causa esse fingitur autoritatis anthenticae, cum non sit. Laudare pos¬
243 2908 1024 2949 sunt & prroibare versionem aliquam: ex quo tamen non sequitur, eam
243 2941 1009 2978 esse authenticam. Nam Augustinus etiam multis verbis laudat versi
252 2974 1014 3015 onem Graecam sepruaginta duorum interpretum, num inde adversa¬
253 3004 1012 3051 rii concludent, illam esse authenticam? At illam hodie non magni fa¬
250 3031 311 3071 ciunt.
282 3067 1016 3115 Secundo, assumtio perit principium Quomodo enim pro certo as¬
249 3092 1026 3146 severati potest Augstinum XaleSv: it, ssimos Patres. hanc vul¬
249 3137 931 3180 gatam editionem laudasse, cum non constet an eam videriut:
1382 164 1522 235 Iastantia.
1093 223 1853 276 Imo Augustinus vidit: nam haec vulgata versio vel est Hieronymi,
1060 268 1789 307 vel certe illa antiqua communis, quam Augustinus vocat Italam.
1083 301 1875 346 RESP. Rursus petitur principium. Nam vulgata haec editio
1065 332 1847 376 nec Hieronymi est, nec il a Itala. Hieronymi non esse liquet ex se¬
1071 365 1328 418 quentibus argumentis.
1083 399 1844 437 I. Quia Hieronymi versio fuit Hebraicae veritati prorsus conve¬
1076 432 1841 473 liens, quemadmodum prositetur ipse in Pro logo Galateo & praefa¬
1065 463 1875 504 tione Psalterii ad Sophronium quae est epist. 133. Idem testutur Au¬
1062 504 1875 540 gustinus libro decimo-octavo de Civitate Dei, cap. quadrages. tertio:
1071 531 1875 575 at vulgata Latina plurimis in locis ab Hebraica veritate discrepat.
1096 563 1840 602 II. Quia vulgata versio Latina continet plurima quae reprehen
1074 638 1851 675 praicis, in libro de optimo genere interpretandi, in Commentatiis in
1068 662 1513 704 Psalmos, in Ecclesiasten, in Prophes:
1100 686 1862 738 III. Quia plurimum discrepat ab illa versione quae in operibus
1066 717 1274 770 Hieronymi exstat.
1090 761 1846 798 Eandem versionem Latinam vulgatam, non esse Italam illam a ve¬
1062 795 1862 827 teribus Patribi celebratam, inde constat, quia Itala illa versio fuit adstri¬
1065 824 1849 865 ctior ad verba, quae in fontibus exstant, & sententiam clarius & dilu¬
1075 860 1847 894 cidius interpretatur, vt testatur Augustinus lib 1. de doctrina Christi¬
1081 892 1862 936 ina cap. 11. At talis non est hodierna vulgata versio. Ergo hodierna
1075 925 1846 969 versio vulgata potius aut Aquilae est, aut Symmachi, aut Theodotio¬
1071 957 1253 1002 nis facta Latina.
1444 991 1499 1036 VI.
1105 1027 1856 1078 Hebraei habuerunt sua lingua authenticam Scripturam. Graeti quo-
1084 1081 1793 1119 que habuerunt authenticam. Ergo & haec Latina est authentica¬
1107 1100 1852 1153 RESP. Primo, committitur in propositione majore quae dissi¬
1071 1141 1861 1178 mulatur, error, πρα τό μή ίσον, ως ἵσον. Nam Hebraica editio Veteris
1086 1173 1856 1210 Testamenti & Graeca novi fuit a Deo per Prophetas & Apostolos
1081 1205 1852 1244 Ecclesiae data, propterea fuit & est etiamnum authentica. Sed Latine
1086 1239 1862 1277 editio a Deo Prophetis & Apostolis inspirata non est: authentica igi¬
1090 1272 1853 1309 ur non est. Secundo committitur fallacia secundum plura interroga¬
1081 1309 1862 1343 ta: Nam de Hebraea editione Veteris Testamenti, quod authenti¬
1081 1337 1865 1377 ca sit, minime dubitandum: at Graecam Veteris Testamenti editio¬
1083 1369 1861 1408 nem authenticam fuisse negatur. Tertio, Latinam Papistae per se au¬
1089 1404 1859 1442 henticam habendam, nec ad fontes examinandam esse contendunt.
1086 1435 1867 1473 At hoc modo nulla unquam translatio vel fuit authentica, vel esse po¬
1083 1469 1861 1507 tuit. Quarto, non magis Latina versio est pro authentica habenda,
1086 1502 1858 1543 quam Germanica, aut Gallica, aut Italica, aut Bohemica. Nam si La¬
1077 1534 1864 1567 tina sit authentica, quid fiet si discrepet ab Hebraea & Graeca & ali¬
1086 1566 1867 1608 arum linguarum editionibus? Possuntne omnes authenticae esse, &
1083 1596 1360 1643 inter se tamen dissentire:
1392 1639 1529 1702 Instantia.
1122 1695 1874 1739 At ut Hebraea Ecclesiae Scriptura authentica, fuit Hebraea: ita etiam
1086 1733 1454 1771 Latinae Ecclesiae Latina esse debet.
1116 1764 1858 1804 RESP. Primo, Non est par ratio editionis Hebraeae & Latinae
1089 1805 1856 1843 quia Hebraea est immediate a Deo inspirata, Latina non est. Secundo
1089 1835 1861 1868 Hodierna Romana Ecclesia non recte appellatur Latina. Non enim
1083 1867 1856 1906 Latine nunc loquitur, nec inter Romanos quisquam Latine intelli¬
1080 1900 1862 1940 git, nisi qui linguam illam a magistro didicerit. Olim dicebatur & e¬
1090 1934 1853 1969 at Latina, quia omnes linguam Latinam Romae a nutricibus hau¬
1080 1969 1859 2002 riebant, omnibusque vernacula erat: nunc vero Ecclesia illa nec est
1080 1996 1855 2036 Latina, nec proinde Latina dici vere potest, nisi quia Latinis sacris i
1070 2026 1419 2073 psa non Latina absurde utitur.
1429 2061 1517 2115 VII.
1110 2101 1542 2160 Editio Latina vulgata est vetustissima:
1105 2146 1316 2186 Ergo est authentica.
1096 2172 1864 2222 RESP. Prin o fit in propositione omissa processus secundum non
1066 2213 1859 2248 causam ut causam: Nam antiquitas non est causa authenticae editio¬
1065 2244 1856 2281 nis. Secundo, hoc argumento plus autoritatis tribuitur Hebraicae
1083 2277 1858 2322 Veteris Testamenti & Graecae Novi Testamenti editioni, quam
1071 2305 1829 2349 Latinae: quia Hebraea & Graeca sunt omnib. Latinis antiquiores.
1409 2355 1488 2403 IIX
1107 2397 1867 2442 Editio vulgata Latina est omnium gravissima, augustissima, a par¬
1072 2435 1568 2477 tium studiis alienissima. Ergo est authentica.
1105 2469 1867 2506 RESP. Primo negatur antecedens: Nam Latina Vulgatis in
1074 2501 1870 2542 plurimis locis est putida & falsa: itaque & gravitatis & sinceritatis &
1075 2536 1868 2575 majestatis expers. Deinde respondeo per cανον: Has omnes virtutes
1072 2568 1867 2609 necesse est in Hebraea Veteris & Graeca Novi Testamenti editione
1074 2601 1859 2645 majores esse, quae est Prophetarum & Apostolorum & ipsius dentque
1069 2634 1859 2678 Spiritus sancti, quam in Latina, quae suae existimationis dignitatisque
1075 2664 1870 2706 principium non longius, aut sublimius, quam ab Hieronymi tempo¬
1065 2701 1533 2746 re, personaque repetit, si est Hieronymi.
1435 2738 1499 2778 IX.
1131 2764 1798 2842 Bellarmini, libro secundo de Verbo Dei, cap. 10.
1351 2825 1584 2878 sectione aecima.
1107 2875 1867 2916 Si Vulgata editio non esset authentica, tum male provisum esset Ec¬
1069 2915 1861 2949 clesiae. At coxsequens est absuraum: Ergo & antecedens. Consequentia
1074 2948 1856 2980 connexi probatur: Quia in Conciliis generalibus Ecclesie, aut paucissi
1071 2979 1855 3015 mi aut interdum nulli inveniuntur linguae Hi braicae periti: male igitur
1075 3010 1862 3051 provisum esset Ecclesiae, si in rebus gravibus non posset fidere Latinae edi¬
1080 3045 1865 3082 tioni, sed deberet recurrete ad Hebraicos codices, & mendicare a Rabbi¬
1077 3084 1858 3119 nis hostibus suis veritatem. Idem dicere possumus de Craeca lingua. Nam
1074 3116 1862 3147 etsi nunc uteunque multi inveniuntur, qui Graece novirint, tamen non
1062 3147 1858 3194 semper ita fuit. Nam si Eussino credimus libr. Hist. 10. cap. 21, ex sexcens
