2063 3459
166 180 993 223 tis Episcopis qui ad Concilium Ariminense convenerunt, nemo fuit qui
171 220 971 266 sciret, quid sibi vellet αμοκσιος, & propterea cum callidi quidam haere¬
171 257 977 298 tici Ariani proponerent Synodo, an vellet Christum colere, an ἐμουσιον,
175 289 770 330 omnes clamaverunt, se nolle ν μουσεον, sed Christum,
208 318 961 364 RESPONPEO. Primo negatur connexae propositionis conse¬
175 356 970 408 quentia. Nam non continuo sequitur, Si vulgata editio Latina non
178 389 964 426 ut authentica, male provisum esse Ecclesiae. Secundo laborat pro¬
184 423 971 463 patio ejus multis erroribus: Primus est πuρα α συμζεοηκος, ex acci¬
178 454 962 502 dente: nam quod in Conciliis etiam genei alibus paucissimi aut et
174 486 965 530 iam nulli linguae Hebraicae & Graecae periri reperiuntur, ut ait Bel¬
174 518 960 567 larminus, id non sit vitio providentiae divinae per quam bene pro v¬
181 550 970 594 sum est Ecclesiae Hebraea & Graeca editione, cui nisi fiditur, perit fi¬
178 582 962 637 des: Sed accidit vitio & culpa Ecclesiae Papanae, quam hoc argumen¬
171 621 974 657 to Bellar. accusat, quasi diceret, Deus quidem authenticam editio¬
172 652 968 693 nem Scripturae Sacrae dedit, Hebraicam Veteris & Graecam Nov
172 683 962 725 Testamenti: Sed nostra Ecclesia non studet, non suscitat studiae
171 718 971 761 non coetus Christianus & doctus, sed Arcadicus est grex nostrorum
164 745 965 788 Episcoporum & praelatorum in ipsis etiam Conciliis generalibus
186 787 965 825 quia non didicerunt linguas fundamentales, quibus Deus verbum
181 817 974 859 vitae perscribi voluit. Et cujus culpa non didicerunt? Suam quidem
168 851 979 885 culpa, sed communi totius Ecclesiae damno. Socundus error est: ex¬
181 890 966 924 ignoratione elenchi, quia mutatur a Bellat. status controversiae. Fin¬
177 916 965 957 git enim statum controversiae esse, An Ecclesia in rebus gravibus pos¬
181 956 972 994 u fidere Latinae editiont? Hinc ita disputat: Si Ecclesia in rebus gra¬
180 984 969 1025 vibus non posset fidere Latinae editioni, male provisum esset Eccle¬
177 1009 971 1045 siae. Atqui status controversiae est, An Latina vulgata Scripturae ver
181 1042 974 1080 sit sit authentica? Quod vero quaestionem a Bell. praetensam atti¬
171 1083 974 1118 net, nimirum: An Ecclesia Latinae editioni fidere possit? Responde.
183 1115 971 1153 mus: Editioni Hebraicae veteris Testamenti & Graecae Novi Testa¬
179 1146 971 1180 menti, Ecclesiam modis omnibus & summe posse fidere, quia divini¬
175 1178 972 1212 tus data est: Translationi vero Latinae suo modo & gradu eam fide
183 1212 979 1248 re debere, nimirum hac cautione duplici: Prima est, quatenus Lati¬
181 1244 978 1288 na editio cum fontibus divinis congruit: Altera, ut Ecclesia a dete¬
174 1278 974 1317 riori versione caveat, meliorem amplectatur, aut ne rejiciat, aut no
183 1309 980 1344 saltem impediat, obsecuta praeceptis Christi per Apostolum datis, 1.
183 1343 973 1377 Thes. 5. v. 9, 20, 21. Spiritum ne extinguite: Propnetias ne pro nihi
172 1373 971 1410 lo habete: Omnia explorate, quod bonum fuerit retinete. Tertius er¬
174 1413 974 1452 ror est ex confusione plurium interrogatorum, quorum diversissima
177 1442 973 1484 est ratio, cum Bellarminus ita disputat: Male provisum esset Ecclesiae
183 1472 973 1507 si deberet recurrere ad Hebraicos codices & emendicare a Rabbinis ho¬
175 1509 968 1549 stibus suis veritateT. Nam prius, nempe Ecclesiam recurrere de
183 1540 979 1575 bere ad Hebraicos codices, quando videlicet ob versionem dubita¬
183 1575 982 1607 tio aliqua incidit, affirmamus: posterius vero, nimirum Ecclesiam
180 1607 976 1643 debere emendicare a Rabbinis hostibus suis veritatem, nunquam
171 1640 964 1681 cogitavimus, nisi forte Moses, Josua, Samuel, David, Salomon, Je
181 1672 968 1707 saias & caeteri Prophetae qui libros veteris Testamenti scripserunt, e
180 1707 974 1742 ad quos recurrendum esse statuimus, sint Bellarmino Rabbini Eccle¬
174 1739 970 1779 siae hostes. Quartus error est ex imprudenti allegatione exempli Con
184 1773 979 1808 cilii Ariminensis. Nam cujusmodi fuerit Ariminense Concilium
174 1807 971 1842 quis nescit? Etsi enim initio Arianis restitit & Concilium Nicenum
189 1839 973 1871 confirmavit; tamen postea novae formae fidei subscripsit, Constan¬
179 1872 968 1905 tinopoli jussu Constantii imperii Imperatoris conscriptae: Ideo a
181 1902 984 1941 Atianis valde urgetur & opponitur Niceno Concilio. Et ex hoc
181 1938 973 1971 tamen Concilio Ariminensi Bellarm, argumentatur de Romana
190 1969 973 2002 Ecclesiae Conciliis: Siquidem vere, at imprudenter tamen. Nam
178 1996 967 2040 quem honorem habeat Conciliis hac sua comparatione, ipse vide
181 2037 983 2080 rit. Quintus error est falsitas in eo quod ait: nullum in Concilio
177 2072 974 2113 Ariminensi inventum, qui intelligeret vocem ἐμουιος. Nam
190 2105 980 2140 aderant multi ex Graecia Episcopi, qui Graecam linguam norant,
174 2133 967 2168 sed qui vim nominis ἐμουσίο cognitam non haberent. Atque ho¬
180 2163 1003 2202 iis evenire potest, quibus lingua aliqua est vernacula, ut vocis alicu¬
177 2199 625 2248 jus vim non habeant recte perspectam
567 2235 593 2269 X.
219 2258 974 2300 Si vulgata versio Latina non est authentica, tum incerta eruno
184 2298 851 2339 omnia quae de religione docentur. At posterius est absurdum
212 2333 364 2375 Ergo & prius
222 2361 977 2403 Conse quentia connexi probatur: quia videmus novos haereticos.
177 2395 977 2443 qui contemta antiqua edit:one novis interpretationibus student, adeo
179 2436 967 2473 diversas & inter se dissentientes editiones cudere: ut nihil fere certi ha¬
177 2462 971 2497 beri possit. Quare Martinus Lutherus in libro contra Avinglium de
187 2489 1004 2541 veritate Corporis Christi in Eucharistia: Si diutius, inquit, steterit
177 2528 971 2564 mndus, iterum erit necessarium, ut propter diversas Scripturae inter¬
182 2560 971 2602 pretationes, quae nunc sunt, ad conservandum fidei unitatem, Concilio¬
178 2601 722 2638 rum decreta recipiamus atque ad ea confugiamus
210 2626 965 2671 RESPONDEO. Primo negatur connexa propositio. Secundo pro¬
189 2660 967 2703 batio ejus falsa est: Nam Papistae videntur sibi videre quod non vi¬
180 2698 980 2730 dent. Versiones enim Latinae quas reformatatum Ecclesiarum Do¬
183 2727 980 2762 ctores ediderunt non ita diversae sunt, quin facile conciliari queant:
177 2759 977 2805 & plus certae doctrinae ex qualibet illarum hauriri potest, quia fonti¬
186 2791 983 2826 bus divinis congruentiores sunt, quam ex vulgata Latina, quae a fon¬
190 2827 986 2863 tibus divinis nimis procul recedit. Tum quaedam versiones praeter
183 2860 977 2894 vulgatam Latinam a Pontificibus Romanis ipsis sunt probatae, ut
196 2893 982 2928 versio Novi Testamenti Erasmiana, quam Leo X. authoritate sua
186 2930 977 2967 munivit; item Xantis Pagnini versio. Tertio etiamsi versiones in¬
189 2960 983 2997 ter se discreparent: tamen nullam nos authenticam editionem Scri¬
183 2997 982 3033 pturae agnoscimus nisi unam, nempe Hebraeam Veteris & Graecam
183 3026 976 3061 Novi Testamenti; ideo si ob di crepantiam versionum dubitatio oc
183 3061 986 3103 currit, ad fonies recurrimus, tum in re veritatem, in scribendo modum,
190 3095 981 3133 in agendo ordinem requitimus, neq; defugimus. Haec si non tenen¬
193 3127 983 3161 Pontificii, quam conscientia acquiescamus, aut quo jure adstringamur
187 3161 986 3204 conditionibus ipsorum? Quari o Lutherus non de versionibus Scri¬
183 3193 991 3248 pturae loquutus est, sed de quorundam locorum expositione, quod ad
1027 181 1831 234 sententiam illorum attinet. Atqui aliud est interpretari varie horum
1029 235 1828 266 aut illorum locorum Scripturae sententiam, quod etiam Orthodos
1029 261 1837 298 Patres fecerunt, ut ipsemet Bellarminus passim in controversiis suis
1033 292 1840 342 ostendit: aliud varias versiones Scripturae moliri atque profundere,
1024 325 1685 363 Ad aliud respexit Lutherus in allegato loco, non ad hoc:
1414 372 1454 410 X I.
1179 389 1686 450 Melchioris Cani lib. 2. cap. 13.
1062 453 1841 501 Scholastici Theologi hanc solam vulgatam editionem sequuti sunt;
1030 485 1832 531 & haereticae pravitatis inquisitores solent ex ea haereticos convincere, &
1030 530 1417 563 condomnare. Ergo est adthentica.
1056 556 1828 602 RESPONDEO. Primo, majorem propositionem quae dissimula¬
1029 588 1831 626 tur, negamus: Non enim quaecunque versio, quam Scholastici Theo¬
1038 624 1825 662 ogi & inquisitores haeretici usi sunt, est authentica: quia non usus hu¬
1035 657 1826 693 jus vel illius, sed divina autoritas editionem authefiticam facit. Secun¬
1023 691 1836 725 do faremur, Scholasticos Doctores & inquisitores haereticos editio¬
1023 723 1831 758 ne vulgata usos, sed quam dextre, quam apse, ex libris & disputatio
1039 756 1841 793 hibus illorum manifestum est. E multis exemplis unum & alterum
1035 791 1831 826 adducam. Olim in versione vuloata Latina legebat Roman. 13. 2.
1040 823 1835 863 Quae a Deo sunt, ordinata sunt. Hinc Thomas Aquinus Scholastico¬
1035 855 1832 894 tum facile princeps, Omnia esse a Deo bene recteque constituta, col¬
1038 885 1828 931 ligit in multis locis: & nominatim in prima secundae, quaest. 102.
1039 924 1833 958 art. 1. ex his verbis probat, praecepta ceremonialia habere causama
1035 954 1831 997 Quaestio nimirum praeclare & exposita & conclusa. Quis absurdissi¬
1033 987 1829 1027 mam Scripturae tractationem non miretur? Nam locus corruptissi
1030 1022 1835 1061 me versus fuit. Prin o enim omissum est nomen Potestates: Quia
1030 1048 1838 1089 in Graeco est, aj δι κσαι ἔζεσίας. 1. quae vero sunt potestates. Deinde
1045 1089 1831 1122 perba a Deo conjuncta sunt cum subjecto enunciationis, quum per¬
1038 1119 1839 1153 tineant ad praedicatum: Verti enim sic oportet: Quae vero sunt Po¬
1044 1155 1838 1187 testates a Deo ordinatae sunt. Tertio legebatur ordinata genere neu¬
1033 1183 1832 1219 tro, pro ordinatae genere foeminino. Hodierna autem versio vulga¬
1032 1218 1834 1254 ta jussu Sixti V. Pontificis Romani recognita, habet quidem ordi¬
1029 1247 1834 1285 natae, & verba a Dei jungit praedicato: praetermisit tamen nomen
1034 1281 1831 1322 potestates, quod ad subjectum pertinet, licet sit in textu Graeco. Sic
1047 1315 1837 1353 Hebr. 13. v.16. adhuc habet versio vulgata: Beneficentiae & comma¬
1039 1350 1715 1386 nionis nolite oblivisci: talibus enim hostiis promeretur Deus.
1065 1378 1831 1413 Hinc collegerunt Scholastici & inquisitores haeretici: Opera
1035 1410 1837 1447 nestra bona pcomereri vitam aeternam: Atqui putidissima est ista
1038 1448 1831 1483 versio, sive verba spectes, sive sensum. Nam verbum promeretur pas¬
1036 1479 1832 1517 sive ponitur contra praecepta Prisciani & usum Latinae linguae: Sen¬
1035 1513 1834 1550 sus vero Apostoli nullo modo est redditus. In Graeco enim textu
1029 1553 1839 1586 est: τειαυταις γ θυσίις ἐυαρισειταμ ὀ θεός. Verti igitur debuit: Ta¬
1035 1575 1835 1628 libus enim hostiis delectatur Deus, hoc est, tales hiostiae sunt Deo gra¬
1036 1605 1211 1650 tae; placent illi¬
1070 1639 1831 1683 Bellarminum nihilominus non puduit Versionem vulgatam hu¬
1045 1674 1834 1716 jus loci defendere. Ait, recte Latine dici, bene mereri de aliquo eum,
1035 1708 1835 1750 qui facitrem illi gratam, Atqui primo dissimilima Bellarmin, compa¬
1030 1739 1840 1785 tat: nam in versione passive legitur. Promeretur Deus: in phrasi
1047 1774 1826 1816 pero Latina bene mereri de aliquo, verbum merendi non est passi¬
1044 1808 1838 1846 vum, sed deponens, activam significationem habens. Deinde homo
1038 1841 1832 1881 quidem de homine bene mereri potest, at de Deo nequaquam po¬
1035 1876 1832 1914 test: quia quicquid facit quod Deo gratum est, ac proinde quamvis
1038 1906 1828 1940 omnia faceret quae facere debuit, inutilis servus est, quod ad Deum
1035 1938 1825 1973 attinet. Tertio ne quidem inter homines, semper potest dici ben¬
1030 1972 1832 2011 meteri de aliquo eum, qui facit rem illi gratam: ut quum servus mn
1038 2001 1317 2048 nistrat hero suo fideliter.
1401 2037 1459 2082 XII
1131 2081 1732 2146 Anglo Rhemensium interpretum Novi¬
1345 2129 1520 2191 Testamenti.
1060 2191 1829 2238 Versio Bibliorum vulgata Latina eadem est (ut vulgo opinantur &
1033 2234 1829 2278 omnino probabile est) quam postea Hieronymus ex Graeco correxit jussu
1034 2268 1352 2313 Damasi Romani Pontificis.
1060 2301 1784 2341 Ergo est authentica & potius per omnia sequenda, quam Graeca¬
1072 2325 1825 2371 RESPONDEO. Primo falsa est propositio major, quae veteratorii
1036 2369 1835 2403 praetermissa est. Qui enim potest illa editio esse authentica, quam
1039 2399 1830 2433 Hieronymus ex Graeco correxit Damasi Pontificis jussu? Quis, non
1041 2433 1823 2468 videt Graecam editionem potius, ex qua Latina versio emendata est
1039 2470 1828 2505 authenticam & majoris autoritatis, quam Latinam esse? Nec jussus
1035 2498 1837 2538 Romani Pontificis editionem ullam authenticam facit, sed divina
1039 2531 1836 2571 prigo seu inspiratio immediata. Secundo petitio est principii in ante¬
1033 2571 1826 2607 cedente enthymematis: Nam AngloRhemenses fatentur, opina.
1038 2600 1834 2642 bile tantum esse, ac proinde minime certum atque exploratum, num
1032 2629 1571 2684 haec vulgata editio sit a Hieronymo emendata.
1393 2666 1469 2706 XIII
1069 2700 1830 2754 Illa est, quae exinde semper fere usurpata fuit in Ecclesiasticis offi¬
1030 2745 1844 2786 ciis, in concionibus, in commentariis, in scriptis antiquorum Ecclesiae.
1042 2785 1130 2818 Patrum.
1077 2818 1839 2862 RESPONDEO. Prin o negatur propositio major quae omissa est.
1045 2856 1847 2896 Nam usus quantumvis longissimus non facit editionem authenti¬
1036 2887 1836 2931 cam, sed divina inspiratio. Sola editio θεοπνευσος & αρχιτυπος es
1044 2929 1835 2965 authentica. Quod si X usu diuturno editio authentica aestimatur.
1036 2957 1835 3000 tum Hebraea Veteris & Graeca Novi Testimenti, multo magis
1039 2996 1843 3031 erit authentica, quia longe ante Latinam in usu Ecclesiae fuit. Secun¬
1044 3030 1855 3072 do negatur antecedens Enthymematis: non enim solam vulgatam
1035 3055 1598 3105 in Ecclesia usurpatam fuisse antea ostendimus.
1396 3102 1493 3146 XIV.
1072 3149 1856 3191 Hanc solam translationem ex omnibus Latinis Sacrum Concilium
1050 3184 1646 3226 Tridentinum authenticam esse definivit. Ergo, &c.
