2063 3424
207 178 1026 222 Einctissimos, errorem vulgatae versionis secutos, legisse ITA, in
214 215 1019 253 summa illa Hebraei sermonis inscientia quae tempore ipsorum fuit,
222 247 1007 289 sicut Bedarminus ipsemet confitetur libro secundo de verbo Dei, ca¬
222 281 974 325 pite decimo, sectione decima; in conciliis gencralibus Ecclesis
217 323 1013 353 pautissimos, aut interdum nullos inveniri linguae Hebratcae pontos.
218 345 1016 385 Nunc vero in tanta linguae Hebraicae luce, velle caecutire, minime
217 383 1010 425 ferendum aut probandum. Deinde etiamsi omnes Patres legissen
226 418 1007 456 IPSA; tamen id nullo modo admitti probarique debuit, cum tex¬
214 453 1020 486 tus Hebraeus repugnet, item versio Graeca, quae habet, αυτυς συ δσι¬
219 480 1010 520 proci κεφαλεθ, κι συ τειρισεις αυτκ ωιορναν, ut fatetur etiam Iacobu¬
218 511 1010 550 Pamelius Papista in editione Cypriani Parisiensi in annotationibus
213 553 1015 586 ad secundum librum Testimoniorum adversus Judaeos, numero
214 580 1015 618 quinquagesimo primo: Item Chaldaea Paraphrasis Onbeli, quae
213 613 1013 649 habet itidem masculinum NeITI & semen aperte interpretatur
213 644 1015 688 filium mulieris. Targum Jerosolymitanum plurali numero red¬
215 676 1010 716 dit: Et erit quando filit mulieris operam dabunt legi, & fecerint prae
217 711 1014 747 cepta, tunc studebunt tibi conterere caput, & occident te: Id autem
213 742 1010 786 principaliter ad Christum refert: ait enim serpenti caput concu l¬
219 776 1021 810 candum NPUyRUPPODVa Sciome malea Meschi la,
212 809 1022 850 id est, in diebus regis Messiae: Quin etiam Latina quaedam Bililia¬
222 841 1016 883 eaque correctiora, fatentibus Theologis Lovaniensibus in Francisci¬
216 873 1025 914 Luc. notat. & lib. variarum lectionum sacri apparatus ad Regia Bi¬
226 913 719 949 plia tom. 3. Ribera in Habac. cap. 1. §. 3:.
261 935 1018 980 Quod ad Chrysostomum attinet, is non legit IPSA: Sed illud
214 972 1015 1011 interpreti priori tribuendum esse, & Graecum Chrysostomi con¬
217 1007 1004 1047 textum aliud legere, & praesertim in commentariis, ubi masculo
217 1038 1007 1075 num εκεινς est, Philippus Montanus Papista admonuit: ut annota
219 1076 1020 1113 vit Iacobus Pamelius Papista in editione Cypriani Parisiensi ad li¬
213 1105 1004 1148 brum secundum testimoniorum adversus Judaeos, numero quin
216 1146 1003 1183 quagesimo primo. Sed visum est operae pretium contextum Gra¬
222 1173 1034 1210 cum adhibere ex Graecis Homiliis. JOHANNES CHRVSO¬
218 1207 1013 1244 STOMUS in Graecis Homiliis super Genesin manuscriptis in
222 1240 1022 1276 membrana venerandae antiquitatis, quae in Bibliotheca Academiae
219 1269 1022 1306 Basiliensis exstant, unde etiam sequentia fide bonam transscripsi,
220 1301 1016 1339 homilia decimaseptima haec verba bis ita allegat, ut utrobique
223 1338 1012 1381 genus masculinum usurpet: κι αυτός σκυ τηρεσει κιφαλλν κι συ τηρη
222 1369 1015 1409 σεις αυτο ωιοοναν, hoc est, & IPSE tuum observabit caput, & tu obi¬
219 1398 1013 1443 servabis illius (etiam relativum hoc in Graeco textu Chrysosto¬
222 1433 1022 1468 mi Masculino genere ponitur) calcaneum. Nonnullis vero inter¬
228 1474 1013 1509 jectis, eadem verba repetit, addita expositione: αλλα κι ἔχθρα¬
222 1497 1019 1543 εσπονδον σοι καλασκσο τυν γωαίκα κοοκ αυτυυν μόγλω, αλλα κιοο σπις¬
213 1525 1022 1572 μα αυτῆς. το σπορμαιι σα πολεμον διlεκῆ ζζχασομαι. ωυτός σῳ τηρη¬
217 1560 1019 1606 σet κεφαλιν, κι σα τηρησσ αυτο ωιερναν. κι γο φήσιν τυσαθτυν εκεινῳ
219 1593 1004 1642 μδι παρεζα τν ιχμ, ως διλεκῶς ἐπικειδαν τῆ σκ κεφαλῆ σο
222 1634 1014 1669 ποιήσον, οισ εκεινα ποσίν ὑσοκειθει. hoc est, Sed & inimicam impla¬
215 1667 1012 1699 cabilem tibi constituam mulierem: & non ipsam solam, verum etiam
219 1694 1010 1736 semen eius. Semini tuo bellum continuum parabo: IPSE tuum ob
223 1729 1025 1769 servabit caput, & tu observabis illius calcaneum. Etenim, inquit,
226 1765 1013 1803 tantum ILL1 (in Graeco masculinum est εκεινῳ) quidem praebebo ro¬
230 1796 1009 1834 pur, ut continenter incumbat tuo capiti: te vero faciam IL LIU
235 1827 950 1859 iterum in Graeco textu est masculinum εκεινο) pedibus subiacere
265 1857 1013 1905 Augustinus vitiosam versionem est secutus, & quia Hebraeae lin¬
222 1895 1012 1936 guae ignatus fuit, minus culpandus, quam hodierni Papistae, qui
222 1925 1020 1961 bus Hebraea ignota esse non possunt. Ad haec Papistae a celeberri¬
226 1957 1018 1993 mis Patribus dissentiunt. Nam IRENAEUS Martyr de Christo
226 1990 1013 2027 Mariae partu diserte interpretatur libro tertio adversus haereses, ca¬
231 2023 1022 2057 pite trigesimo octavo, in quo ait: Quapropter inimicitiam posuit in¬
228 2060 1022 2098 ter serpentem & mulierem, & semen eius observantes invicem, illo qui¬
219 2090 1018 2125 dem cui mordetur planta, & potente calcare caput inimici, altero vero
229 2120 1013 2163 mordente & occidente, & interpediente ingressus hominis, quoadusque
229 2156 1043 2191 venit semen praedestinatum calcare caput eius, quod fuit partus Ma¬
218 2185 1018 2227 riae. Idem Ireneus libro quarto advers. haeres. cap. septuagesimo.
232 2221 1016 2258 octavo ait: Quapropter & Deus eum quidem qui a semetipso Ziza¬
225 2254 1018 2294 niam absconse seminavit, id est, transgressionem, quam ipse intulit, se¬
230 2292 1015 2327 baravit a sua conversatione. Eum autem qui negligenter quidem sed
225 2325 1023 2361 male accepit inobedientiam hominem miseratus est, & retorsit inimi¬
222 2352 1025 2388 citiam per quam inimicum Deo facere voluit in ipsum inimicitiarum
228 2386 1010 2421 autorem, referens quidem suam quae erat adversus hominem inimici
216 2415 1018 2457 tiam, retorquens autem illam & mittens illam in serpentem. Quemad¬
225 2454 1021 2491 modum & Scriptura ait dixisse serpenti Dominum: Et inimicitiam po¬
222 2484 1045 2522 nam inter te & mulierem, & inter semen tuum & inter semen mulieris,
226 2513 1017 2550 Ipse tuum calcabit caput, & observabis calcaneum eius. Et inimicitiam
222 2548 1013 2586 hanc Dominus in semetipsum recaptitulavit, de muliere factus homo &
223 2587 1016 2628 calcans eius caput, quemadmodum in eo qui ante hunc est libro osten¬
229 2616 311 2654 dimus.
261 2639 1018 2686 CEPRIANUS Martyr libro secundo Testimoniorum adversus
228 2680 1012 2716 Iudaeos ad Quirinum, sectione nona, ut habet editio Gulartiana: He¬
231 2711 1025 2749 semen praedixerat Deus de muliere procedere, quod calcaret caput Dia¬
228 2743 1023 2783 boli, in Genesi: Tunc dixit Deus ad serpentem: Quia tu hoc fecisti, ma¬
225 2782 1025 2818 ledictus tu ab omni genere bestiarum terre. Pectore tuo & ventre tuo
224 2811 1031 2852 repes, & erit tibi terra cibus in omnibus diebus vitae tuae. Et ponam ini¬
226 2846 1034 2882 micitiam inter te & mulierem, & inter semen tuum & semen eius:
234 2882 914 2926 Ipse tuum observabit caput, & tis observabis calcaneum eius.
264 2909 1019 2957 HIERONVTMUS Quaest. Hebr. in Genes. tradit, septuaginta in
228 2943 1034 2981 terpretes masculino genere αυτς & ἀυτοῦ legere, & docetita esse le¬
243 2978 1028 3023 gendum: & similiter in Hebraeo haberi pronunciat & de Christo in¬
234 3019 1022 3051 terpretatur. Quin S. LEO Papa Romanus, cujus autoritatem Pa¬
231 3045 1036 3089 pistae omnibus aliis Episcopis praeferre debent, hunc locum de semi¬
228 3085 1028 3115 ne mulieris Christo interpretatur, Sermone secundo de Nativitat.
239 3113 1034 3147 Domini. ISIDORUS Pelusiota epistol. 426. Illud mulieris semens
237 3144 1033 3187 quod Deus inimicum & infestum serpenti esse iubet, Dominus noster Ie¬
231 3184 1037 3227 sus est. Similiter Serapion apud Augusunum Steuchum Cosmop. in
1084 180 1877 225 Senes. 3. carit. Moses naer¬ atadis. parte 1. Rupertus in
1078 216 1868 262 Genes. 3. capit 1iA que oppono Bellarmino: os Papistas, qui
1084 249 1868 294 itium ainiii igatae manifestum in hoc loco agnoverunt, ut
1071 279 1865 318 Aiticirina ui de locis Theologicis libro secunde ripite 15. Andra¬
1071 314 1874 354 dius Iesuita libro querto Defens. sicei Tridentinae. L. nietarus Car¬
1072 348 1865 390 dinalis in capite 3. Genes. aperte scribt, hoc non de minliere, sed mu¬
1065 378 1861 418 lieris semine dici. Isiderus Clarius in suis Bibliis reposuit IPSUM.
1070 411 1873 452 Ioannes Benedisius in Scholiis in hunc locum non IPSA legendum
1071 446 1873 487 esse ait, sed ipsum ut de semine intelligatur. Franciscus Georgius Mi¬
1071 480 1867 516 norita in Problematis Tom. 1. Problem. 55. Ex falsa traductione
1078 511 1865 551 (inquit) qua habetur IPSA conteret coput tuum, Latini communiter
1065 547 1861 589 attribuunt hanc victortam Reginae coelorum. Quae licet sublimior sit
1074 577 1862 620 quam dici queat, dabimos tamen victori triumphum hunc, cui ex ve¬
1075 618 1861 651 ritate literae debetar, v1. habetur; ipsum conteret caput tuum: IPSUM
1073 644 1873 682 videlicet semen:nulmns iud Christus fuit. His accedunt Pererius
1075 677 1861 716 commentar. in Paialoni, bro decimo. Theologi Parisienses in no¬
1071 711 1876 747 tationibus margin. ous nocimariae Glossae in hunc locum. Lippo¬
1069 742 1864 780 manus Felisius elurmdo. 21c. log. praecep. 1. cap. 49. Augustinus
1068 775 1873 814 Steuchus Cosmop. ii enes. 11. 3. Rebera de Templo lib. 2. cap. 2.
1081 808 1655 852 Denique interpreterio: utrienae in opere Regic.
1094 838 1864 879 Proinde & verust: ssint P. nn non legerunt genere feminino: &
1068 871 1867 907 de Christo sunt interpretat: a,os inniti postea sunt recte secuti
1087 907 1865 947 Quod vero Chimniciis dicit, onus vsteres legere ipsum, & de se
1066 940 1877 973 mine accipere; antiquitatem peiseani, non novitiam, & omnes vete¬
1068 970 1870 1008 res non universe, sed communiter, non absolute, sed restrictive in¬
1066 1005 1870 1045 telligit, sicut particula universalis sit restringenda ad certam universi¬
1078 1042 1517 1077 tatem, nempe vere priscorum Patrum
1110 1071 1871 1113 Quinto ad id quod Beliarmenus ait, non esse novum in Scriptura,
1076 1104 1867 1139 ut cum nominibus femininis cunjungantur pronomina aut verba
1079 1134 1861 1176 generis masculini, & hujus observationis exempla affert; replicat
1080 1172 1865 1211 mus adduci exempla dissimilia ab co de quo jam est controversia
1080 1204 1874 1237 Nam Ruth. 1. versic. 8. figurata est locutio: quia per enallagen ge¬
1067 1236 1864 1273 nus masculinum pro feminino Nahomi usurpat, cum nurus suas al
1080 1267 1865 1301 loquens, masculina terminatione de eis ait QQu immachem
1074 1300 1866 1336 & CPNyνῇ assithem. Masculina aute femininis tribuit ad lauda¬
1077 1334 1873 1374 tionem earum, ad commendandum virilem animum & virile fa¬
1071 1368 1876 1401 ctum feminatum. Contra Ezechielis 33. vers. 27. femininum ver¬
1070 1397 1873 1436 bum PTPUU assithen de viris usurpatur ad vituperium. Esther. 1.
1080 1435 1865 1467 versic. 20. & Ecclesiastis 12. versic. 6. enallage generis adhibetur?
1077 1461 1867 1502 δναϰριτ ως causa. Nam secunda & tertia persona pluralis in futuri:
1067 1495 1866 1534 femininis est eadem: ut autem ambiguitas ex homonymia vitetur.
1078 1529 1871 1563 & discernatur tertia persona a secunda, loco feminini verbi adhibe¬
1075 1564 1876 1606 tur masculinum ejusdem personae: caeterum antecedentia & conse¬
1074 1593 1651 1642 quentia ostendunt aperte, de quo sermo habeatur
1108 1629 1867 1675 Tum regulam suam male accommodat Bellarminus: nam etsi¬
1071 1675 1864 1710 nonnunquam pronomen aut verbum masculinum cum nomine fe¬
1074 1709 1880 1748 minino conjungatur, tamen id non fit in hoc loco, in quo non
1086 1736 1873 1773 ina tantum vox est masculina, sed omnes sunt masculinae.
1086 1770 1876 1805 Quin Bellarminus ipsemet ex unica voce Hebraea masculini ge¬
1090 1803 1883 1840 teris, concludit locum Exod. 4. versic. 26 Et dimisit eum, non pos¬
1071 1839 1879 1874 se feminae convenire; de Sacramento Baptismi, capite septimo.
1081 1869 1870 1906 Liranus exponit, quod Sephora dimisit Mosen & recessit ab eo in¬
1075 1901 1871 1938 dignata ob filii citcumcisionem: at Ecllarminus dicit, falli Liranum.
1086 1941 1868 1980 quia verbum, dimisit, non debeat referri ad Sephoram, sed ad
1071 1965 1867 2002 Angelum (seu potius Jehovam) qui dimisit Mosex, id est, destitit:
1086 2000 1873 2034 Mose vexando: & hoc probat Bellarminus, quia verbum Hebraeum.
1106 2030 1862 2069 Pο] sit generis masculini. Denique quod libro primo de Christo¬
1077 2067 1873 2100 capite quinto, sectione octava ait; Si licet personarum mutationes sine
1073 2098 1873 2137 canso singere, nehil unquam certi ex diuinis literis colligi poterit: id in
1071 2127 1873 2170 hisce quoque mutationibus, quas sine causa Bellarminus fingit in lo¬
1080 2160 1394 2201 co Gen. 3. v. 15 locum habet
1102 2205 1868 2244 Concludo igitur, in vulgata versione Latina hunc locum Gen. 3. v.
1077 2245 1874 2278 15. ad extollendas idololatrice laudes beatae Virginis Mariae: & asse¬
1074 2271 1874 2309 rendum ejusdem patrocinium, depravatum esse, cum de Christo se¬
1081 2303 1868 2343 mine illo benedicto intelligendus sit, ut constat ex textu Hebraeo, ex¬
1081 2334 1871 2372 versione Graeca LXXII interpretum, ex duplici Chaldaica para¬
1077 2368 1880 2412 phrasi, ex vetustissimis Patribus orthodoxis, denique ex Papistarum
1074 2401 1519 2457 ipsorummet testimoniis & confessione
1299 2466 1633 2520 Tantum de loco primo.
1105 2540 1867 2585 SECUNDUS LOCUS est Genes. 6. vers. 5. qui in vulgata versio¬
1081 2582 1880 2618 ne sic legitur depravate ad extenuandum peccatum originale: Cun¬
1074 2615 1874 2652 cta cogitatio cordis intenta est ad malum. At secundum Hebraicam
1090 2649 1879 2686 peritatem vertendus erat: Omne figmentum cogitationum cordis ejus
1074 2684 1513 2730 tantummodo malum est omni tempore.
1102 2724 1880 2773 Respondet Bellarminus, sensum esse eundem, quia figmentum cor¬
1086 2755 1871 2806 dis idem sit quod cogitatio cordis, quia a corde fingitur & formatur
1083 2799 1883 2839 & quia idem sit, cunctam cogitationem cordis intentam esse ad malum,
1083 2833 1884 2874 & figmentum cordis non esse nisi malum. Deinde negat Bellarminus
1086 2865 1882 2904 recte ex hoc dicto colligi, omnia opera hominum esse mala; quia illa
1087 2897 1879 2934 sit hyperbole Scripturae, quam saepe utatur ad rem aliquam extollen¬
1095 2932 1892 2971 dam: sicuti in eodem capite dicatur; Omnis caro corruperat viam su¬
1096 2968 1883 3014 um: Cum tamen ibidem dicatur; Noe vir justus atque perfectus fuit in
1083 2997 1307 3050 generationibus suis
1116 3041 1888 3083 Ad istam responsionem sic replicamus: Primo quanquam verum.
1104 3075 1891 3119 sset, verba vulgatae editionis sensum habere eundem cum verbis
1089 3110 1892 3145 Hebraeis: non tamen haberet justum defensionis momentum, nisi
1089 3143 1895 3180 ipse Spiritus sanctus alibi, puta in Novo Testamento, eum verborum.
1100 3180 1904 3225 lensum ita expressisset: nam Spiritus sanctus est: optimus suiipsius
