2063 3417
200 190 982 243 Magnus, Gregorius Magnus Romani Pontifices: nec ii qui ante Syno¬
192 230 988 273 dum Tridentinam vixerunt Papistae, Nicolaus Lyranus, Paulus Bru¬
198 256 991 312 gensis, Armacanus, Lautentius Valla, Eugubinus, Isidorus, Clarius,
202 288 993 340 Iohar nes Isaacus, Caittanus Cardinalis, Erasmus Roterodamus, laco¬
210 320 997 377 bus Faber, Ludovicus Vives, Lucas Brugensis, aliique multi Papistis
217 364 476 411 etiam caeteris probati,
234 387 986 442 SEPTIMUM, quia si vulgata versio Latina sit authentica Scriptu¬
214 422 989 471 ta, tum non amplius Hebraei Graecique fontes erunt authentici. A
207 463 991 503 hoc est non tantum absurdum, sed etiam impium & perniciosum re¬
201 487 992 539 ligioni Christianae: Ergo & illud. Ratio consequentiae est, qui
203 517 1004 572 editionem Sacrae Scripturae authenticam nonnisi unicam esse ne¬
209 562 556 616 cesse est, ut supra explicatum.
219 620 1005 682 Sic expedita est prima quaestio de autoritate vulgatae
405 676 812 739 versionis Bibliorum Latinae
255 741 1005 798 SECUNDA QUaeSTIOest, An translatio vulgata Latina sit inter
225 783 833 838 gerrima & plenissima non minus quam Hebraica editio.
257 804 1000 865 RESPOND. Negatur; quia affirmatio quaestionis istius est I. im¬
235 846 994 895 bia & blasphema: nam humanum opus divino operi exaequat. Ver
222 885 1003 931 sio Latina est humanum opus: Hebraica autem Veteris & Graeca
232 917 1001 963 Novi Testamenti, editio est opus divinum. Atqui humanum opu¬
236 945 959 1003 divino Canoni plane respondere divina perfectione non potest.
267 980 1004 1030 II. Est falsa: nam humani operis integritas & plenitudo nequa¬
236 1025 881 1071 quam potest esse par divini operis integritati & plenitudine
266 1045 1011 1095 Contra Bellarminus libro secundo de Verbo Dei, capite nono,
225 1080 1004 1132 sectione decimaquarta, de antiqua editione Latina affirmat, eam in¬
231 1117 1006 1161 tegerrimam & plenissimam esse, non minus quam Hebraicam: qua
235 1148 1009 1191 affirmatio est indigna pio homine; quum extra controversiam sit
231 1189 1020 1228 Hebraeam editionem divina integritate esse & plenitudine; transla¬
237 1220 430 1267 tionem minime.
238 1277 1013 1334 Tantum de translatione Scripturae Sacrae in linguas
383 1324 859 1378 vernaculas: sequitur de lectione
560 1380 694 1434 ciusdem.
465 1469 815 1539 CAPUT XLIII.
241 1536 1023 1587 In quo agitur, An Scripturae Sacrae lectio laicis
529 1581 743 1638 permittenda:
240 1640 1019 1690 TE lectione Sacrae Scripturae inter nos & Papanos quaestio est.
246 1674 1015 1738 APAn Sacra Scriptura legi & cognosci debeat a quibusvis, et¬
322 1718 1022 1771 iam a laicis seu a populo, an vero illius lectio populo sit ab Episco¬
236 1752 418 1804 pis prohibenda:
274 1776 1012 1824 Papistae statuunt, Sacram Scripturam non debere legi & cognosci:
243 1818 1016 1862 populo seu laicis, sine licentia Episcopi seu Inquisitoris, singulariter &
242 1853 1021 1896 speciatim in scriptis data: quanquam istud de licentia data plurimi
244 1885 1016 1928 omittunti Ad istud statutum confirmandum sequentibus utuntur ar¬
240 1916 748 1970 gumentis, ad quae distincte respondebimus.
274 1950 1027 1995 PRIMUM Bellarininas habet libro secundo de Verbo Dei, capite
242 1981 863 2025 decimoquinto, sectione vigesimanona & sequentibus.
282 2005 1025 2058 Ex quocunque populus detrimentum caperet, id non debet ab ipso legi¬
243 2044 362 2091 & cognosci¬
271 2078 832 2125 Ex Sacra Scriptura populus detrimentum caperet:
276 2111 683 2150 Ergo non debet ab illo legi & cognosci.
280 2137 1022 2182 Probat hoc modo assumtionem: Ex quo populus acciperet facilli¬
238 2182 1012 2222 me occasionem errandi tum in doctrina fidei, tum in praeceptis vitae ad
241 2213 691 2249 morum, ex eo cerre detrimentum caperet:
273 2237 1013 2283 Ex Scriptura Sacra populus acciperet facilime occasionem errandi.
234 2279 832 2314 tum in doctrina fidei, tum in praeceptis vitae ac morum:
265 2313 644 2348 Ex ea igitur detrimentum caperet
261 2345 877 2380 Antecedens sequenti ratiocinatione stabilire conatur:
274 2366 1019 2410 Ex quo omnes haereses nascuntur, ex eo populus acciperet facillime oc¬
234 2408 1018 2442 casionem errandi tum in doctrina fidei, tum in praeceptis vitae ac mo¬
238 2444 296 2478 rum.
274 2469 1031 2510 Ex Sacra Scriptura omnes haereses nascuntur: sicut Hilarius testa¬
232 2501 1013 2542 tur, omnes haereses natas esse ex Scriptura non intellecta. Quod etiam
232 2539 1015 2579 Lutherus agnovit, qui Scripturam librum haereticorum vocavit. Et¬
238 2572 1016 2611 experimentis idem confirmatur: Refert enim Cassianus collat. 10. cap.
237 2604 1012 2643 2. 3, 4, & 5. Anthi opomorphi caerum absurdissimos errores ex sola im¬
231 2644 1012 2678 peritia esse natos; & AEneas Sylvius in libro de origine Boemorum re¬
231 2671 1028 2712 fert errores crassissimos Thaboritarum, Orehitarum & aliorum, qui
231 2709 1019 2746 Scripturas materna lingua legebant & non intelligebant. Quod idem
234 2733 1009 2771 accidit Davidi Georgio omnium haereticorum pestilentissimo, qui nus
232 2767 1021 2806 lam linguam noverat, nisi suam maternam, id est, Batavorum, & t a¬
240 2797 1034 2839 men ex Scripturis collegerat se esse Dei Filium & Messiam, ut patet ex
237 2833 944 2874 libro sive epistola, quam de illius erroribus ediderunt Basilienses.
273 2863 1018 2907 Ergo ex Sacra Scriptura popuus acciperet facillime occasionem er¬
241 2895 356 2937 randi, &c.
270 2931 1019 2976 RESPONDEO: Primo major tum principalis argumentatio¬
235 2965 1022 3006 nis, tum probationum est distinguenda. Detrimentosa populo, vi¬
243 2997 1018 3036 delicet quae talia per se & semper sunt, non debent ab illo legi &
241 3030 1022 3067 cognosci. Ex quo per se considerato populus facillime errandi occa¬
237 3062 1015 3106 sionem arriperet, ex eo detrimentum caperet. Ex quo omnes haere¬
243 3092 1027 3138 ses nascuntur per se, suo vitio & semper; ex eo populus facillime ar¬
244 3124 554 3170 riperet errandi occasionem.
286 3149 1011 3205 Deinde assumtio ut principalis argumentationis, ita & proba¬
239 3181 1019 3244 tionum, est falsa, si absque distinctione accipiatur. Nam ex Sa¬
1040 162 1860 219 cra Scriptura per se considerata populus neque detrimentum can¬
1053 213 1847 252 pit, neque errandi occasionem accipit, neque ex eadem haereses
1055 245 1846 289 nascuntur. Quod si per accidens id fiat, non Scripturae culpa
1050 276 1847 323 sed hominum quorundam vitio & temeritate, partem Scripturae so¬
1051 317 1846 358 lum arripientium: num populus ab illius lectione aut ausculta.
1060 346 1865 386 ione est prohibendus propter unius & alterius vitium & teme¬
1045 388 1145 430 ritatem?
1082 411 1850 452 Durissima & iniquissima ista prohibitio est. Injustum enim est
1059 452 1856 491 nnocentes aliorum culpam luere. Quod si argumentatio Pa¬
1065 484 1852 524 istarum valeret, decem praecepta Dei a nullo essent cognoscen¬
1054 518 1852 556 da: quum Paulus Apostolus etiam de se dicere non dubitet Ro¬
1066 544 1862 587 nanor, 7. vers. 7. & sequentibus. Cupiditatem non nossem, nisi Lex
1049 578 1854 618 dixisset, Non concupisces, Sed peccatum occasione per illud praeceptum
1057 620 1858 657 sumta effecit in me omnem cupiditatem, &c. Verum quemadmo¬
1058 653 1855 685 dum Apostolus Paulus ibidem docet, Legem ipsam esse sanctam
1061 686 1859 719 & praeceptum illud sanctum ac justum & bonum; totam autem
1064 715 1858 754 culpam peccatorum in nobis esse: ac proinde non cessat populo
1057 752 1862 791 Dei legem inculcare, veluti Romanor. 13. vers. 8. & sequentibus,
1059 780 1867 814 Galat. 5. vers. 13. & sequentibus, I. Timoth. 1. vers. 5. ut & Jaco¬
1057 811 1859 858 bus cap. 2. vers. 8. idque exemplo Christi Matthaei 5. & 22. & ali¬
1062 847 1861 891 bi: ita quoque certum est Scripteuram Propheticam & Apostolis
1065 884 1862 922 cam esse sanctam, justam & bonam, nemini per se detrimentum
1068 913 1868 957 afferre, neminem in errores abducere, nullius haereseos causam
1060 947 1865 992 esse. Haereses enim nequaquam oriuntur ex Scriptura, sed ex igno¬
1069 982 1866 1022 ratione Scripturae, quemadmodum Christus respondet Saddu¬
1062 1017 1874 1059 caeis; Erratis nescientes Scripturas & potentiam Dei. Caeterum
1068 1051 1862 1085 non ii tantum ignorant Scripturam, qui eam nec legunt nec au¬
1065 1082 1862 1118 diunt: Sed ii etiam qui lectam vel auditam perperam intelligunt,
1063 1116 1868 1155 sicut verissime Theodoretus ait: Verbum Dei stolide intellectum, non
1066 1149 1870 1188 est verbum Dei. Unde Hilarius in fine libri de Synodis inquit:
1071 1183 1867 1220 Omnes haereses natae funt ex Scriptura non intellecta. Non dicit sim¬
1069 1219 1865 1258 pliciter ex Scriptura, sed ex Scriptura non intellecta: ergo ex igno¬
1069 1253 1875 1289 rantia Scripturae. Testimonium igitur Hilarii non probat assum¬
1065 1283 1870 1322 tionem. Ubi Lutherus Scripturam vocaverit librum haeretico¬
1074 1318 1865 1355 tum, Bellarminus annotare debuerat, nam quod Lutherus eam ad
1070 1349 1864 1384 haereticos convincendos & refellendos prodesse, & librorum san¬
1071 1383 1867 1422 ctorum esse docuerit, notum est. Anthropomorphitatum haeresis
1079 1418 1861 1450 non a laico, sed a Monacho Audaeo orta est. Thaboritarum Ore
1070 1449 1865 1484 bitarumque doctrina de Coena Domini integre administranda
1071 1483 1870 1522 non est haeresis; sed e contrario doctrina quam Romana Ecclesiae
1078 1515 1877 1553 & Concilium Constantiense populo calicem Domini adimit est hae¬
1071 1549 1868 1586 resis non a laicis, sed ab Episcopis orta. David Georgius ex Scriptu¬
1077 1579 1874 1618 tra non collegit, se esse Filium Dei & Messiam, sed abusus est Scri¬
1077 1616 1879 1655 ptura non intellecta, & Christianos a Sacrae Scripturae lectione
1078 1650 1868 1685 avertere conatus est, & pro illa suum librum obitudi voluit, cui fe¬
1086 1680 1878 1715 cit titulum (monberbott. Belgica lingua scriptum: & in eo Jesuita¬
1083 1713 1877 1761 rum, qui & ipsi populum a sectione Scripturae abducere nituntur, fi¬
1075 1743 1246 1786 delis socius fuit
1098 1773 1879 1818 Ad haec, Si Scriptura propterea periculosa est, quia, si a laicis le¬
1083 1811 1885 1851 peretur, haereses ex ea haurirent: tum multo minus legi deberet ab¬
1084 1838 1880 1884 Episcopis & Presbyteris: quia, ut ipsemet Bellarminus scribit, li¬
1078 1878 1879 1914 bro primo de Romano Pontifice, capite octavo, sectione undeci¬
1071 1915 1879 1946 ma; haereses ab optimatibus potius quam a plebejis hominibus exci¬
1075 1945 1882 1992 tantur: Certe haeresiarchae fere omnes aut Episcopi aut Presbytera
1072 1976 1879 2016 fuerunt. Itaque haereses sunt quaedam quasi Optimatum factiones.
1078 2009 1874 2050 Quibus autem magis incumbit lectio Scripturae Sacrae assidua,
1084 2046 1874 2083 quam Episcopis & Presbyteris? Atque utinam in legenda & recta
1070 2075 1874 2123 intelligenda illa laborassent, non tam multas, tamque impias hae¬
1069 2114 1864 2146 reses in Ecclesiam Dei invexissent! Utinam etiamnum in illa le¬
1071 2144 1868 2183 genda atque intelligenda operam diligentem atque religiosam im¬
1071 2183 1789 2224 penderent, haereses in Ecclesiam invectas non defenderent.
1099 2206 1872 2257 INSTANTIA I. qua assumtionem argumenti principalis ulterius
1071 2238 1409 2286 adversarii conuantur probare.
1097 2269 1868 2319 Quod parit contemtum in vulgo, ex eo populus detrimentum capit
1103 2312 1873 2346 Sacrae Scripturae lectio & cognitio parit contemtum in vulgo: Er¬
1070 2341 1140 2386 go. &c.
1108 2366 1876 2411 Probatio assumtionis: Nam si populus legi audiret Canticum can¬
1076 2403 1870 2448 ticorum, adulterium Davidis, incestum Thamarae, historiam Liae &
1077 2442 1876 2485 Rachelae, mendacia Iudithae; Sanctos Patriarchas, imo Deum ipsum in
1050 2469 1517 2512 TScriptura talia tradentem contemneret.
1102 2501 1875 2545 RESPONDEO. Negatur probationis consequentia. Nihis
1066 2541 1883 2586 enim minus quam contemtus sanctorum hominum vel Dei ipsius
1075 2577 1873 2610 ex illarum historiarum lectione oriuntur. Nam Canticum can¬
1068 2612 1875 2651 ticorum allegoricam descriptionem Christi sponsi, & Ecclesiae spon¬
1078 2639 1874 2675 sae ipsius & mutuum colloquium ipsorum comprehendit. Deindi
1069 2677 1883 2714 ut in illis historiis sanctorum peccata natrantur, sic in iisdem resi¬
1087 2707 1874 2742 iscentia poenaque seu castigatio divinitus inflicta perscribitura
1077 2739 1883 2778 Haec autem scire utile est Ecclesiae, cunctisque piis. Nam primum
1084 2774 1885 2806 nine discimus neminem impune peccaturum esse, sed unumquem¬
1078 2808 1885 2844 que si peccat, poenam peccati subiturum eamque vel castigationis,
1081 2840 1879 2876 qualem David subiit, vel ultionis, qualem Saul, Achitophel, &
1081 2874 1870 2911 alii reprobi. Deinde non esse ulli fidelium desperandum, si pec¬
1071 2907 1882 2939 caverit: sed quantumvis in gravissimum peccatum inciderit, spe¬
1089 2939 1870 2973 candum tamen propitium in Christo Deum fore, si eum qui de¬
1080 2967 1879 3008 liquerat peccatorum ex animo poeniteat. Postremo sanctos illos
1086 3002 1879 3044 atque eximios viros & matronas non suis virtutibus, sed Christi¬
1083 3040 1874 3083 meritis servatos esse, atque ita non esse de illis angustius, quam
1092 3071 1870 3107 iar est, existimandum: minus enim periculum est, ne nimium il¬
1076 3103 1873 3146 lis, quam ne parum tribuamus. Quare haec illorum non delicta le¬
1083 3136 1705 3170 via, sed peccata maxima Spiritus Sanctus tacere noluit.
1110 3161 1886 3222 INSTANTIA II. hoc est, alia assumtionis principalis pro¬
1075 3193 1160 3243 batio:
