2063 3334
822 100 1337 180 EPISI. DEDICAT.
322 178 1887 243 Caeterum tibi, Illustris & vere Generose Domine BARO, Syntagma hoc dedico &
264 241 1896 300 inscribo, quia meretur pietas tua; & quia virtuti tuae spectatae debetur. Datum enim
255 309 1894 364 est tibi munere divino, ut in vere Catholica & Christiana Ecclesia nascereris, utque in
255 347 1894 412 te sit minime simulata fides, quae habitavit prius in utroque illustri parente tuo. Ser¬
257 406 1881 473 viisti fideliter consilio Dei in procuranda pace publica tum Ecclesiae Dei tum Rei¬
259 466 1883 542 publicae Moravicae & vicinarum: probasti documentis plurimis Christiano orbi,
259 538 1885 603 quantopere tibi cordi sit gloria Servatoris nostri IESU CHRISTI & religio ipsius pura¬
260 577 1900 651 atque orthodoxa: & nunc divini Numinis providentia & Serenissimi Regis MAT¬
256 650 1894 713 THIAE nutu & autoritate, Marchionatus Moravici Praesidem ita agis, ut ex admini¬
264 693 1894 754 stratione tua solatium Ecclesia, praesidium Respublica accipiat. Sed ad publicas cau¬
260 748 1888 829 sas privatum meum officium accedit, quo tibi me obstrictum esse profiteor & quoad
261 824 1894 882 vixero profitebor: quamobrem Syntagma hoc elaboratum a me per voluntatem
262 865 1896 937 DoMINI, grati mei erga te animi monimentum, & constantissimi sponsorem officii
265 923 448 992 esse volo.
326 984 1893 1057 Teitaque, Illustris ac vere Generose Domine BARO, humiliter demisseque rogo &
268 1039 1894 1102 joro, ut studium meum gratiose probes tanquam a DEo inditum, & laborem accipias
266 1099 1300 1157 ut DEO sacrum, & Ecclesiae eius, ut spero, fructuosum.
319 1146 1889 1213 DEUM autem & Patrem Domini nostri IESU CHRISTI supplex veneror, ut te, Illu¬
262 1211 1897 1279 stris ac magnanime BARO, quam diutissime servet incolumem & florentem, tibi dex¬
256 1264 1888 1356 ter adsit, te Spiritu suo bono regat, & omni benedictione ornet, augeatque cumulatis¬
259 1321 1885 1400 sime; quod & socer meus venerandus D. lohannes lacobus Grynaeus una mecum vo¬
261 1387 1886 1466 vet. Vale prosperrime, & me favore tuo complecti perge. Basileae die 28. Augusti,
264 1451 1430 1518 anno a nato Sospitatore Mundi CHRISTO DOMINOI609.
676 1583 848 1654 I. &
918 1730 1174 1817 addictissimus
1018 1856 1898 1916 AMANDVS POLANVSAPo¬
1208 1914 1899 1996 LARSDORP Academiae Basiliensis
1242 1971 1624 2052 pro tempore Rector.
576 2121 631 2202 sct
1387 2484 1447 2559 θ
1616 3040 1908 3114 SNNopSis
