1608 2418
404 202 223 65 Hilosophia.
582 202 89 65 id
627 202 104 65 est
686 202 119 65 amor
761 202 104 65 seu
820 202 163 65 studium
939 202 208 65 sapientie.
1102 202 89 65 ab
1147 202 104 65 ipo
1191 202 119 65 Aristo

406 261 109 59 tele
475 261 82 59 et
515 261 123 59 sctis
597 261 164 59 Patribus
720 261 82 59 in
761 261 109 59 tres
829 261 136 59 partes
925 261 191 59 diuiditur.
1075 261 136 59 vtputa
1170 261 82 59 in
1197 261 123 59 Rationa

364 306 76 62 u
394 306 106 62 lem
455 306 182 62 Naturale
591 306 91 62 et
636 306 167 62 Moralem
758 306 136 62 Prima
849 306 182 62 verborum
985 306 212 62 propetates
1151 306 91 62 et
1182 306 136 62 structu

325 333 108 67 ram
386 333 154 67 exigit
494 333 92 67 ac
540 333 293 67 argumentationes
787 333 200 67 instruere
941 333 139 67 docet
1034 333 92 67 ne
1080 333 139 67 falsa
1172 333 108 67 pro
1219 333 92 67 vero

248 381 190 71 subrepant
395 381 161 71 Scuonda
511 381 132 71 rerum
599 381 161 71 naturam
716 381 88 71 in
760 381 102 71 qui
818 381 146 71 maxime
921 381 161 71 relucet
1037 381 161 71 bonitas
1154 381 132 71 prime
1227 381 88 71 cau-

243 433 80 57 se
283 433 186 57 scrutatur.
429 433 80 57 et
469 433 80 57 ex
509 433 133 57 nature
602 433 186 57 effectibus
748 433 80 57 in
788 433 146 57 noticia
894 433 120 57 vnius
974 433 80 57 et
1014 433 120 57 primi
1093 433 173 57 consurgit
1213 433 93 57 moto-

251 479 90 50 ris
303 479 129 50 Tertia
393 479 142 50 nostrum
497 479 155 50 componit
613 479 103 50 anim
678 479 78 50 et
716 479 116 50 actus
794 479 103 50 eius
859 479 155 50 dirigit.
975 479 78 50 vt
1014 479 103 50 homo
1078 479 220 50 felicitabilis
1246 479 65 50 per

247 513 142 56 vtutes
346 513 128 56 summu
432 513 85 56 et
474 513 142 56 finale
574 513 199 56 assequatur
730 513 199 56 appetibile
887 513 85 56 in
929 513 128 56 cuius
1014 513 227 56 speculatione
1199 513 85 56 et
1228 513 85 56 frui

246 561 124 48 tione
329 561 180 48 consistit
467 561 138 48 vltima
564 561 152 48 hominis
674 561 193 48 felicitas.
826 561 97 48 Mas
882 561 111 48 tres
951 561 111 48 phie
1020 561 124 48 spens
1103 561 138 48 nature
1199 561 97 48 lux
1241 561 69 48 no-

242 599 118 61 ster
316 599 222 61 Aristoteles
494 599 104 61 (vt
553 599 207 61 praecipuus
716 599 207 61 attestatur
879 599 118 61 suus
953 599 222 61 Commentator
1131 599 178 61 Auerrois
1264 599 89 61 in

240 646 154 46 exordio
352 646 154 46 physice
465 646 267 46 auscultationis)
689 646 183 46 adinuenit
830 646 84 46 et
872 646 197 46 compleuit.
1026 646 154 46 Inuenit
1138 646 112 46 enim
1195 646 126 46 quoniam

246 693 83 50 oe
288 693 111 50 quod
357 693 83 50 ab
398 693 166 50 antiquis
523 693 166 50 scriptum
648 693 97 50 est
703 693 97 50 non
758 693 125 50 foret
841 693 138 50 dignum
938 693 166 50 optinere
1063 693 138 50 partis
1160 693 138 50 nomen.
1243 693 69 50 aut

249 727 156 60 principii
369 727 156 60 Compleuit
490 727 132 60 quidem.
586 727 72 60 eo
622 727 96 60 quod
682 727 120 60 nullus
766 727 108 60 eorum
839 727 84 60 qui
887 727 132 60 sequuti
983 727 108 60 sunt.
1055 727 144 60 quicquam
1164 727 132 60 poterit
1248 727 60 60 ap-

245 778 141 51 ponere
344 778 113 51 quod
415 778 85 51 de
457 778 198 51 inexhausto
613 778 141 51 illius
712 778 127 51 fonte
797 778 212 51 sufficiente
966 778 99 51 non
1023 778 156 51 duceret
1136 778 170 51 originem
1249 778 71 51 Mec

245 815 97 55 item
306 815 134 55 errorem
403 815 146 55 alicuius
512 815 182 55 quantitatis
658 815 73 55 in
694 815 121 55 dictis
779 815 97 55 eius
840 815 194 55 deprehendere
997 815 73 55 Et
1034 815 109 55 talem
1107 815 146 55 vertutem
1216 815 97 55 esse
1264 815 49 55 in

240 860 111 57 vno
303 860 205 57 indiuiduo
461 860 205 57 extraneum
620 860 111 57 est
683 860 95 57 et
730 860 237 57 miraculosum
920 860 95 57 in
967 860 174 57 natura.
1094 860 95 57 et
1141 860 174 57 diuinus
1252 860 63 57 ma

236 897 108 64 gis
297 897 215 64 vocitandus
466 897 108 64 est
528 897 123 64 quam
605 897 185 64 humanus.
744 897 123 64 Manc
820 897 200 64 glatiosus
974 897 154 64 noster
1082 897 215 64 hieronymus
1236 897 77 64 do-

239 947 137 49 ctrine
335 947 233 49 consumationem
527 947 137 49 absque
623 947 137 49 mentis
719 947 151 49 stupore
829 947 96 49 non
884 947 178 49 praeterut
1021 947 137 49 quando
1117 947 82 49 in
1158 947 137 49 Regula
1240 947 69 49 Bet

240 981 188 57 lehemitica
387 981 188 57 confitetur
535 981 202 57 Aristotilem
697 981 134 57 fuisse
791 981 134 57 phorum
885 981 175 57 principen
1019 981 81 57 et
1060 981 134 57 absque
1140 981 175 57 dubitatione

238 1028 182 50 prodigium
378 1028 182 50 grandeque
517 1028 182 50 miraculum
657 1028 84 50 in
699 1028 112 50 tota
769 1028 140 50 natura
867 1028 98 50 cui
923 1028 112 50 pene
993 1028 154 50 videtur
1104 1028 154 50 infusum
1202 1028 98 50 quic-

240 1073 133 52 quid
323 1073 249 52 naturaliter
523 1073 149 52 capax
622 1073 116 52 est
689 1073 183 52 humanum
822 1073 149 52 genus
921 1073 116 52 Cui
988 1073 116 52 non
1054 1073 216 52 dissonant
1203 1073 100 52 Auli

234 1109 156 53 Bellum
343 1109 93 53 in
390 1109 140 53 libro
484 1109 171 53 noctium
608 1109 218 53 atticarum.
780 1109 125 53 viri
857 1109 171 53 iudicio
982 1109 202 53 Augustini
1138 1109 140 53 libro
1216 1109 93 53 nono

234 1157 94 51 de
281 1157 188 51 ciuitate
422 1157 109 51 dei
484 1157 266 51 elegantissimi
703 1157 172 51 eloquum
828 1157 94 51 et
875 1157 156 51 multum
985 1157 172 51 facunde
1110 1157 188 51 scientie
1235 1157 78 51 Ari

235 1201 164 62 stoteles
359 1201 137 62 (infit
454 1201 110 62 phus
523 1201 96 62 rei
578 1201 123 62 omnis
660 1201 137 62 humane
755 1201 219 62 peritissimus
933 1201 151 62 statura
1043 1201 246 62 proportioneque
1235 1201 68 62 cor

240 1237 136 70 poris
331 1237 242 70 pulcherrimus
528 1237 91 70 ad
573 1237 182 70 veritate
709 1237 91 70 et
755 1237 136 70 bonum
846 1237 182 70 vniuersi
982 1237 257 70 demonstrandum
1194 1237 136 70 quasi
1270 1237 45 70 a

241 1286 101 54 deo
298 1286 130 54 natus
385 1286 159 54 videtur
500 1286 202 54 Augustinus
659 1286 116 54 vero
731 1286 173 54 quamquam
861 1286 202 54 Platonicus
1020 1286 130 54 illud
1107 1286 144 54 phicum
1193 1286 116 54 pectus

235 1334 156 43 absque
345 1334 140 43 laude
438 1334 109 43 non
500 1334 249 43 commemorabat
703 1334 109 43 dum
765 1334 218 43 exclamaret
937 1334 156 43 Summus
1046 1334 234 43 Aristoteles
1217 1334 94 43 trum

245 1373 155 59 tinando
358 1373 169 59 cacumina
484 1373 127 59 rerum
569 1373 84 59 In
611 1373 99 59 duo
667 1373 155 59 diuisit
780 1373 169 59 quicquid
907 1373 84 59 in
949 1373 113 59 orbe
1019 1373 113 59 fuit
1090 1373 84 59 Et
1132 1373 113 59 quia
1188 1373 127 59 ingenio

243 1408 166 57 praeditus
371 1408 102 57 erat
434 1408 178 57 acutissimo
574 1408 102 57 quod
638 1408 76 57 ad
676 1408 102 57 oens
740 1408 166 57 phlhsorie
867 1408 127 57 partes
956 1408 140 57 idoneum
1058 1408 76 57 et
1097 1408 178 57 sufficiens
1224 1408 89 57 foret

242 1459 98 57 non
298 1459 168 57 cessabat
424 1459 126 57 phari
508 1459 112 57 quin
577 1459 140 57 sciret
675 1459 112 57 quid
745 1459 84 57 in
787 1459 126 57 rerum
871 1459 140 57 natura
969 1459 196 57 latitaret.
1122 1459 112 57 quid
1192 1459 84 57 in
1220 1459 98 57 mori-

243 1492 91 55 bus
295 1492 182 55 appetendum
438 1492 130 55 esset.
529 1492 117 55 atque
607 1492 182 55 fugiendum.
750 1492 104 55 quid
815 1492 78 55 in
854 1492 117 55 ipsis
932 1492 182 55 rtocinandi
1075 1492 143 55 regulis
1179 1492 117 55 certa
1244 1492 65 55 con

244 1538 147 65 nexione
351 1538 201 65 traheretur.
511 1538 94 65 aut
565 1538 107 65 quid
632 1538 94 65 non
686 1538 121 65 esset
766 1538 134 65 coniis
860 1538 94 65 vel
913 1538 121 65 etiam
994 1538 201 65 repugnaret.
1154 1538 107 65 quod
1221 1538 121 65 aniad

233 1581 182 54 uertens
366 1581 199 54 vehemens
515 1581 132 54 ille
597 1581 165 54 orator
713 1581 132 54 Qui.
796 1581 165 54 fabius
912 1581 248 54 addubitabat
1094 1581 215 54 Aristotilem

240 1623 160 76 scientia
360 1623 133 76 rerum.
453 1623 80 76 an
493 1623 187 76 scriptorum
640 1623 133 76 copia.
733 1623 80 76 an
773 1623 173 76 eloquendi
907 1623 187 76 suauitate.
1054 1623 80 76 an
1094 1623 200 76 inuentionum
1240 1623 67 76 acu

242 1668 135 45 mine.
332 1668 90 45 an
377 1668 195 45 varietate
527 1668 150 45 operum
633 1668 195 45 clariorem
768 1668 150 45 diceret.

275 1708 144 61 Solent
376 1708 86 61 ea
420 1708 86 61 de
463 1708 86 61 re
506 1708 216 61 praelerique
679 1708 216 61 dubitatione
852 1708 159 61 moueri.
967 1708 101 61 vne
1025 1708 115 61 huic
1097 1708 115 61 viro
1169 1708 130 61 tanta
1241 1708 72 61 ob-

239 1749 157 56 uenerit
353 1749 86 56 et
396 1749 157 56 ingenii
510 1749 86 56 et
552 1749 114 56 vite
624 1749 200 56 felicitas.
781 1749 86 56 vt
823 1749 128 56 vnius
909 1749 214 56 admiratione
1080 1749 114 56 tota
1137 1749 171 56 posteritas

240 1795 203 57 teneatur.
397 1795 203 57 Responsum
553 1795 109 57 est
615 1795 156 57 Patrem
725 1795 156 57 habuit
834 1795 156 57 natura
943 1795 203 57 generosum
1099 1795 94 57 et
1131 1795 187 57 medicinali

246 1836 182 69 scientia
382 1836 197 69 praelarum
533 1836 197 69 Uiricanit
685 1836 182 69 hMomerus
821 1836 166 69 medicus
942 1836 166 69 praecio
1063 1836 151 69 multos
1169 1836 197 69 equanerit
1305 1836 45 69 v

243 1886 158 54 vnus)
349 1886 245 54 Nicomachum
541 1886 175 54 nomine
664 1886 105 54 in
716 1886 140 54 vrbe
804 1886 123 54 sua
874 1886 263 54 Stagyritana
1084 1886 140 54 (que
1172 1886 105 54 in
1207 1886 105 54 mace

236 1918 132 71 ponia
324 1918 191 71 florebat)
471 1918 176 71 Primatem
603 1918 176 71 virumque
735 1918 206 71 grauissime
897 1918 235 71 autoritatem.
1088 1918 117 71 quae
1161 1918 103 71 vel
1205 1918 103 71 tanta
