1594 2413
212 192 104 79 ac
264 192 226 79 philippum
438 192 174 79 patrem
559 192 139 79 suum
646 192 191 79 dilexit
786 192 139 79 Unde
873 192 122 79 cum
942 192 191 79 bellica
1081 192 157 79 laude
1186 192 104 79 et
1220 192 70 79 Im

212 244 150 76 perii
312 244 234 76 cupiditate
496 244 117 76 per
563 244 150 76 totum
663 244 167 76 mundum
780 244 200 76 ferueret
930 244 100 76 ad
980 244 184 76 auditum
1113 244 167 76 ipsius
1214 244 83 76 per

220 285 155 77 uenit
323 285 258 77 Aristotelem
529 285 206 77 amicorum
684 285 206 77 precibus
838 285 241 77 expugnatum
1027 285 103 77 in
1079 285 189 77 codices
1199 285 86 77 re-

222 326 173 71 degisse
348 326 94 71 et
395 326 94 71 in
442 326 220 71 propatulum
614 326 235 71 addiscendam
803 326 251 71 communicasse
1007 326 251 71 philosophiam
1195 326 94 71 Quod

223 371 148 74 tantus
327 371 104 74 Rex
386 371 118 74 adeo
460 371 163 74 moleste
578 371 133 74 tulit
667 371 89 74 vt
712 371 89 74 ex
756 371 163 74 castris
875 371 118 74 suis
949 371 118 74 (que
1023 371 89 74 in
1067 371 118 74 asia
1141 371 178 74 fixerat)

221 414 95 72 ad
269 414 110 72 eum
332 414 95 72 in
379 414 110 72 hec
442 414 142 72 verba
536 414 110 72 (vt
600 414 252 72 Menesycrates
804 414 173 72 refert)
930 414 252 72 incunctanter
1120 414 173 72 scriberet

227 456 76 71 â‹
257 456 197 71 Alexander
409 456 212 71 Aristoteli
576 456 243 71 felicitatem.
773 456 121 71 haud
849 456 106 71 abs
910 456 91 71 te
955 456 137 71 recte
1046 456 152 71 factum
1152 456 106 71 est
1198 456 91 71 quod

227 500 227 71 speculatiuas
411 500 213 71 disciplinas
582 500 184 71 edidisti.
723 500 114 71 quae
794 500 85 71 ei
837 500 85 71 in
880 500 85 71 re
922 500 99 71 iam
979 500 99 71 nos
1036 500 85 71 et
1078 500 170 71 nobiscum
1192 500 99 71 aliti

222 541 151 73 ceteris
332 541 219 73 praecellemus
510 541 82 73 si
551 541 137 73 quibus
647 541 151 73 eruditi
756 541 123 73 sumus
838 541 151 73 studia.
948 541 164 73 ceperint
1071 541 110 73 esse
1139 541 151 73 omnibus
1235 541 55 73 co

226 578 151 72 munia
327 578 167 72 Mallem
444 578 117 72 ego
511 578 217 72 singulari
678 578 234 72 disciplina
862 578 134 72 quam
946 578 201 72 potentia
1096 578 201 72 prestare
1230 578 67 72 Ua

221 623 111 73 le.
285 623 254 73 Intelligebat
491 623 175 73 enivero
618 623 206 73 Alexander
777 623 191 73 (quamuis
920 623 159 73 plures
1031 623 191 73 extarent
1158 623 143 73 philoso

228 666 189 76 phantium
370 666 141 76 secte
464 666 94 76 se
511 666 157 76 vegeta
621 666 204 76 solidaque
778 666 173 76 imbutum
904 666 141 76 phia.
998 666 110 76 que
1061 666 110 76 sic
1108 666 189 76 philosopho

222 704 103 80 rum
281 704 250 80 instrumentis.
487 704 103 80 hoc
546 704 103 80 est
605 704 206 80 rationibus
767 704 118 80 erat
841 704 177 80 comunita
973 704 88 80 vt
1017 704 162 80 quisque
1135 704 103 80 eam
1179 704 118 80 doctus

225 750 100 76 se
275 750 117 76 vel
342 750 167 76 contra
459 750 200 76 Socratem
609 750 150 76 nihil
709 750 217 76 scientem.
876 750 117 76 vel
942 750 217 76 Plationem
1109 750 200 76 enygmata
1242 750 67 76 cu

228 799 201 70 dentem.
374 799 128 70 aut
447 799 219 70 Thaletem
611 799 256 70 igniuomum.
812 799 128 70 aut
885 799 256 70 Democritum
1086 799 183 70 atomis
1195 799 110 70 cir-

225 842 215 62 cumfusum.
391 842 99 62 et
441 842 132 62 item
523 842 199 62 omigenas
672 842 281 62 philosophorum
904 842 182 62 hereses
1036 842 215 62 fabularum
1185 842 116 62 inte-

231 882 214 73 gumentis
391 882 125 73 aut
463 882 285 73 tenebricosis
694 882 285 73 philosophiam
925 882 249 73 inuolueris
1103 882 196 73 inumbran-

228 928 106 64 tes
288 928 211 64 vndequaque
454 928 196 64 contegere
605 928 91 64 et
650 928 196 64 vindicare
801 928 151 64 facile
907 928 151 64 posset
1012 928 196 64 Omiquidem
1163 928 136 64 sicut
1239 928 60 64 om

224 965 116 65 nis
291 965 232 65 planetarum
473 965 165 65 virtus
588 965 248 65 (vtastruunt
787 965 265 65 Mathematici)
1002 965 116 65 vno
1068 965 132 65 sole
1135 965 165 65 continet

233 1012 119 64 sic
301 1012 136 64 omne
386 1012 153 64 verum
488 1012 288 64 philosophicum
725 1012 119 64 non
793 1012 238 64 affectatis
980 1012 204 64 sphingos
1115 1012 187 64 enygnatur

246 1050 168 71 scirpis.
372 1050 98 71 non
428 1050 168 71 sinuosis
554 1050 196 71 fabellarum
708 1050 182 71 latebris.
848 1050 98 71 sed
904 1050 238 71 dissimulanter
1100 1050 98 71 sed
1142 1050 168 71 subtilissi

240 1095 96 70 me
288 1095 159 70 solius
399 1095 239 70 Aristotelis
591 1095 239 70 philosophia
782 1095 255 70 concluditur.
989 1095 96 70 vt
1037 1095 159 70 cuique
1133 1095 175 70 monumenta

237 1135 126 69 eius
316 1135 205 69 euoluenti
474 1135 237 69 praespicuum
663 1135 110 69 est
726 1135 174 69 Uidemus
852 1135 189 69 equidem.
994 1135 158 69 quanto
1105 1135 158 69 conatu
1200 1135 110 69 quan-

234 1175 93 81 ta
281 1175 93 81 ve
328 1175 202 81 industria
484 1175 171 81 moralis
608 1175 187 81 virtutes
748 1175 93 81 ad
795 1175 202 81 heroicas.
951 1175 109 81 seu
1013 1175 171 81 habitus
1138 1175 171 81 infusos
1247 1175 62 81 vt

233 1225 149 67 aiunt
333 1225 216 67 theologi.
499 1225 182 67 hominem
631 1225 232 67 adaptantes
814 1225 265 67 discusserit.
1029 1225 166 67 quibus
1145 1225 149 67 iuxta
1228 1225 83 67 di-

234 1260 158 77 ctamen
345 1260 142 77 recte
440 1260 190 77 rationis
582 1260 206 77 hominibus
740 1260 174 77 optimam
867 1260 174 77 viuendi
994 1260 253 77 praescripsit
1183 1260 127 77 normam

240 1314 76 66 a
270 1314 106 66 qua
331 1314 91 66 si
376 1314 106 66 lex
436 1314 136 66 etiam
527 1314 257 66 vniuersaliter
739 1314 181 66 loquendo
875 1314 181 66 recedat.
1011 1314 106 66 iam
1071 1314 106 66 non
1132 1314 106 66 lex
1192 1314 106 66 est
1237 1314 76 66 sed

238 1358 121 56 mera
314 1358 136 56 quasi
404 1358 197 56 iniquitas
556 1358 106 56 Per
616 1358 106 56 has
677 1358 91 56 ei
722 1358 182 56 virtutes
858 1358 151 56 tanque
964 1358 106 56 per
1025 1358 151 56 debita
1130 1358 136 56 media
1206 1358 106 56 scala

238 1389 112 75 tim
302 1389 144 75 ducit
398 1389 176 75 hominem
526 1389 160 75 versus
638 1389 192 75 stabilem
783 1389 192 75 terminum
927 1389 240 75 felicitatis
1119 1389 112 75 que
1183 1389 112 75 est
1231 1389 80 75 sum

243 1442 126 58 mus
315 1442 162 58 actus
423 1442 162 58 summe
532 1442 216 58 potentie
694 1442 162 58 circa
802 1442 216 58 obiectum
964 1442 198 58 summum.
1109 1442 126 58 quo
1163 1442 144 58 adepto

245 1483 232 71 quietatur
424 1483 161 71 omnis
531 1483 125 71 vis
603 1483 250 71 appetitiua
799 1483 197 71 quoties
942 1483 143 71 homo
1032 1483 161 71 summo
1139 1483 143 71 bono
1211 1483 107 71 per-

240 1517 128 70 frui
320 1517 192 70 affectat
464 1517 128 70 huic
544 1517 96 70 et
592 1517 128 70 hice
672 1517 192 70 supponit
815 1517 208 70 physicen.
975 1517 176 70 quoniam
1103 1517 192 70 physicus
1231 1517 96 70 cog-

247 1559 171 67 noscens
371 1559 93 67 se
417 1559 186 67 quattuor
557 1559 217 67 principiis
727 1559 217 67 contrariis
898 1559 124 67 esse
975 1559 217 67 conflatum.
1146 1559 93 67 vt
1177 1559 140 67 necesse

242 1605 115 68 sit
307 1605 148 68 ipsum
406 1605 231 68 compositum
588 1605 99 68 ex
637 1605 247 68 elementorum
835 1605 280 68 defatigatione
1066 1605 99 68 in
1115 1605 115 68 sua
1165 1605 148 68 resolui

249 1644 258 75 componentia
455 1644 103 75 et
507 1644 224 75 quandoque
679 1644 275 75 interiturum.
903 1644 138 75 erit
989 1644 189 75 fortior
1127 1644 120 75 Nec
1178 1644 138 75 mortem

247 1695 232 60 tantopere
425 1695 196 60 timebit
568 1695 125 60 cum
639 1695 178 60 omnino
764 1695 107 60 se
818 1695 160 60 sciat
925 1695 232 60 moriturum
1103 1695 143 60 Erit
1174 1695 143 60 magna-

243 1730 152 67 nimus.
349 1730 213 67 liberalis.
516 1730 106 67 cum
577 1730 137 67 sciat
668 1730 91 67 se
714 1730 152 67 tandem
820 1730 182 67 diuitias
957 1730 228 67 relicturum.
1140 1730 91 67 et
1185 1730 137 67 nihil
1261 1730 61 67 in

245 1775 121 69 hac
314 1775 155 69 terra
417 1775 224 69 habiturum
590 1775 173 69 preter
711 1775 155 69 famam
814 1775 190 69 nominis
952 1775 259 69 sempiternam
1160 1775 104 69 si
1194 1775 121 69 virtu

251 1817 96 63 ti
299 1817 160 63 operam
411 1817 144 63 dedit
508 1817 96 63 et
556 1817 209 63 iusticiam
716 1817 209 63 excoluit.
877 1817 112 63 hec
941 1817 128 63 item
1021 1817 209 63 naturalis
1166 1817 160 63 scientia

247 1866 140 60 (quam
341 1866 125 60 idem
419 1866 125 60 phus
497 1866 171 60 lynceis
622 1866 156 60 oculis
731 1866 234 60 abditissima
918 1866 156 60 queque
1027 1866 156 60 nature
1120 1866 203 60 penetrando.

244 1912 121 53 toti
320 1912 121 53 pene
395 1912 136 53 mundo
486 1912 197 53 incognita
638 1912 212 53 reserauit)
805 1912 167 53 hominem
926 1912 197 53 instituit
1077 1912 121 53 quae
1153 1912 136 53 pacto
1229 1912 91 53 vnus
