1650 2428
237 280 128 58 Licet
322 280 128 58 omnim
407 280 99 58 sit
464 280 99 58 vna
520 280 156 58 materia
634 280 142 58 prima.
733 280 113 58 tant
804 280 198 58 cuiuslibet
960 280 99 58 est
1016 280 156 58 materia
1115 280 128 58 propria

242 323 95 55 Si
290 323 143 55 agens
385 323 159 55 fuerit
496 323 222 55 diuersumia
670 323 174 55 materia
797 323 190 55 diuersa.
940 323 143 55 factu
1035 323 111 55 est
1082 323 159 55 diuersum

244 362 134 61 forsan
337 362 107 61 sunt
404 362 147 61 quaidam
511 362 174 61 naturalia
644 362 107 61 quae
711 362 93 61 non
764 362 134 61 habent
858 362 160 61 materiam
978 362 93 61 vel
1032 362 80 61 si
1072 362 134 61 habent
1165 362 93 61 non
1205 362 107 61 habent

243 409 101 54 talem
310 409 124 54 quaelem
400 409 225 54 genernatioabilia
592 409 68 54 et
625 409 203 54 corruptibilia.
794 409 79 54 sed
839 409 101 54 solum
907 409 135 54 materiam
1008 409 124 54 mobilem
1098 409 135 54 secundum
1188 409 79 54 locum

246 452 89 46 Hic
297 452 115 46 dicit
374 452 191 46 commentator
527 452 102 46 quod
590 452 89 46 per
641 452 89 46 hoc
692 452 127 46 dantur
782 452 166 46 intelligi
909 452 140 46 corpora
1011 452 153 46 celestia
1126 452 76 46 in
1164 452 127 46 quibus
1240 452 64 46 non

246 494 90 54 est
298 494 142 54 materia
401 494 116 54 cuius
479 494 103 54 esse
543 494 90 54 est
595 494 77 54 in
633 494 155 54 potentia
750 494 77 54 ad
788 494 220 54 corruptionem.
969 494 90 54 sed
1021 494 142 54 materia
1124 494 116 54 eorum
1202 494 90 54 est
1240 494 65 54 ali

246 538 95 48 quid
305 538 118 48 exieis
388 538 71 48 in
423 538 106 48 actum
494 538 142 48 scilicet
601 538 130 48 corpus.
695 538 71 48 io
731 538 130 48 dignius
825 538 106 48 habet
896 538 106 48 nomen
967 538 154 48 subiectum
1085 538 95 48 quam
1133 538 106 48 materia

245 572 89 71 Non
296 572 114 71 omnim
372 572 89 71 est
423 572 140 71 matria.
525 572 89 71 sed
575 572 114 71 solum
652 572 127 71 quirum
741 572 89 71 est
791 572 165 71 generatio
918 572 76 71 et
956 572 203 71 transmutatio
1122 572 76 71 ad
1160 572 152 71 inuicem.
1261 572 51 71 et

241 624 162 65 quicumque
365 624 99 65 sunt
427 624 249 65 intransmutabilia
639 624 112 65 horum
713 624 87 65 non
763 624 87 65 est
813 624 137 65 materia
912 624 149 65 scilicet
1024 624 87 65 cum
1061 624 162 65 priuatione.

243 663 125 56 Cauia
327 663 167 56 vnitatis
452 663 209 56 definitonis
619 663 111 56 est.
689 663 111 56 quod
759 663 98 56 vna
814 663 111 56 pars
884 663 111 56 eius
954 663 98 56 est
1009 663 84 56 vt
1051 663 153 56 materia
1163 663 84 56 et
1205 663 111 56 alia
1260 663 56 56 vt

240 705 131 51 forma.
331 705 92 51 sed
384 705 118 51 causa
462 705 157 51 vnitatis
580 705 144 51 materie
684 705 78 51 et
724 705 118 51 forme
802 705 92 51 non
854 705 92 51 est
907 705 105 51 nisi
972 705 105 51 quod
1037 705 105 51 unum
1103 705 118 51 eorum
1181 705 92 51 est
1234 705 78 51 in
1260 705 52 51 po

241 745 155 60 tentia.
354 745 127 60 aliud
439 745 113 60 vero
509 745 85 60 in
552 745 127 60 actu.
636 745 113 60 vnde
707 745 127 60 nulla
792 745 99 60 est
848 745 113 60 alia
919 745 85 60 ca
961 745 169 60 vnitatis
1088 745 127 60 eorum
1173 745 113 60 nisi
1229 745 71 60 mo-

241 797 108 46 tor
302 797 108 46 qui
364 797 184 46 extrahit
502 797 184 46 materiam
640 797 92 46 de
686 797 184 46 potentia
825 797 92 46 in
855 797 108 46 actum

239 819 74 65 â‹
269 819 222 65 Commentator
446 819 133 65 forma
535 819 178 65 secundum
669 819 237 65 definitionem
861 819 104 65 est
920 819 74 65 a
950 819 163 65 materia
1068 819 178 65 separata
1202 819 104 65 sed
1246 819 74 65 non

244 875 147 52 secundum
354 875 110 52 esse.
427 875 98 52 quia
488 875 183 52 impossibile
635 875 86 52 est
684 875 122 52 formam
769 875 147 52 separari
879 875 61 52 a
904 875 134 52 materia
1001 875 147 52 secundum
1111 875 86 52 rem
1160 875 147 52 Essentia
1258 875 49 52 ma

242 916 116 57 terie
320 916 90 57 est
371 916 129 57 medium
462 916 116 57 inter
539 916 103 57 esse
603 916 77 57 in
642 916 103 57 actu
707 916 77 57 et
745 916 90 57 non
797 916 103 57 esse
862 916 77 57 in
900 916 116 57 actu.
978 916 116 57 forma
1055 916 90 57 dat
1107 916 103 57 esse
1158 916 65 57 rei

239 957 77 55 â‹
269 957 169 55 Corpora
393 957 185 55 celestia
531 957 108 55 non
593 957 154 55 habent
700 957 185 55 materiam
839 957 108 55 que
900 957 108 55 sit
962 957 92 55 in
1008 957 185 55 potentia
1147 957 92 55 ad
1177 957 139 55 corpus.

241 1002 98 56 sed
297 1002 126 56 eorum
381 1002 155 56 materia
494 1002 98 56 est
550 1002 155 56 aliquid
663 1002 169 56 existens
789 1002 84 56 in
831 1002 126 56 actu.
916 1002 169 56 scilicet
1042 1002 155 56 corpus.
1154 1002 112 56 ideo
1211 1002 98 56 digni

238 1044 94 53 us
285 1044 142 53 habet
380 1044 142 53 nomen
474 1044 205 53 subiectum
632 1044 126 53 quam
710 1044 189 53 materia.
852 1044 142 53 Sicut
946 1044 252 53 transmutatio
1151 1044 142 53 facit
1229 1044 79 53 sci

237 1090 93 52 re
283 1090 201 52 materiam.
437 1090 108 52 sic
499 1090 185 52 operatio
623 1090 124 52 formam

243 1133 133 62 Exitus
336 1133 160 62 alicuius
456 1133 80 62 de
496 1133 107 62 pona
563 1133 80 62 ad
603 1133 120 62 actum
683 1133 93 62 non
736 1133 160 62 largitur
856 1133 80 62 ei
896 1133 213 62 multitudinem
1070 1133 93 62 sed
1123 1133 213 62 perfectionem
1283 1133 40 62 i

382 1172 73 52 â‹
412 1172 190 52 Sequuntur
558 1172 190 52 autorita.
705 1172 103 52 ix.
763 1172 132 52 libri
851 1172 132 52 meta.
925 1172 190 52 Aristotelis

433 1215 159 47 Ultiplex
552 1215 93 47 est
605 1215 172 47 potentia.
737 1215 159 47 scilicet
856 1215 132 47 actiua
948 1215 79 47 et
975 1215 132 47 passiua.

429 1237 160 80 Potentia
549 1237 133 80 actiua
642 1237 93 80 est
695 1237 187 80 principium
842 1237 213 80 transmutandi
1015 1237 120 80 aliud
1095 1237 173 80 inquantum
1215 1237 93 80 aliud

423 1283 166 69 Potentia
547 1283 152 69 passiua
658 1283 97 69 est
713 1283 194 69 principium
866 1283 221 69 transmutandi
1045 1283 83 69 ab
1087 1283 138 69 altero
1170 1283 138 69 inquatum

1129 1340 107 68 sab
1175 1340 137 68 altero.

404 1339 156 66 Mihil
508 1339 139 66 agit
594 1339 104 66 in
629 1339 156 66 seipsum

239 1384 144 60 Nihil
335 1384 176 60 patitur
462 1384 96 60 in
494 1384 144 60 seipso.

252 1422 175 70 Potentia
383 1422 204 70 rationalis
543 1422 131 70 valet
631 1422 87 70 ad
674 1422 189 70 opposita.
820 1422 233 70 irrationalis
1009 1422 116 70 vero
1081 1422 87 70 ad
1125 1422 116 70 vnum
1183 1422 131 70 tantum.

244 1472 150 48 Eadem
344 1472 117 48 est
411 1472 200 48 scientia
545 1472 250 48 contrariorum.

248 1511 124 54 Nihil
331 1511 96 54 fit
386 1511 110 54 quod
455 1511 206 54 impossibile
620 1511 96 54 est
661 1511 110 54 fieri.

251 1537 129 66 Actus
337 1537 215 66 simpliciter
508 1537 186 66 praecedit
651 1537 200 66 potentiam.
808 1537 86 66 in
851 1537 100 66 vno
909 1537 129 66 autem
994 1537 186 66 indiuiduo
1123 1537 143 66 potentia

1061 1481 206 82 (precedit
1204 1481 111 82 actum

244 1582 133 66 Duplex
337 1582 93 66 est
390 1582 133 66 actio.
482 1582 133 66 quedam
575 1582 93 66 est
628 1582 172 66 transiens
761 1582 80 66 in
800 1582 159 66 materiam
920 1582 133 66 extra.
1012 1582 80 66 vt
1052 1582 199 66 edificatio.
1211 1582 80 66 et
1238 1582 66 66 il-

243 1636 82 55 la
284 1636 150 55 dicitur
394 1636 137 55 factio
489 1636 96 55 vel
544 1636 164 55 operatio
667 1636 164 55 factiua.
790 1636 137 55 quedam
886 1636 96 55 est
941 1636 164 55 immanens
1064 1636 109 55 siue
1132 1636 123 55 intra
1201 1636 109 55 manens

253 1685 72 65 in
289 1685 156 65 operante.
409 1685 72 65 vt
445 1685 84 65 est
493 1685 108 65 visio
565 1685 84 65 vel
613 1685 192 65 intellectio.
768 1685 72 65 et
804 1685 96 65 illa
864 1685 132 65 dicitur
960 1685 108 65 actio
1020 1685 96 65 actiua

247 1725 252 50 Sempiternum
449 1725 151 50 prius
550 1725 118 50 est
600 1725 236 50 corruptibili

258 1766 89 52 Non
309 1766 89 52 est
360 1766 140 52 timendu
463 1766 102 52 quod
526 1766 128 52 caelum
616 1766 115 52 stet.
692 1766 77 52 id
731 1766 89 52 est
782 1766 64 52 a
807 1766 102 52 motu
859 1766 140 52 quiescat.

250 1808 156 56 Materia
363 1808 128 56 cuius
449 1808 114 56 esse
519 1808 99 56 est
576 1808 85 56 in
619 1808 170 56 potentia
747 1808 99 56 est
803 1808 128 56 causa
874 1808 199 56 fatigationis

253 1842 91 66 In
298 1842 136 66 bonis
389 1842 106 66 est
450 1842 136 66 actus
541 1842 152 66 melior
647 1842 197 66 potentia.
799 1842 91 66 In
844 1842 136 66 malis
935 1842 121 66 vero
1011 1842 106 66 est
1071 1842 182 66 potentia
1193 1842 121 66 melior

245 1894 114 64 actu.
321 1894 101 64 quod
384 1894 126 64 patet.
473 1894 101 64 quia
536 1894 101 64 actu
599 1894 114 64 sanum
675 1894 101 64 esse
738 1894 88 64 est
789 1894 126 64 melius
877 1894 101 64 quam
940 1894 114 64 posse
1016 1894 114 64 fieri
1092 1894 126 64 sanum.
1181 1894 88 64 sed
1219 1894 88 64 posse

243 1941 133 47 fieri
332 1941 177 47 infirmum
465 1941 148 47 melius
568 1941 103 47 est
627 1941 118 47 quam
701 1941 118 47 actu
775 1941 118 47 esse
834 1941 148 47 infirmum

248 1981 90 76 In
293 1981 165 76 eternis
413 1981 105 76 non
473 1981 105 76 est
533 1981 135 76 malum
623 1981 135 76 neque
712 1981 195 76 corruptio
862 1981 135 76 neque
937 1981 165 76 peccatum.
