<?xml version="1.0" encoding="UTF-8"?>
<alto xmlns:xsi="http://www.w3.org/2001/XMLSchema-instance"
      xmlns="http://www.loc.gov/standards/alto/ns-v2#"
      xmlns:page="http://schema.primaresearch.org/PAGE/gts/pagecontent/2013-07-15"
      xsi:schemaLocation="http://www.loc.gov/standards/alto/ns-v2# http://www.loc.gov/standards/alto/alto.xsd">
   <Description>
      <MeasurementUnit>pixel</MeasurementUnit>
      <OCRProcessing ID="IdOcr">
         <ocrProcessingStep>
            <processingDateTime>2021-01-04T09:53:43.916-05:00</processingDateTime>
            <processingSoftware>
               <softwareCreator>READ COOP</softwareCreator>
               <softwareName>Transkribus</softwareName>
            </processingSoftware>
         </ocrProcessingStep>
      </OCRProcessing>
   </Description>
   <Tags/>
   <Layout>
      <Page ID="Page1" PHYSICAL_IMG_NR="1" HEIGHT="2424" WIDTH="1612">
         <TopMargin HEIGHT="0" WIDTH="1612" VPOS="0" HPOS="0"/>
         <LeftMargin HEIGHT="2424" WIDTH="0" VPOS="0" HPOS="0"/>
         <RightMargin HEIGHT="2424" WIDTH="0" VPOS="0" HPOS="1612"/>
         <BottomMargin HEIGHT="0" WIDTH="1612" VPOS="2424" HPOS="0"/>
         <PrintSpace HEIGHT="2424" WIDTH="1612" VPOS="0" HPOS="0">
            <TextBlock ID="TextRegion_1609205977089_285"
                       HEIGHT="1805"
                       WIDTH="1078"
                       VPOS="214"
                       HPOS="282">
               <Shape>
                  <Polygon POINTS="282,214 1360,214 1360,2019 282,2019"/>
               </Shape>
               <TextLine ID="line_1609205977140_288"
                         BASELINE="315"
                         HEIGHT="70"
                         WIDTH="575"
                         VPOS="245"
                         HPOS="275">
                  <String HEIGHT="70"
                          WIDTH="197"
                          VPOS="245"
                          HPOS="260"
                          CONTENT="Continuum"/>
                  <SP HEIGHT="70" WIDTH="15" VPOS="245" HPOS="457"/>
                  <String HEIGHT="70" WIDTH="106" VPOS="245" HPOS="411" CONTENT="est"/>
                  <SP HEIGHT="70" WIDTH="15" VPOS="245" HPOS="517"/>
                  <String HEIGHT="70"
                          WIDTH="212"
                          VPOS="245"
                          HPOS="472"
                          CONTENT="diuisibile"/>
                  <SP HEIGHT="70" WIDTH="15" VPOS="245" HPOS="684"/>
                  <String HEIGHT="70" WIDTH="91" VPOS="245" HPOS="638" CONTENT="in"/>
                  <SP HEIGHT="70" WIDTH="15" VPOS="245" HPOS="729"/>
                  <String HEIGHT="70"
                          WIDTH="182"
                          VPOS="245"
                          HPOS="668"
                          CONTENT="infinitum."/>
               </TextLine>
               <TextLine ID="r2l3"
                         BASELINE="348"
                         HEIGHT="47"
                         WIDTH="885"
                         VPOS="301"
                         HPOS="284">
                  <String HEIGHT="47"
                          WIDTH="221"
                          VPOS="301"
                          HPOS="267"
                          CONTENT="Quecunque"/>
                  <SP HEIGHT="47" WIDTH="17" VPOS="301" HPOS="488"/>
                  <String HEIGHT="47" WIDTH="119" VPOS="301" HPOS="437" CONTENT="vni"/>
                  <SP HEIGHT="47" WIDTH="17" VPOS="301" HPOS="556"/>
                  <String HEIGHT="47" WIDTH="102" VPOS="301" HPOS="505" CONTENT="et"/>
                  <SP HEIGHT="47" WIDTH="17" VPOS="301" HPOS="607"/>
                  <String HEIGHT="47"
                          WIDTH="153"
                          VPOS="301"
                          HPOS="556"
                          CONTENT="eidem"/>
                  <SP HEIGHT="47" WIDTH="17" VPOS="301" HPOS="709"/>
                  <String HEIGHT="47"
                          WIDTH="136"
                          VPOS="301"
                          HPOS="658"
                          CONTENT="sunt"/>
                  <SP HEIGHT="47" WIDTH="17" VPOS="301" HPOS="795"/>
                  <String HEIGHT="47"
                          WIDTH="289"
                          VPOS="301"
                          HPOS="744"
                          CONTENT="eademinumero."/>
                  <SP HEIGHT="47" WIDTH="17" VPOS="301" HPOS="1033"/>
                  <String HEIGHT="47"
                          WIDTH="136"
                          VPOS="301"
                          HPOS="982"
                          CONTENT="sunt"/>
                  <SP HEIGHT="47" WIDTH="17" VPOS="301" HPOS="1118"/>
                  <String HEIGHT="47"
                          WIDTH="119"
                          VPOS="301"
                          HPOS="1050"
                          CONTENT="eadem"/>
               </TextLine>
               <TextLine ID="r2l4"
                         BASELINE="397"
                         HEIGHT="53"
                         WIDTH="638"
                         VPOS="344"
                         HPOS="290">
                  <String HEIGHT="53"
                          WIDTH="298"
                          VPOS="344"
                          HPOS="276"
                          CONTENT="Indiuisibileneque"/>
                  <SP HEIGHT="53" WIDTH="14" VPOS="344" HPOS="574"/>
                  <String HEIGHT="53"
                          WIDTH="156"
                          VPOS="344"
                          HPOS="531"
                          CONTENT="finitum"/>
                  <SP HEIGHT="53" WIDTH="14" VPOS="344" HPOS="687"/>
                  <String HEIGHT="53"
                          WIDTH="128"
                          VPOS="344"
                          HPOS="644"
                          CONTENT="neque"/>
                  <SP HEIGHT="53" WIDTH="14" VPOS="344" HPOS="772"/>
                  <String HEIGHT="53"
                          WIDTH="184"
                          VPOS="344"
                          HPOS="730"
                          CONTENT="infinitum"/>
                  <SP HEIGHT="53" WIDTH="14" VPOS="344" HPOS="914"/>
                  <String HEIGHT="53" WIDTH="71" VPOS="344" HPOS="857" CONTENT="est"/>
               </TextLine>
               <TextLine ID="r2l5"
                         BASELINE="441"
                         HEIGHT="54"
                         WIDTH="843"
                         VPOS="387"
                         HPOS="293">
                  <String HEIGHT="54"
                          WIDTH="184"
                          VPOS="387"
                          HPOS="280"
                          CONTENT="Principium"/>
                  <SP HEIGHT="54" WIDTH="13" VPOS="387" HPOS="464"/>
                  <String HEIGHT="54"
                          WIDTH="145"
                          VPOS="387"
                          HPOS="425"
                          CONTENT="dicitur"/>
                  <SP HEIGHT="54" WIDTH="13" VPOS="387" HPOS="570"/>
                  <String HEIGHT="54"
                          WIDTH="198"
                          VPOS="387"
                          HPOS="530"
                          CONTENT="dupliciter."/>
                  <SP HEIGHT="54" WIDTH="13" VPOS="387" HPOS="728"/>
                  <String HEIGHT="54"
                          WIDTH="158"
                          VPOS="387"
                          HPOS="688"
                          CONTENT="scilicet"/>
                  <SP HEIGHT="54" WIDTH="13" VPOS="387" HPOS="846"/>
                  <String HEIGHT="54"
                          WIDTH="158"
                          VPOS="387"
                          HPOS="807"
                          CONTENT="temporis"/>
                  <SP HEIGHT="54" WIDTH="13" VPOS="387" HPOS="965"/>
                  <String HEIGHT="54" WIDTH="79" VPOS="387" HPOS="925" CONTENT="et"/>
                  <SP HEIGHT="54" WIDTH="13" VPOS="387" HPOS="1004"/>
                  <String HEIGHT="54"
                          WIDTH="184"
                          VPOS="387"
                          HPOS="952"
                          CONTENT="magnitudinis"/>
               </TextLine>
               <TextLine ID="r2l6"
                         BASELINE="480"
                         HEIGHT="44"
                         WIDTH="928"
                         VPOS="436"
                         HPOS="287">
                  <String HEIGHT="44"
                          WIDTH="100"
                          VPOS="436"
                          HPOS="274"
                          CONTENT="Quod"/>
                  <SP HEIGHT="44" WIDTH="13" VPOS="436" HPOS="375"/>
                  <String HEIGHT="44"
                          WIDTH="100"
                          VPOS="436"
                          HPOS="337"
                          CONTENT="vere"/>
                  <SP HEIGHT="44" WIDTH="13" VPOS="436" HPOS="437"/>
                  <String HEIGHT="44" WIDTH="88" VPOS="436" HPOS="400" CONTENT="est"/>
                  <SP HEIGHT="44" WIDTH="13" VPOS="436" HPOS="488"/>
                  <String HEIGHT="44"
                          WIDTH="113"
                          VPOS="436"
                          HPOS="450"
                          CONTENT="nulli"/>
                  <SP HEIGHT="44" WIDTH="13" VPOS="436" HPOS="563"/>
                  <String HEIGHT="44"
                          WIDTH="138"
                          VPOS="436"
                          HPOS="525"
                          CONTENT="accidit"/>
                  <SP HEIGHT="44" WIDTH="13" VPOS="436" HPOS="663"/>
                  <String HEIGHT="44" WIDTH="75" VPOS="436" HPOS="626" CONTENT="id"/>
                  <SP HEIGHT="44" WIDTH="13" VPOS="436" HPOS="701"/>
                  <String HEIGHT="44" WIDTH="88" VPOS="436" HPOS="663" CONTENT="est"/>
                  <SP HEIGHT="44" WIDTH="13" VPOS="436" HPOS="751"/>
                  <String HEIGHT="44"
                          WIDTH="100"
                          VPOS="436"
                          HPOS="713"
                          CONTENT="quod"/>
                  <SP HEIGHT="44" WIDTH="13" VPOS="436" HPOS="814"/>
                  <String HEIGHT="44" WIDTH="88" VPOS="436" HPOS="776" CONTENT="uni"/>
                  <SP HEIGHT="44" WIDTH="13" VPOS="436" HPOS="864"/>
                  <String HEIGHT="44" WIDTH="88" VPOS="436" HPOS="826" CONTENT="est"/>
                  <SP HEIGHT="44" WIDTH="13" VPOS="436" HPOS="914"/>
                  <String HEIGHT="44" WIDTH="63" VPOS="436" HPOS="876" CONTENT="s"/>
                  <SP HEIGHT="44" WIDTH="13" VPOS="436" HPOS="939"/>
                  <String HEIGHT="44"
                          WIDTH="113"
                          VPOS="436"
                          HPOS="901"
                          CONTENT="becna"/>
                  <SP HEIGHT="44" WIDTH="13" VPOS="436" HPOS="1014"/>
                  <String HEIGHT="44"
                          WIDTH="113"
                          VPOS="436"
                          HPOS="977"
                          CONTENT="nulli"/>
                  <SP HEIGHT="44" WIDTH="13" VPOS="436" HPOS="1090"/>
                  <String HEIGHT="44" WIDTH="88" VPOS="436" HPOS="1052" CONTENT="est"/>
                  <SP HEIGHT="44" WIDTH="13" VPOS="436" HPOS="1140"/>
                  <String HEIGHT="44"
                          WIDTH="125"
                          VPOS="436"
                          HPOS="1090"
                          CONTENT="accidens"/>
               </TextLine>
               <TextLine ID="r2l7"
                         BASELINE="538"
                         HEIGHT="76"
                         WIDTH="993"
                         VPOS="462"
                         HPOS="294">
                  <String HEIGHT="76"
                          WIDTH="103"
                          VPOS="462"
                          HPOS="281"
                          CONTENT="Omis"/>
                  <SP HEIGHT="76" WIDTH="13" VPOS="462" HPOS="384"/>
                  <String HEIGHT="76"
                          WIDTH="116"
                          VPOS="462"
                          HPOS="346"
                          CONTENT="forma"/>
                  <SP HEIGHT="76" WIDTH="13" VPOS="462" HPOS="462"/>
                  <String HEIGHT="76"
                          WIDTH="206"
                          VPOS="462"
                          HPOS="423"
                          CONTENT="accidentalis"/>
                  <SP HEIGHT="76" WIDTH="13" VPOS="462" HPOS="629"/>
                  <String HEIGHT="76" WIDTH="77" VPOS="462" HPOS="591" CONTENT="in"/>
                  <SP HEIGHT="76" WIDTH="13" VPOS="462" HPOS="668"/>
                  <String HEIGHT="76"
                          WIDTH="155"
                          VPOS="462"
                          HPOS="629"
                          CONTENT="concreto"/>
                  <SP HEIGHT="76" WIDTH="13" VPOS="462" HPOS="784"/>
                  <String HEIGHT="76" WIDTH="90" VPOS="462" HPOS="745" CONTENT="duo"/>
                  <SP HEIGHT="76" WIDTH="13" VPOS="462" HPOS="836"/>
                  <String HEIGHT="76"
                          WIDTH="155"
                          VPOS="462"
                          HPOS="797"
                          CONTENT="signicat"/>
                  <SP HEIGHT="76" WIDTH="13" VPOS="462" HPOS="952"/>
                  <String HEIGHT="76"
                          WIDTH="155"
                          VPOS="462"
                          HPOS="913"
                          CONTENT="scilicet"/>
                  <SP HEIGHT="76" WIDTH="13" VPOS="462" HPOS="1068"/>
                  <String HEIGHT="76"
                          WIDTH="129"
                          VPOS="462"
                          HPOS="1029"
                          CONTENT="formam"/>
                  <SP HEIGHT="76" WIDTH="13" VPOS="462" HPOS="1158"/>
                  <String HEIGHT="76" WIDTH="77" VPOS="462" HPOS="1119" CONTENT="et"/>
                  <SP HEIGHT="76" WIDTH="13" VPOS="462" HPOS="1197"/>
                  <String HEIGHT="76"
                          WIDTH="142"
                          VPOS="462"
                          HPOS="1145"
                          CONTENT="subiectum"/>
               </TextLine>
               <TextLine ID="r2l8"
                         BASELINE="567"
                         HEIGHT="50"
                         WIDTH="954"
                         VPOS="517"
                         HPOS="288">
                  <String HEIGHT="50"
                          WIDTH="176"
                          VPOS="517"
                          HPOS="273"
                          CONTENT="Secumdum"/>
                  <SP HEIGHT="50" WIDTH="15" VPOS="517" HPOS="449"/>
                  <String HEIGHT="50"
                          WIDTH="117"
                          VPOS="517"
                          HPOS="405"
                          CONTENT="oens"/>
                  <SP HEIGHT="50" WIDTH="15" VPOS="517" HPOS="523"/>
                  <String HEIGHT="50"
                          WIDTH="220"
                          VPOS="517"
                          HPOS="479"
                          CONTENT="philosophos"/>
                  <SP HEIGHT="50" WIDTH="15" VPOS="517" HPOS="699"/>
                  <String HEIGHT="50" WIDTH="88" VPOS="517" HPOS="655" CONTENT="ex"/>
                  <SP HEIGHT="50" WIDTH="15" VPOS="517" HPOS="743"/>
                  <String HEIGHT="50"
                          WIDTH="220"
                          VPOS="517"
                          HPOS="699"
                          CONTENT="nihilonihil"/>
                  <SP HEIGHT="50" WIDTH="15" VPOS="517" HPOS="919"/>
                  <String HEIGHT="50"
                          WIDTH="117"
                          VPOS="517"
                          HPOS="875"
                          CONTENT="fit."/>
                  <SP HEIGHT="50" WIDTH="15" VPOS="517" HPOS="992"/>
                  <String HEIGHT="50"
                          WIDTH="308"
                          VPOS="517"
                          HPOS="934"
                          CONTENT="scilicetnaturaliter"/>
               </TextLine>
               <TextLine ID="r2l9"
                         BASELINE="608"
                         HEIGHT="48"
                         WIDTH="885"
                         VPOS="560"
                         HPOS="284">
                  <String HEIGHT="48"
                          WIDTH="111"
                          VPOS="560"
                          HPOS="270"
                          CONTENT="Tria"/>
                  <SP HEIGHT="48" WIDTH="14" VPOS="560" HPOS="381"/>
                  <String HEIGHT="48"
                          WIDTH="111"
                          VPOS="560"
                          HPOS="339"
                          CONTENT="sunt"/>
                  <SP HEIGHT="48" WIDTH="14" VPOS="560" HPOS="450"/>
                  <String HEIGHT="48"
                          WIDTH="180"
                          VPOS="560"
                          HPOS="408"
                          CONTENT="principia"/>
                  <SP HEIGHT="48" WIDTH="14" VPOS="560" HPOS="588"/>
                  <String HEIGHT="48"
                          WIDTH="152"
                          VPOS="560"
                          HPOS="547"
                          CONTENT="nature."/>
                  <SP HEIGHT="48" WIDTH="14" VPOS="560" HPOS="699"/>
                  <String HEIGHT="48"
                          WIDTH="166"
                          VPOS="560"
                          HPOS="657"
                          CONTENT="scilicet"/>
                  <SP HEIGHT="48" WIDTH="14" VPOS="560" HPOS="823"/>
                  <String HEIGHT="48"
                          WIDTH="166"
                          VPOS="560"
                          HPOS="782"
                          CONTENT="materia."/>
                  <SP HEIGHT="48" WIDTH="14" VPOS="560" HPOS="948"/>
                  <String HEIGHT="48"
                          WIDTH="124"
                          VPOS="560"
                          HPOS="906"
                          CONTENT="forma"/>
                  <SP HEIGHT="48" WIDTH="14" VPOS="560" HPOS="1031"/>
                  <String HEIGHT="48" WIDTH="83" VPOS="560" HPOS="989" CONTENT="et"/>
                  <SP HEIGHT="48" WIDTH="14" VPOS="560" HPOS="1072"/>
                  <String HEIGHT="48"
                          WIDTH="152"
                          VPOS="560"
                          HPOS="1017"
                          CONTENT="praeuatio"/>
               </TextLine>
               <TextLine ID="r2l10"
                         BASELINE="651"
                         HEIGHT="62"
                         WIDTH="1065"
                         VPOS="589"
                         HPOS="294">
                  <String HEIGHT="62" WIDTH="78" VPOS="589" HPOS="281" CONTENT="Ex"/>
                  <SP HEIGHT="62" WIDTH="13" VPOS="589" HPOS="359"/>
                  <String HEIGHT="62"
                          WIDTH="169"
                          VPOS="589"
                          HPOS="320"
                          CONTENT="infinitis"/>
                  <SP HEIGHT="62" WIDTH="13" VPOS="589" HPOS="489"/>
                  <String HEIGHT="62"
                          WIDTH="156"
                          VPOS="589"
                          HPOS="450"
                          CONTENT="secundum"/>
                  <SP HEIGHT="62" WIDTH="13" VPOS="589" HPOS="606"/>
                  <String HEIGHT="62"
                          WIDTH="117"
                          VPOS="589"
                          HPOS="567"
                          CONTENT="spenm"/>
                  <SP HEIGHT="62" WIDTH="13" VPOS="589" HPOS="684"/>
                  <String HEIGHT="62"
                          WIDTH="117"
                          VPOS="589"
                          HPOS="645"
                          CONTENT="nihil"/>
                  <SP HEIGHT="62" WIDTH="13" VPOS="589" HPOS="762"/>
                  <String HEIGHT="62"
                          WIDTH="169"
                          VPOS="589"
                          HPOS="723"
                          CONTENT="contingit"/>
                  <SP HEIGHT="62" WIDTH="13" VPOS="589" HPOS="891"/>
                  <String HEIGHT="62"
                          WIDTH="130"
                          VPOS="589"
                          HPOS="852"
                          CONTENT="scire."/>
                  <SP HEIGHT="62" WIDTH="13" VPOS="589" HPOS="982"/>
                  <String HEIGHT="62"
                          WIDTH="169"
                          VPOS="589"
                          HPOS="943"
                          CONTENT="Subiectum"/>
                  <SP HEIGHT="62" WIDTH="13" VPOS="589" HPOS="1112"/>
                  <String HEIGHT="62" WIDTH="91" VPOS="589" HPOS="1073" CONTENT="est"/>
                  <SP HEIGHT="62" WIDTH="13" VPOS="589" HPOS="1164"/>
                  <String HEIGHT="62"
                          WIDTH="117"
                          VPOS="589"
                          HPOS="1125"
                          CONTENT="prius"/>
                  <SP HEIGHT="62" WIDTH="13" VPOS="589" HPOS="1242"/>
                  <String HEIGHT="62"
                          WIDTH="169"
                          VPOS="589"
                          HPOS="1190"
                          CONTENT="praedicato."/>
               </TextLine>
               <TextLine ID="r2l11"
                         BASELINE="709"
                         HEIGHT="63"
                         WIDTH="1056"
                         VPOS="646"
                         HPOS="300">
                  <String HEIGHT="63"
                          WIDTH="176"
                          VPOS="646"
                          HPOS="286"
                          CONTENT="Principia"/>
                  <SP HEIGHT="63" WIDTH="14" VPOS="646" HPOS="462"/>
                  <String HEIGHT="63" WIDTH="95" VPOS="646" HPOS="422" CONTENT="non"/>
                  <SP HEIGHT="63" WIDTH="14" VPOS="646" HPOS="517"/>
                  <String HEIGHT="63"
                          WIDTH="122"
                          VPOS="646"
                          HPOS="476"
                          CONTENT="fiunt"/>
                  <SP HEIGHT="63" WIDTH="14" VPOS="646" HPOS="598"/>
                  <String HEIGHT="63" WIDTH="81" VPOS="646" HPOS="557" CONTENT="ex"/>
                  <SP HEIGHT="63" WIDTH="14" VPOS="646" HPOS="638"/>
                  <String HEIGHT="63"
                          WIDTH="122"
                          VPOS="646"
                          HPOS="598"
                          CONTENT="aliis"/>
                  <SP HEIGHT="63" WIDTH="14" VPOS="646" HPOS="720"/>
                  <String HEIGHT="63"
                          WIDTH="122"
                          VPOS="646"
                          HPOS="679"
                          CONTENT="neque"/>
                  <SP HEIGHT="63" WIDTH="14" VPOS="646" HPOS="801"/>
                  <String HEIGHT="63" WIDTH="81" VPOS="646" HPOS="760" CONTENT="ex"/>
                  <SP HEIGHT="63" WIDTH="14" VPOS="646" HPOS="842"/>
                  <String HEIGHT="63"
                          WIDTH="203"
                          VPOS="646"
                          HPOS="801"
                          CONTENT="alterutris."/>
                  <SP HEIGHT="63" WIDTH="14" VPOS="646" HPOS="1004"/>
                  <String HEIGHT="63" WIDTH="95" VPOS="646" HPOS="963" CONTENT="sed"/>
                  <SP HEIGHT="63" WIDTH="14" VPOS="646" HPOS="1058"/>
                  <String HEIGHT="63" WIDTH="81" VPOS="646" HPOS="1018" CONTENT="ex"/>
                  <SP HEIGHT="63" WIDTH="14" VPOS="646" HPOS="1099"/>
                  <String HEIGHT="63" WIDTH="95" VPOS="646" HPOS="1058" CONTENT="his"/>
                  <SP HEIGHT="63" WIDTH="14" VPOS="646" HPOS="1153"/>
                  <String HEIGHT="63"
                          WIDTH="122"
                          VPOS="646"
                          HPOS="1112"
                          CONTENT="fiunt"/>
                  <SP HEIGHT="63" WIDTH="14" VPOS="646" HPOS="1234"/>
                  <String HEIGHT="63"
                          WIDTH="122"
                          VPOS="646"
                          HPOS="1194"
                          CONTENT="omnia"/>
                  <SP HEIGHT="63" WIDTH="14" VPOS="646" HPOS="1315"/>
                  <String HEIGHT="63"
                          WIDTH="95"
                          VPOS="646"
                          HPOS="1261"
                          CONTENT="alia."/>
               </TextLine>
               <TextLine ID="r2l12"
                         BASELINE="734"
                         HEIGHT="40"
                         WIDTH="551"
                         VPOS="694"
                         HPOS="303">
                  <String HEIGHT="40"
                          WIDTH="224"
                          VPOS="694"
                          HPOS="286"
                          CONTENT="Principia"/>
                  <SP HEIGHT="40" WIDTH="17" VPOS="694" HPOS="510"/>
                  <String HEIGHT="40"
                          WIDTH="172"
                          VPOS="694"
                          HPOS="458"
                          CONTENT="semper"/>
                  <SP HEIGHT="40" WIDTH="17" VPOS="694" HPOS="630"/>
                  <String HEIGHT="40"
                          WIDTH="189"
                          VPOS="694"
                          HPOS="579"
                          CONTENT="oportet"/>
                  <SP HEIGHT="40" WIDTH="17" VPOS="694" HPOS="768"/>
                  <String HEIGHT="40"
                          WIDTH="155"
                          VPOS="694"
                          HPOS="699"
                          CONTENT="manere."/>
               </TextLine>
               <TextLine ID="r2l13"
                         BASELINE="781"
                         HEIGHT="56"
                         WIDTH="681"
                         VPOS="725"
                         HPOS="296">
                  <String HEIGHT="56"
                          WIDTH="167"
                          VPOS="725"
                          HPOS="283"
                          CONTENT="Infinitum"/>
                  <SP HEIGHT="56" WIDTH="13" VPOS="725" HPOS="450"/>
                  <String HEIGHT="56"
                          WIDTH="154"
                          VPOS="725"
                          HPOS="412"
                          CONTENT="secundum"/>
                  <SP HEIGHT="56" WIDTH="13" VPOS="725" HPOS="566"/>
                  <String HEIGHT="56"
                          WIDTH="103"
                          VPOS="725"
                          HPOS="527"
                          CONTENT="quod"/>
                  <SP HEIGHT="56" WIDTH="13" VPOS="725" HPOS="630"/>
                  <String HEIGHT="56"
                          WIDTH="167"
                          VPOS="725"
                          HPOS="592"
                          CONTENT="huiusmodi"/>
                  <SP HEIGHT="56" WIDTH="13" VPOS="725" HPOS="759"/>
                  <String HEIGHT="56"
                          WIDTH="128"
                          VPOS="725"
                          HPOS="720"
                          CONTENT="semper"/>
                  <SP HEIGHT="56" WIDTH="13" VPOS="725" HPOS="849"/>
                  <String HEIGHT="56" WIDTH="90" VPOS="725" HPOS="810" CONTENT="est"/>
                  <SP HEIGHT="56" WIDTH="13" VPOS="725" HPOS="900"/>
                  <String HEIGHT="56"
                          WIDTH="128"
                          VPOS="725"
                          HPOS="849"
                          CONTENT="ignotum."/>
               </TextLine>
               <TextLine ID="r2l14"
                         BASELINE="808"
                         HEIGHT="54"
                         WIDTH="1056"
                         VPOS="754"
                         HPOS="303">
                  <String HEIGHT="54"
                          WIDTH="182"
                          VPOS="754"
                          HPOS="291"
                          CONTENT="Intellectus"/>
                  <SP HEIGHT="54" WIDTH="12" VPOS="754" HPOS="473"/>
                  <String HEIGHT="54" WIDTH="85" VPOS="754" HPOS="437" CONTENT="qui"/>
                  <SP HEIGHT="54" WIDTH="12" VPOS="754" HPOS="521"/>
                  <String HEIGHT="54"
                          WIDTH="134"
                          VPOS="754"
                          HPOS="485"
                          CONTENT="quaerit"/>
                  <SP HEIGHT="54" WIDTH="12" VPOS="754" HPOS="619"/>
                  <String HEIGHT="54"
                          WIDTH="146"
                          VPOS="754"
                          HPOS="582"
                          CONTENT="accidens"/>
                  <SP HEIGHT="54" WIDTH="12" VPOS="754" HPOS="728"/>
                  <String HEIGHT="54" WIDTH="61" VPOS="754" HPOS="691" CONTENT="a"/>
                  <SP HEIGHT="54" WIDTH="12" VPOS="754" HPOS="752"/>
                  <String HEIGHT="54"
                          WIDTH="146"
                          VPOS="754"
                          HPOS="716"
                          CONTENT="subiecto"/>
                  <SP HEIGHT="54" WIDTH="12" VPOS="754" HPOS="861"/>
                  <String HEIGHT="54"
                          WIDTH="121"
                          VPOS="754"
                          HPOS="825"
                          CONTENT="separe"/>
                  <SP HEIGHT="54" WIDTH="12" VPOS="754" HPOS="946"/>
                  <String HEIGHT="54" WIDTH="85" VPOS="754" HPOS="910" CONTENT="est"/>
                  <SP HEIGHT="54" WIDTH="12" VPOS="754" HPOS="995"/>
                  <String HEIGHT="54"
                          WIDTH="121"
                          VPOS="754"
                          HPOS="958"
                          CONTENT="vanus."/>
                  <SP HEIGHT="54" WIDTH="12" VPOS="754" HPOS="1080"/>
                  <String HEIGHT="54" WIDTH="73" VPOS="754" HPOS="1043" CONTENT="et"/>
                  <SP HEIGHT="54" WIDTH="12" VPOS="754" HPOS="1116"/>
                  <String HEIGHT="54"
                          WIDTH="194"
                          VPOS="754"
                          HPOS="1080"
                          CONTENT="impossibilia"/>
                  <SP HEIGHT="54" WIDTH="12" VPOS="754" HPOS="1274"/>
                  <String HEIGHT="54"
                          WIDTH="134"
                          VPOS="754"
                          HPOS="1225"
                          CONTENT="quaerens."/>
               </TextLine>
               <TextLine ID="r2l15"
                         BASELINE="869"
                         HEIGHT="62"
                         WIDTH="1056"
                         VPOS="807"
                         HPOS="305">
                  <String HEIGHT="62" WIDTH="86" VPOS="807" HPOS="291" CONTENT="In"/>
                  <SP HEIGHT="62" WIDTH="14" VPOS="807" HPOS="376"/>
                  <String HEIGHT="62"
                          WIDTH="186"
                          VPOS="807"
                          HPOS="334"
                          CONTENT="diuisione"/>
                  <SP HEIGHT="62" WIDTH="14" VPOS="807" HPOS="519"/>
                  <String HEIGHT="62"
                          WIDTH="143"
                          VPOS="807"
                          HPOS="476"
                          CONTENT="carnis"/>
                  <SP HEIGHT="62" WIDTH="14" VPOS="807" HPOS="619"/>
                  <String HEIGHT="62"
                          WIDTH="171"
                          VPOS="807"
                          HPOS="576"
                          CONTENT="contigit"/>
                  <SP HEIGHT="62" WIDTH="14" VPOS="807" HPOS="747"/>
                  <String HEIGHT="62"
                          WIDTH="171"
                          VPOS="807"
                          HPOS="705"
                          CONTENT="deuenire"/>
                  <SP HEIGHT="62" WIDTH="14" VPOS="807" HPOS="876"/>
                  <String HEIGHT="62" WIDTH="86" VPOS="807" HPOS="833" CONTENT="ad"/>
                  <SP HEIGHT="62" WIDTH="14" VPOS="807" HPOS="919"/>
                  <String HEIGHT="62"
                          WIDTH="157"
                          VPOS="807"
                          HPOS="876"
                          CONTENT="minimam"/>
                  <SP HEIGHT="62" WIDTH="14" VPOS="807" HPOS="1033"/>
                  <String HEIGHT="62"
                          WIDTH="143"
                          VPOS="807"
                          HPOS="990"
                          CONTENT="carnem"/>
                  <SP HEIGHT="62" WIDTH="14" VPOS="807" HPOS="1133"/>
                  <String HEIGHT="62"
                          WIDTH="114"
                          VPOS="807"
                          HPOS="1090"
                          CONTENT="quae"/>
                  <SP HEIGHT="62" WIDTH="14" VPOS="807" HPOS="1204"/>
                  <String HEIGHT="62" WIDTH="86" VPOS="807" HPOS="1161" CONTENT="si"/>
                  <SP HEIGHT="62" WIDTH="14" VPOS="807" HPOS="1247"/>
                  <String HEIGHT="62"
                          WIDTH="128"
                          VPOS="807"
                          HPOS="1204"
                          CONTENT="vltra"/>
                  <SP HEIGHT="62" WIDTH="14" VPOS="807" HPOS="1332"/>
                  <String HEIGHT="62"
                          WIDTH="86"
                          VPOS="807"
                          HPOS="1275"
                          CONTENT="diui"/>
               </TextLine>
               <TextLine ID="r2l16"
                         BASELINE="908"
                         HEIGHT="60"
                         WIDTH="965"
                         VPOS="848"
                         HPOS="292">
                  <String HEIGHT="60"
                          WIDTH="116"
                          VPOS="848"
                          HPOS="279"
                          CONTENT="datur"/>
                  <SP HEIGHT="60" WIDTH="13" VPOS="848" HPOS="395"/>
                  <String HEIGHT="60" WIDTH="90" VPOS="848" HPOS="356" CONTENT="non"/>
                  <SP HEIGHT="60" WIDTH="13" VPOS="848" HPOS="446"/>
                  <String HEIGHT="60"
                          WIDTH="116"
                          VPOS="848"
                          HPOS="408"
                          CONTENT="manet"/>
                  <SP HEIGHT="60" WIDTH="13" VPOS="848" HPOS="524"/>
                  <String HEIGHT="60"
                          WIDTH="116"
                          VPOS="848"
                          HPOS="485"
                          CONTENT="eadem"/>
                  <SP HEIGHT="60" WIDTH="13" VPOS="848" HPOS="601"/>
                  <String HEIGHT="60"
                          WIDTH="116"
                          VPOS="848"
                          HPOS="562"
                          CONTENT="spens"/>
                  <SP HEIGHT="60" WIDTH="13" VPOS="848" HPOS="678"/>
                  <String HEIGHT="60"
                          WIDTH="142"
                          VPOS="848"
                          HPOS="639"
                          CONTENT="carnis."/>
                  <SP HEIGHT="60" WIDTH="13" VPOS="848" HPOS="781"/>
                  <String HEIGHT="60"
                          WIDTH="167"
                          VPOS="848"
                          HPOS="742"
                          CONTENT="similiter"/>
                  <SP HEIGHT="60" WIDTH="13" VPOS="848" HPOS="910"/>
                  <String HEIGHT="60" WIDTH="77" VPOS="848" HPOS="871" CONTENT="et"/>
                  <SP HEIGHT="60" WIDTH="13" VPOS="848" HPOS="948"/>
                  <String HEIGHT="60" WIDTH="77" VPOS="848" HPOS="910" CONTENT="in"/>
                  <SP HEIGHT="60" WIDTH="13" VPOS="848" HPOS="987"/>
                  <String HEIGHT="60"
                          WIDTH="116"
                          VPOS="848"
                          HPOS="948"
                          CONTENT="aliis"/>
                  <SP HEIGHT="60" WIDTH="13" VPOS="848" HPOS="1064"/>
                  <String HEIGHT="60"
                          WIDTH="116"
                          VPOS="848"
                          HPOS="1025"
                          CONTENT="rebus"/>
                  <SP HEIGHT="60" WIDTH="13" VPOS="848" HPOS="1141"/>
                  <String HEIGHT="60"
                          WIDTH="167"
                          VPOS="848"
                          HPOS="1090"
                          CONTENT="naturalibus"/>
               </TextLine>
               <TextLine ID="r2l17"
                         BASELINE="940"
                         HEIGHT="53"
                         WIDTH="1062"
                         VPOS="887"
                         HPOS="299">
                  <String HEIGHT="53"
                          WIDTH="101"
                          VPOS="887"
                          HPOS="286"
                          CONTENT="Unde"/>
                  <SP HEIGHT="53" WIDTH="13" VPOS="887" HPOS="387"/>
                  <String HEIGHT="53" WIDTH="76" VPOS="887" HPOS="350" CONTENT="in"/>
                  <SP HEIGHT="53" WIDTH="13" VPOS="887" HPOS="425"/>
                  <String HEIGHT="53"
                          WIDTH="190"
                          VPOS="887"
                          HPOS="388"
                          CONTENT="naturalibus"/>
                  <SP HEIGHT="53" WIDTH="13" VPOS="887" HPOS="577"/>
                  <String HEIGHT="53" WIDTH="89" VPOS="887" HPOS="539" CONTENT="est"/>
                  <SP HEIGHT="53" WIDTH="13" VPOS="887" HPOS="628"/>
                  <String HEIGHT="53"
                          WIDTH="101"
                          VPOS="887"
                          HPOS="590"
                          CONTENT="dare"/>
                  <SP HEIGHT="53" WIDTH="13" VPOS="887" HPOS="691"/>
                  <String HEIGHT="53"
                          WIDTH="139"
                          VPOS="887"
                          HPOS="653"
                          CONTENT="minimum"/>
                  <SP HEIGHT="53" WIDTH="13" VPOS="887" HPOS="792"/>
                  <String HEIGHT="53" WIDTH="76" VPOS="887" HPOS="754" CONTENT="et"/>
                  <SP HEIGHT="53" WIDTH="13" VPOS="887" HPOS="830"/>
                  <String HEIGHT="53"
                          WIDTH="152"
                          VPOS="887"
                          HPOS="792"
                          CONTENT="maximum."/>
                  <SP HEIGHT="53" WIDTH="13" VPOS="887" HPOS="944"/>
                  <String HEIGHT="53"
                          WIDTH="101"
                          VPOS="887"
                          HPOS="906"
                          CONTENT="quae"/>
                  <SP HEIGHT="53" WIDTH="13" VPOS="887" HPOS="1007"/>
                  <String HEIGHT="53" WIDTH="76" VPOS="887" HPOS="969" CONTENT="ad"/>
                  <SP HEIGHT="53" WIDTH="13" VPOS="887" HPOS="1045"/>
                  <String HEIGHT="53"
                          WIDTH="126"
                          VPOS="887"
                          HPOS="1007"
                          CONTENT="spenm."/>
                  <SP HEIGHT="53" WIDTH="13" VPOS="887" HPOS="1133"/>
                  <String HEIGHT="53"
                          WIDTH="114"
                          VPOS="887"
                          HPOS="1096"
                          CONTENT="licet"/>
                  <SP HEIGHT="53" WIDTH="13" VPOS="887" HPOS="1209"/>
                  <String HEIGHT="53" WIDTH="89" VPOS="887" HPOS="1171" CONTENT="non"/>
                  <SP HEIGHT="53" WIDTH="13" VPOS="887" HPOS="1260"/>
                  <String HEIGHT="53" WIDTH="76" VPOS="887" HPOS="1222" CONTENT="in"/>
                  <SP HEIGHT="53" WIDTH="13" VPOS="887" HPOS="1298"/>
                  <String HEIGHT="53"
                          WIDTH="114"
                          VPOS="887"
                          HPOS="1247"
                          CONTENT="ratione"/>
               </TextLine>
               <TextLine ID="r2l18"
                         BASELINE="986"
                         HEIGHT="49"
                         WIDTH="187"
                         VPOS="937"
                         HPOS="1171">
                  <String HEIGHT="49"
                          WIDTH="240"
                          VPOS="937"
                          HPOS="1118"
                          CONTENT="(tinui."/>
               </TextLine>
               <TextLine ID="line_1609205977143_290"
                         BASELINE="985"
                         HEIGHT="48"
                         WIDTH="855"
                         VPOS="937"
                         HPOS="275">
                  <String HEIGHT="48" WIDTH="78" VPOS="937" HPOS="262" CONTENT="Oe"/>
                  <SP HEIGHT="48" WIDTH="13" VPOS="937" HPOS="340"/>
                  <String HEIGHT="48"
                          WIDTH="130"
                          VPOS="937"
                          HPOS="301"
                          CONTENT="corpus"/>
                  <SP HEIGHT="48" WIDTH="13" VPOS="937" HPOS="430"/>
                  <String HEIGHT="48"
                          WIDTH="130"
                          VPOS="937"
                          HPOS="392"
                          CONTENT="finitu"/>
                  <SP HEIGHT="48" WIDTH="13" VPOS="937" HPOS="521"/>
                  <String HEIGHT="48" WIDTH="91" VPOS="937" HPOS="482" CONTENT="per"/>
                  <SP HEIGHT="48" WIDTH="13" VPOS="937" HPOS="573"/>
                  <String HEIGHT="48"
                          WIDTH="207"
                          VPOS="937"
                          HPOS="534"
                          CONTENT="depositionem"/>
                  <SP HEIGHT="48" WIDTH="13" VPOS="937" HPOS="741"/>
                  <String HEIGHT="48"
                          WIDTH="130"
                          VPOS="937"
                          HPOS="703"
                          CONTENT="alicus"/>
                  <SP HEIGHT="48" WIDTH="13" VPOS="937" HPOS="832"/>
                  <String HEIGHT="48"
                          WIDTH="220"
                          VPOS="937"
                          HPOS="793"
                          CONTENT="finitistandem"/>
                  <SP HEIGHT="48" WIDTH="13" VPOS="937" HPOS="1013"/>
                  <String HEIGHT="48"
                          WIDTH="168"
                          VPOS="937"
                          HPOS="962"
                          CONTENT="consumitur."/>
               </TextLine>
               <TextLine ID="r2l20"
                         BASELINE="1044"
                         HEIGHT="67"
                         WIDTH="1070"
                         VPOS="977"
                         HPOS="292">
                  <String HEIGHT="67"
                          WIDTH="145"
                          VPOS="977"
                          HPOS="278"
                          CONTENT="Melius"/>
                  <SP HEIGHT="67" WIDTH="14" VPOS="977" HPOS="422"/>
                  <String HEIGHT="67" WIDTH="101" VPOS="977" HPOS="379" CONTENT="est"/>
                  <SP HEIGHT="67" WIDTH="14" VPOS="977" HPOS="480"/>
                  <String HEIGHT="67"
                          WIDTH="145"
                          VPOS="977"
                          HPOS="437"
                          CONTENT="ponere"/>
                  <SP HEIGHT="67" WIDTH="14" VPOS="977" HPOS="581"/>
                  <String HEIGHT="67"
                          WIDTH="188"
                          VPOS="977"
                          HPOS="538"
                          CONTENT="principia"/>
                  <SP HEIGHT="67" WIDTH="14" VPOS="977" HPOS="726"/>
                  <String HEIGHT="67"
                          WIDTH="145"
                          VPOS="977"
                          HPOS="682"
                          CONTENT="finita"/>
                  <SP HEIGHT="67" WIDTH="14" VPOS="977" HPOS="827"/>
                  <String HEIGHT="67"
                          WIDTH="116"
                          VPOS="977"
                          HPOS="784"
                          CONTENT="quam"/>
                  <SP HEIGHT="67" WIDTH="14" VPOS="977" HPOS="899"/>
                  <String HEIGHT="67"
                          WIDTH="188"
                          VPOS="977"
                          HPOS="856"
                          CONTENT="infinita."/>
                  <SP HEIGHT="67" WIDTH="14" VPOS="977" HPOS="1044"/>
                  <String HEIGHT="67" WIDTH="87" VPOS="977" HPOS="1001" CONTENT="ex"/>
                  <SP HEIGHT="67" WIDTH="14" VPOS="977" HPOS="1087"/>
                  <String HEIGHT="67"
                          WIDTH="101"
                          VPOS="977"
                          HPOS="1044"
                          CONTENT="quo"/>
                  <SP HEIGHT="67" WIDTH="14" VPOS="977" HPOS="1145"/>
                  <String HEIGHT="67"
                          WIDTH="159"
                          VPOS="977"
                          HPOS="1102"
                          CONTENT="habtur."/>
                  <SP HEIGHT="67" WIDTH="14" VPOS="977" HPOS="1261"/>
                  <String HEIGHT="67"
                          WIDTH="116"
                          VPOS="977"
                          HPOS="1217"
                          CONTENT="quod"/>
                  <SP HEIGHT="67" WIDTH="14" VPOS="977" HPOS="1333"/>
                  <String HEIGHT="67"
                          WIDTH="87"
                          VPOS="977"
                          HPOS="1275"
                          CONTENT="pec"
                          SUBS_TYPE="HypPart1"
                          SUBS_CONTENT="peccatum"/>
                  <HYP CONTENT="-"/>
               </TextLine>
               <TextLine ID="r2l21"
                         BASELINE="1082"
                         HEIGHT="53"
                         WIDTH="727"
                         VPOS="1029"
                         HPOS="298">
                  <String HEIGHT="53"
                          WIDTH="117"
                          VPOS="1029"
                          HPOS="285"
                          CONTENT="catum"
                          SUBS_TYPE="HypPart2"
                          SUBS_CONTENT="peccatum"/>
                  <SP HEIGHT="53" WIDTH="13" VPOS="1029" HPOS="402"/>
                  <String HEIGHT="53" WIDTH="91" VPOS="1029" HPOS="363" CONTENT="est"/>
                  <SP HEIGHT="53" WIDTH="13" VPOS="1029" HPOS="454"/>
                  <String HEIGHT="53"
                          WIDTH="117"
                          VPOS="1029"
                          HPOS="415"
                          CONTENT="fieri"/>
                  <SP HEIGHT="53" WIDTH="13" VPOS="1029" HPOS="532"/>
                  <String HEIGHT="53" WIDTH="91" VPOS="1029" HPOS="493" CONTENT="per"/>
                  <SP HEIGHT="53" WIDTH="13" VPOS="1029" HPOS="584"/>
                  <String HEIGHT="53"
                          WIDTH="117"
                          VPOS="1029"
                          HPOS="545"
                          CONTENT="plura"/>
                  <SP HEIGHT="53" WIDTH="13" VPOS="1029" HPOS="662"/>
                  <String HEIGHT="53"
                          WIDTH="104"
                          VPOS="1029"
                          HPOS="623"
                          CONTENT="quid"/>
                  <SP HEIGHT="53" WIDTH="13" VPOS="1029" HPOS="726"/>
                  <String HEIGHT="53"
                          WIDTH="130"
                          VPOS="1029"
                          HPOS="687"
                          CONTENT="potest"/>
                  <SP HEIGHT="53" WIDTH="13" VPOS="1029" HPOS="817"/>
                  <String HEIGHT="53"
                          WIDTH="117"
                          VPOS="1029"
                          HPOS="778"
                          CONTENT="fieri"/>
                  <SP HEIGHT="53" WIDTH="13" VPOS="1029" HPOS="895"/>
                  <String HEIGHT="53" WIDTH="91" VPOS="1029" HPOS="856" CONTENT="per"/>
                  <SP HEIGHT="53" WIDTH="13" VPOS="1029" HPOS="947"/>
                  <String HEIGHT="53"
                          WIDTH="130"
                          VPOS="1029"
                          HPOS="895"
                          CONTENT="pauciora"/>
               </TextLine>
               <TextLine ID="r2l22"
                         BASELINE="1131"
                         HEIGHT="80"
                         WIDTH="1066"
                         VPOS="1051"
                         HPOS="292">
                  <String HEIGHT="80"
                          WIDTH="178"
                          VPOS="1051"
                          HPOS="279"
                          CONTENT="Uniuersale"/>
                  <SP HEIGHT="80" WIDTH="13" VPOS="1051" HPOS="457"/>
                  <String HEIGHT="80"
                          WIDTH="152"
                          VPOS="1051"
                          HPOS="419"
                          CONTENT="secundum"/>
                  <SP HEIGHT="80" WIDTH="13" VPOS="1051" HPOS="571"/>
                  <String HEIGHT="80"
                          WIDTH="190"
                          VPOS="1051"
                          HPOS="533"
                          CONTENT="intellectum"/>
                  <SP HEIGHT="80" WIDTH="13" VPOS="1051" HPOS="723"/>
                  <String HEIGHT="80"
                          WIDTH="127"
                          VPOS="1051"
                          HPOS="685"
                          CONTENT="notius"/>
                  <SP HEIGHT="80" WIDTH="13" VPOS="1051" HPOS="812"/>
                  <String HEIGHT="80" WIDTH="89" VPOS="1051" HPOS="774" CONTENT="est"/>
                  <SP HEIGHT="80" WIDTH="13" VPOS="1051" HPOS="863"/>
                  <String HEIGHT="80"
                          WIDTH="190"
                          VPOS="1051"
                          HPOS="825"
                          CONTENT="particulare"/>
                  <SP HEIGHT="80" WIDTH="13" VPOS="1051" HPOS="1015"/>
                  <String HEIGHT="80"
                          WIDTH="152"
                          VPOS="1051"
                          HPOS="977"
                          CONTENT="secundum"/>
                  <SP HEIGHT="80" WIDTH="13" VPOS="1051" HPOS="1130"/>
                  <String HEIGHT="80"
                          WIDTH="140"
                          VPOS="1051"
                          HPOS="1092"
                          CONTENT="sensum."/>
                  <SP HEIGHT="80" WIDTH="13" VPOS="1051" HPOS="1231"/>
                  <String HEIGHT="80"
                          WIDTH="102"
                          VPOS="1051"
                          HPOS="1193"
                          CONTENT="vnie"/>
                  <SP HEIGHT="80" WIDTH="13" VPOS="1051" HPOS="1295"/>
                  <String HEIGHT="80"
                          WIDTH="114"
                          VPOS="1051"
                          HPOS="1244"
                          CONTENT="comuni"
                          SUBS_TYPE="HypPart1"
                          SUBS_CONTENT="comuniter"/>
                  <HYP CONTENT="-"/>
               </TextLine>
               <TextLine ID="r2l23"
                         BASELINE="1159"
                         HEIGHT="53"
                         WIDTH="707"
                         VPOS="1106"
                         HPOS="296">
                  <String HEIGHT="53"
                          WIDTH="79"
                          VPOS="1106"
                          HPOS="285"
                          CONTENT="ter"
                          SUBS_TYPE="HypPart2"
                          SUBS_CONTENT="comuniter"/>
                  <SP HEIGHT="53" WIDTH="11" VPOS="1106" HPOS="363"/>
                  <String HEIGHT="53"
                          WIDTH="112"
                          VPOS="1106"
                          HPOS="330"
                          CONTENT="dicitu"/>
                  <SP HEIGHT="53" WIDTH="11" VPOS="1106" HPOS="442"/>
                  <String HEIGHT="53"
                          WIDTH="135"
                          VPOS="1106"
                          HPOS="408"
                          CONTENT="niversae"/>
                  <SP HEIGHT="53" WIDTH="11" VPOS="1106" HPOS="543"/>
                  <String HEIGHT="53" WIDTH="79" VPOS="1106" HPOS="509" CONTENT="dum"/>
                  <SP HEIGHT="53" WIDTH="11" VPOS="1106" HPOS="588"/>
                  <String HEIGHT="53"
                          WIDTH="191"
                          VPOS="1106"
                          HPOS="554"
                          CONTENT="intelligitur."/>
                  <SP HEIGHT="53" WIDTH="11" VPOS="1106" HPOS="745"/>
                  <String HEIGHT="53"
                          WIDTH="168"
                          VPOS="1106"
                          HPOS="711"
                          CONTENT="particulare"/>
                  <SP HEIGHT="53" WIDTH="11" VPOS="1106" HPOS="880"/>
                  <String HEIGHT="53" WIDTH="79" VPOS="1106" HPOS="846" CONTENT="dum"/>
                  <SP HEIGHT="53" WIDTH="11" VPOS="1106" HPOS="924"/>
                  <String HEIGHT="53"
                          WIDTH="123"
                          VPOS="1106"
                          HPOS="880"
                          CONTENT="sentitur."/>
               </TextLine>
               <TextLine ID="r2l24"
                         BASELINE="1212"
                         HEIGHT="52"
                         WIDTH="411"
                         VPOS="1160"
                         HPOS="298">
                  <String HEIGHT="52"
                          WIDTH="132"
                          VPOS="1160"
                          HPOS="283"
                          CONTENT="Nihil"/>
                  <SP HEIGHT="52" WIDTH="15" VPOS="1160" HPOS="415"/>
                  <String HEIGHT="52"
                          WIDTH="103"
                          VPOS="1160"
                          HPOS="371"
                          CONTENT="est"/>
                  <SP HEIGHT="52" WIDTH="15" VPOS="1160" HPOS="474"/>
                  <String HEIGHT="52"
                          WIDTH="161"
                          VPOS="1160"
                          HPOS="430"
                          CONTENT="sibupsi"/>
                  <SP HEIGHT="52" WIDTH="15" VPOS="1160" HPOS="592"/>
                  <String HEIGHT="52"
                          WIDTH="176"
                          VPOS="1160"
                          HPOS="533"
                          CONTENT="contrarium"/>
               </TextLine>
               <TextLine ID="r2l25"
                         BASELINE="1245"
                         HEIGHT="75"
                         WIDTH="1023"
                         VPOS="1170"
                         HPOS="294">
                  <String HEIGHT="75"
                          WIDTH="142"
                          VPOS="1170"
                          HPOS="281"
                          CONTENT="Materia"/>
                  <SP HEIGHT="75" WIDTH="13" VPOS="1170" HPOS="423"/>
                  <String HEIGHT="75" WIDTH="91" VPOS="1170" HPOS="385" CONTENT="non"/>
                  <SP HEIGHT="75" WIDTH="13" VPOS="1170" HPOS="475"/>
                  <String HEIGHT="75"
                          WIDTH="207"
                          VPOS="1170"
                          HPOS="436"
                          CONTENT="congnoscitur"/>
                  <SP HEIGHT="75" WIDTH="13" VPOS="1170" HPOS="644"/>
                  <String HEIGHT="75"
                          WIDTH="104"
                          VPOS="1170"
                          HPOS="605"
                          CONTENT="nisi"/>
                  <SP HEIGHT="75" WIDTH="13" VPOS="1170" HPOS="708"/>
                  <String HEIGHT="75" WIDTH="91" VPOS="1170" HPOS="670" CONTENT="per"/>
                  <SP HEIGHT="75" WIDTH="13" VPOS="1170" HPOS="760"/>
                  <String HEIGHT="75"
                          WIDTH="168"
                          VPOS="1170"
                          HPOS="721"
                          CONTENT="analogiam"/>
                  <SP HEIGHT="75" WIDTH="13" VPOS="1170" HPOS="890"/>
                  <String HEIGHT="75" WIDTH="78" VPOS="1170" HPOS="851" CONTENT="id"/>
                  <SP HEIGHT="75" WIDTH="13" VPOS="1170" HPOS="929"/>
                  <String HEIGHT="75" WIDTH="91" VPOS="1170" HPOS="890" CONTENT="est"/>
                  <SP HEIGHT="75" WIDTH="13" VPOS="1170" HPOS="980"/>
                  <String HEIGHT="75" WIDTH="91" VPOS="1170" HPOS="941" CONTENT="per"/>
                  <SP HEIGHT="75" WIDTH="13" VPOS="1170" HPOS="1032"/>
                  <String HEIGHT="75"
                          WIDTH="220"
                          VPOS="1170"
                          HPOS="993"
                          CONTENT="comparationem"/>
                  <SP HEIGHT="75" WIDTH="13" VPOS="1170" HPOS="1213"/>
                  <String HEIGHT="75" WIDTH="78" VPOS="1170" HPOS="1175" CONTENT="ad"/>
                  <SP HEIGHT="75" WIDTH="13" VPOS="1170" HPOS="1252"/>
                  <String HEIGHT="75"
                          WIDTH="117"
                          VPOS="1170"
                          HPOS="1200"
                          CONTENT="formam."/>
               </TextLine>
               <TextLine ID="r2l26"
                         BASELINE="1301"
                         HEIGHT="71"
                         WIDTH="1069"
                         VPOS="1230"
                         HPOS="293">
                  <String HEIGHT="71"
                          WIDTH="137"
                          VPOS="1230"
                          HPOS="281"
                          CONTENT="Materia"/>
                  <SP HEIGHT="71" WIDTH="12" VPOS="1230" HPOS="417"/>
                  <String HEIGHT="71" WIDTH="87" VPOS="1230" HPOS="380" CONTENT="cum"/>
                  <SP HEIGHT="71" WIDTH="12" VPOS="1230" HPOS="467"/>
                  <String HEIGHT="71"
                          WIDTH="112"
                          VPOS="1230"
                          HPOS="430"
                          CONTENT="forma"/>
                  <SP HEIGHT="71" WIDTH="12" VPOS="1230" HPOS="542"/>
                  <String HEIGHT="71" WIDTH="87" VPOS="1230" HPOS="504" CONTENT="est"/>
                  <SP HEIGHT="71" WIDTH="12" VPOS="1230" HPOS="591"/>
                  <String HEIGHT="71"
                          WIDTH="112"
                          VPOS="1230"
                          HPOS="554"
                          CONTENT="causa"/>
                  <SP HEIGHT="71" WIDTH="12" VPOS="1230" HPOS="666"/>
                  <String HEIGHT="71"
                          WIDTH="112"
                          VPOS="1230"
                          HPOS="629"
                          CONTENT="omnim"/>
                  <SP HEIGHT="71" WIDTH="12" VPOS="1230" HPOS="740"/>
                  <String HEIGHT="71"
                          WIDTH="112"
                          VPOS="1230"
                          HPOS="703"
                          CONTENT="rerum"/>
                  <SP HEIGHT="71" WIDTH="12" VPOS="1230" HPOS="815"/>
                  <String HEIGHT="71"
                          WIDTH="99"
                          VPOS="1230"
                          HPOS="778"
                          CONTENT="quai"/>
                  <SP HEIGHT="71" WIDTH="12" VPOS="1230" HPOS="877"/>
                  <String HEIGHT="71"
                          WIDTH="124"
                          VPOS="1230"
                          HPOS="840"
                          CONTENT="fiunt."/>
                  <SP HEIGHT="71" WIDTH="12" VPOS="1230" HPOS="964"/>
                  <String HEIGHT="71"
                          WIDTH="112"
                          VPOS="1230"
                          HPOS="927"
                          CONTENT="sicut"/>
                  <SP HEIGHT="71" WIDTH="12" VPOS="1230" HPOS="1039"/>
                  <String HEIGHT="71"
                          WIDTH="112"
                          VPOS="1230"
                          HPOS="1002"
                          CONTENT="mater"/>
                  <SP HEIGHT="71" WIDTH="12" VPOS="1230" HPOS="1113"/>
                  <String HEIGHT="71" WIDTH="75" VPOS="1230" HPOS="1076" CONTENT="id"/>
                  <SP HEIGHT="71" WIDTH="12" VPOS="1230" HPOS="1151"/>
                  <String HEIGHT="71"
                          WIDTH="87"
                          VPOS="1230"
                          HPOS="1113"
                          CONTENT="est"/>
                  <SP HEIGHT="71" WIDTH="12" VPOS="1230" HPOS="1200"/>
                  <String HEIGHT="71"
                          WIDTH="174"
                          VPOS="1230"
                          HPOS="1163"
                          CONTENT="substantia"/>
                  <SP HEIGHT="71" WIDTH="12" VPOS="1230" HPOS="1337"/>
                  <String HEIGHT="71"
                          WIDTH="75"
                          VPOS="1230"
                          HPOS="1287"
                          CONTENT="cons"/>
               </TextLine>
               <TextLine ID="r2l27"
                         BASELINE="1339"
                         HEIGHT="54"
                         WIDTH="481"
                         VPOS="1285"
                         HPOS="295">
                  <String HEIGHT="54"
                          WIDTH="137"
                          VPOS="1285"
                          HPOS="281"
                          CONTENT="posita"/>
                  <SP HEIGHT="54" WIDTH="14" VPOS="1285" HPOS="419"/>
                  <String HEIGHT="54" WIDTH="96" VPOS="1285" HPOS="377" CONTENT="est"/>
                  <SP HEIGHT="54" WIDTH="14" VPOS="1285" HPOS="474"/>
                  <String HEIGHT="54"
                          WIDTH="124"
                          VPOS="1285"
                          HPOS="432"
                          CONTENT="causa"/>
                  <SP HEIGHT="54" WIDTH="14" VPOS="1285" HPOS="556"/>
                  <String HEIGHT="54"
                          WIDTH="124"
                          VPOS="1285"
                          HPOS="515"
                          CONTENT="omnim"/>
                  <SP HEIGHT="54" WIDTH="14" VPOS="1285" HPOS="639"/>
                  <String HEIGHT="54"
                          WIDTH="192"
                          VPOS="1285"
                          HPOS="584"
                          CONTENT="accidentium."/>
               </TextLine>
               <TextLine ID="r2l28"
                         BASELINE="1375"
                         HEIGHT="63"
                         WIDTH="719"
                         VPOS="1312"
                         HPOS="301">
                  <String HEIGHT="63"
                          WIDTH="135"
                          VPOS="1312"
                          HPOS="286"
                          CONTENT="forma"/>
                  <SP HEIGHT="63" WIDTH="15" VPOS="1312" HPOS="421"/>
                  <String HEIGHT="63"
                          WIDTH="105"
                          VPOS="1312"
                          HPOS="376"
                          CONTENT="est"/>
                  <SP HEIGHT="63" WIDTH="15" VPOS="1312" HPOS="481"/>
                  <String HEIGHT="63"
                          WIDTH="165"
                          VPOS="1312"
                          HPOS="436"
                          CONTENT="diuinum"/>
                  <SP HEIGHT="63" WIDTH="15" VPOS="1312" HPOS="601"/>
                  <String HEIGHT="63"
                          WIDTH="180"
                          VPOS="1312"
                          HPOS="556"
                          CONTENT="quiddam."/>
                  <SP HEIGHT="63" WIDTH="15" VPOS="1312" HPOS="735"/>
                  <String HEIGHT="63"
                          WIDTH="165"
                          VPOS="1312"
                          HPOS="690"
                          CONTENT="optimum"/>
                  <SP HEIGHT="63" WIDTH="15" VPOS="1312" HPOS="855"/>
                  <String HEIGHT="63" WIDTH="90" VPOS="1312" HPOS="810" CONTENT="et"/>
                  <SP HEIGHT="63" WIDTH="15" VPOS="1312" HPOS="900"/>
                  <String HEIGHT="63"
                          WIDTH="180"
                          VPOS="1312"
                          HPOS="840"
                          CONTENT="appetibile"/>
               </TextLine>
               <TextLine ID="r2l29"
                         BASELINE="1417"
                         HEIGHT="46"
                         WIDTH="907"
                         VPOS="1371"
                         HPOS="297">
                  <String HEIGHT="46"
                          WIDTH="172"
                          VPOS="1371"
                          HPOS="281"
                          CONTENT="Materia"/>
                  <SP HEIGHT="46" WIDTH="16" VPOS="1371" HPOS="453"/>
                  <String HEIGHT="46"
                          WIDTH="172"
                          VPOS="1371"
                          HPOS="406"
                          CONTENT="appetit"/>
                  <SP HEIGHT="46" WIDTH="16" VPOS="1371" HPOS="578"/>
                  <String HEIGHT="46"
                          WIDTH="172"
                          VPOS="1371"
                          HPOS="532"
                          CONTENT="formam."/>
                  <SP HEIGHT="46" WIDTH="16" VPOS="1371" HPOS="704"/>
                  <String HEIGHT="46"
                          WIDTH="141"
                          VPOS="1371"
                          HPOS="657"
                          CONTENT="sicut"/>
                  <SP HEIGHT="46" WIDTH="16" VPOS="1371" HPOS="797"/>
                  <String HEIGHT="46"
                          WIDTH="156"
                          VPOS="1371"
                          HPOS="751"
                          CONTENT="femina"/>
                  <SP HEIGHT="46" WIDTH="16" VPOS="1371" HPOS="907"/>
                  <String HEIGHT="46"
                          WIDTH="156"
                          VPOS="1371"
                          HPOS="860"
                          CONTENT="virum."/>
                  <SP HEIGHT="46" WIDTH="16" VPOS="1371" HPOS="1016"/>
                  <String HEIGHT="46" WIDTH="94" VPOS="1371" HPOS="969" CONTENT="et"/>
                  <SP HEIGHT="46" WIDTH="16" VPOS="1371" HPOS="1063"/>
                  <String HEIGHT="46"
                          WIDTH="141"
                          VPOS="1371"
                          HPOS="1016"
                          CONTENT="turpe"/>
                  <SP HEIGHT="46" WIDTH="16" VPOS="1371" HPOS="1157"/>
                  <String HEIGHT="46"
                          WIDTH="109"
                          VPOS="1371"
                          HPOS="1095"
                          CONTENT="bonum"/>
               </TextLine>
               <TextLine ID="r2l30"
                         BASELINE="1452"
                         HEIGHT="50"
                         WIDTH="879"
                         VPOS="1402"
                         HPOS="301">
                  <String HEIGHT="50"
                          WIDTH="182"
                          VPOS="1402"
                          HPOS="286"
                          CONTENT="Priuatio"/>
                  <SP HEIGHT="50" WIDTH="15" VPOS="1402" HPOS="468"/>
                  <String HEIGHT="50"
                          WIDTH="106"
                          VPOS="1402"
                          HPOS="422"
                          CONTENT="que"/>
                  <SP HEIGHT="50" WIDTH="15" VPOS="1402" HPOS="528"/>
                  <String HEIGHT="50"
                          WIDTH="106"
                          VPOS="1402"
                          HPOS="483"
                          CONTENT="est"/>
                  <SP HEIGHT="50" WIDTH="15" VPOS="1402" HPOS="589"/>
                  <String HEIGHT="50" WIDTH="91" VPOS="1402" HPOS="543" CONTENT="in"/>
                  <SP HEIGHT="50" WIDTH="15" VPOS="1402" HPOS="634"/>
                  <String HEIGHT="50"
                          WIDTH="167"
                          VPOS="1402"
                          HPOS="589"
                          CONTENT="materia"/>
                  <SP HEIGHT="50" WIDTH="15" VPOS="1402" HPOS="756"/>
                  <String HEIGHT="50"
                          WIDTH="212"
                          VPOS="1402"
                          HPOS="710"
                          CONTENT="machinatur"/>
                  <SP HEIGHT="50" WIDTH="15" VPOS="1402" HPOS="922"/>
                  <String HEIGHT="50" WIDTH="91" VPOS="1402" HPOS="877" CONTENT="in"/>
                  <SP HEIGHT="50" WIDTH="15" VPOS="1402" HPOS="968"/>
                  <String HEIGHT="50"
                          WIDTH="212"
                          VPOS="1402"
                          HPOS="922"
                          CONTENT="maleficium"/>
                  <SP HEIGHT="50" WIDTH="15" VPOS="1402" HPOS="1135"/>
                  <String HEIGHT="50"
                          WIDTH="106"
                          VPOS="1402"
                          HPOS="1074"
                          CONTENT="forme"/>
               </TextLine>
               <TextLine ID="r2l31"
                         BASELINE="1515"
                         HEIGHT="86"
                         WIDTH="1056"
                         VPOS="1429"
                         HPOS="311">
                  <String HEIGHT="86"
                          WIDTH="117"
                          VPOS="1429"
                          HPOS="298"
                          CONTENT="Nihil"/>
                  <SP HEIGHT="86" WIDTH="13" VPOS="1429" HPOS="415"/>
                  <String HEIGHT="86"
                          WIDTH="143"
                          VPOS="1429"
                          HPOS="376"
                          CONTENT="appetit"/>
                  <SP HEIGHT="86" WIDTH="13" VPOS="1429" HPOS="520"/>
                  <String HEIGHT="86"
                          WIDTH="117"
                          VPOS="1429"
                          HPOS="480"
                          CONTENT="illud"/>
                  <SP HEIGHT="86" WIDTH="13" VPOS="1429" HPOS="598"/>
                  <String HEIGHT="86"
                          WIDTH="104"
                          VPOS="1429"
                          HPOS="559"
                          CONTENT="quod"/>
                  <SP HEIGHT="86" WIDTH="13" VPOS="1429" HPOS="663"/>
                  <String HEIGHT="86" WIDTH="78" VPOS="1429" HPOS="624" CONTENT="in"/>
                  <SP HEIGHT="86" WIDTH="13" VPOS="1429" HPOS="702"/>
                  <String HEIGHT="86" WIDTH="78" VPOS="1429" HPOS="663" CONTENT="se"/>
                  <SP HEIGHT="86" WIDTH="13" VPOS="1429" HPOS="741"/>
                  <String HEIGHT="86"
                          WIDTH="117"
                          VPOS="1429"
                          HPOS="702"
                          CONTENT="habet"/>
                  <SP HEIGHT="86" WIDTH="13" VPOS="1429" HPOS="819"/>
                  <String HEIGHT="86"
                          WIDTH="117"
                          VPOS="1429"
                          HPOS="780"
                          CONTENT="Nihil"/>
                  <SP HEIGHT="86" WIDTH="13" VPOS="1429" HPOS="898"/>
                  <String HEIGHT="86"
                          WIDTH="143"
                          VPOS="1429"
                          HPOS="859"
                          CONTENT="appetit"/>
                  <SP HEIGHT="86" WIDTH="13" VPOS="1429" HPOS="1002"/>
                  <String HEIGHT="86"
                          WIDTH="117"
                          VPOS="1429"
                          HPOS="963"
                          CONTENT="illud"/>
                  <SP HEIGHT="86" WIDTH="13" VPOS="1429" HPOS="1080"/>
                  <String HEIGHT="86"
                          WIDTH="104"
                          VPOS="1429"
                          HPOS="1041"
                          CONTENT="quod"/>
                  <SP HEIGHT="86" WIDTH="13" VPOS="1429" HPOS="1145"/>
                  <String HEIGHT="86"
                          WIDTH="104"
                          VPOS="1429"
                          HPOS="1106"
                          CONTENT="sibi"/>
                  <SP HEIGHT="86" WIDTH="13" VPOS="1429" HPOS="1211"/>
                  <String HEIGHT="86"
                          WIDTH="91"
                          VPOS="1429"
                          HPOS="1171"
                          CONTENT="est"/>
                  <SP HEIGHT="86" WIDTH="13" VPOS="1429" HPOS="1263"/>
                  <String HEIGHT="86"
                          WIDTH="156"
                          VPOS="1429"
                          HPOS="1211"
                          CONTENT="contrarium"/>
               </TextLine>
               <TextLine ID="r2l32"
                         BASELINE="1539"
                         HEIGHT="48"
                         WIDTH="600"
                         VPOS="1491"
                         HPOS="303">
                  <String HEIGHT="48"
                          WIDTH="138"
                          VPOS="1491"
                          HPOS="288"
                          CONTENT="Omnis"/>
                  <SP HEIGHT="48" WIDTH="15" VPOS="1491" HPOS="426"/>
                  <String HEIGHT="48"
                          WIDTH="200"
                          VPOS="1491"
                          HPOS="380"
                          CONTENT="resolutio"/>
                  <SP HEIGHT="48" WIDTH="15" VPOS="1491" HPOS="580"/>
                  <String HEIGHT="48"
                          WIDTH="123"
                          VPOS="1491"
                          HPOS="534"
                          CONTENT="stat"/>
                  <SP HEIGHT="48" WIDTH="15" VPOS="1491" HPOS="657"/>
                  <String HEIGHT="48" WIDTH="92" VPOS="1491" HPOS="611" CONTENT="ad"/>
                  <SP HEIGHT="48" WIDTH="15" VPOS="1491" HPOS="703"/>
                  <String HEIGHT="48"
                          WIDTH="185"
                          VPOS="1491"
                          HPOS="657"
                          CONTENT="materiam"/>
                  <SP HEIGHT="48" WIDTH="15" VPOS="1491" HPOS="841"/>
                  <String HEIGHT="48"
                          WIDTH="123"
                          VPOS="1491"
                          HPOS="780"
                          CONTENT="primam"/>
               </TextLine>
               <TextLine ID="r2l33"
                         BASELINE="1585"
                         HEIGHT="60"
                         WIDTH="865"
                         VPOS="1525"
                         HPOS="293">
                  <String HEIGHT="60"
                          WIDTH="134"
                          VPOS="1525"
                          HPOS="281"
                          CONTENT="Materia"/>
                  <SP HEIGHT="60" WIDTH="12" VPOS="1525" HPOS="415"/>
                  <String HEIGHT="60"
                          WIDTH="146"
                          VPOS="1525"
                          HPOS="378"
                          CONTENT="secundum"/>
                  <SP HEIGHT="60" WIDTH="12" VPOS="1525" HPOS="524"/>
                  <String HEIGHT="60" WIDTH="73" VPOS="1525" HPOS="488" CONTENT="se"/>
                  <SP HEIGHT="60" WIDTH="12" VPOS="1525" HPOS="561"/>
                  <String HEIGHT="60"
                          WIDTH="134"
                          VPOS="1525"
                          HPOS="524"
                          CONTENT="dicitur"/>
                  <SP HEIGHT="60" WIDTH="12" VPOS="1525" HPOS="658"/>
                  <String HEIGHT="60" WIDTH="73" VPOS="1525" HPOS="622" CONTENT="ex"/>
                  <SP HEIGHT="60" WIDTH="12" VPOS="1525" HPOS="695"/>
                  <String HEIGHT="60" WIDTH="85" VPOS="1525" HPOS="658" CONTENT="qua"/>
                  <SP HEIGHT="60" WIDTH="12" VPOS="1525" HPOS="744"/>
                  <String HEIGHT="60"
                          WIDTH="158"
                          VPOS="1525"
                          HPOS="707"
                          CONTENT="fitamliud"/>
                  <SP HEIGHT="60" WIDTH="12" VPOS="1525" HPOS="866"/>
                  <String HEIGHT="60" WIDTH="85" VPOS="1525" HPOS="829" CONTENT="per"/>
                  <SP HEIGHT="60" WIDTH="12" VPOS="1525" HPOS="914"/>
                  <String HEIGHT="60" WIDTH="73" VPOS="1525" HPOS="878" CONTENT="se"/>
                  <SP HEIGHT="60" WIDTH="12" VPOS="1525" HPOS="951"/>
                  <String HEIGHT="60" WIDTH="73" VPOS="1525" HPOS="914" CONTENT="et"/>
                  <SP HEIGHT="60" WIDTH="12" VPOS="1525" HPOS="987"/>
                  <String HEIGHT="60" WIDTH="85" VPOS="1525" HPOS="951" CONTENT="non"/>
                  <SP HEIGHT="60" WIDTH="12" VPOS="1525" HPOS="1036"/>
                  <String HEIGHT="60"
                          WIDTH="85"
                          VPOS="1525"
                          HPOS="1000"
                          CONTENT="per"/>
                  <SP HEIGHT="60" WIDTH="12" VPOS="1525" HPOS="1085"/>
                  <String HEIGHT="60"
                          WIDTH="122"
                          VPOS="1525"
                          HPOS="1036"
                          CONTENT="accidens"/>
               </TextLine>
               <TextLine ID="r2l34"
                         BASELINE="1627"
                         HEIGHT="53"
                         WIDTH="637"
                         VPOS="1574"
                         HPOS="498">
                  <String HEIGHT="53" WIDTH="88" VPOS="1574" HPOS="480" CONTENT=""/>
                  <SP HEIGHT="53" WIDTH="18" VPOS="1574" HPOS="569"/>
                  <String HEIGHT="53"
                          WIDTH="265"
                          VPOS="1574"
                          HPOS="516"
                          CONTENT="Commentator"/>
                  <SP HEIGHT="53" WIDTH="18" VPOS="1574" HPOS="781"/>
                  <String HEIGHT="53" WIDTH="106" VPOS="1574" HPOS="728" CONTENT="in"/>
                  <SP HEIGHT="53" WIDTH="18" VPOS="1574" HPOS="834"/>
                  <String HEIGHT="53"
                          WIDTH="195"
                          VPOS="1574"
                          HPOS="781"
                          CONTENT="prologo"/>
                  <SP HEIGHT="53" WIDTH="18" VPOS="1574" HPOS="976"/>
                  <String HEIGHT="53"
                          WIDTH="159"
                          VPOS="1574"
                          HPOS="923"
                          CONTENT="huius"/>
                  <SP HEIGHT="53" WIDTH="18" VPOS="1574" HPOS="1082"/>
                  <String HEIGHT="53"
                          WIDTH="124"
                          VPOS="1574"
                          HPOS="1011"
                          CONTENT="libri"/>
               </TextLine>
               <TextLine ID="r2l35"
                         BASELINE="1673"
                         HEIGHT="58"
                         WIDTH="1055"
                         VPOS="1615"
                         HPOS="308">
                  <String HEIGHT="58"
                          WIDTH="132"
                          VPOS="1615"
                          HPOS="295"
                          CONTENT="Vltima"/>
                  <SP HEIGHT="58" WIDTH="13" VPOS="1615" HPOS="427"/>
                  <String HEIGHT="58"
                          WIDTH="171"
                          VPOS="1615"
                          HPOS="387"
                          CONTENT="perfectio"/>
                  <SP HEIGHT="58" WIDTH="13" VPOS="1615" HPOS="559"/>
                  <String HEIGHT="58"
                          WIDTH="145"
                          VPOS="1615"
                          HPOS="519"
                          CONTENT="hominis"/>
                  <SP HEIGHT="58" WIDTH="13" VPOS="1615" HPOS="664"/>
                  <String HEIGHT="58" WIDTH="92" VPOS="1615" HPOS="625" CONTENT="est"/>
                  <SP HEIGHT="58" WIDTH="13" VPOS="1615" HPOS="717"/>
                  <String HEIGHT="58" WIDTH="79" VPOS="1615" HPOS="677" CONTENT="vt"/>
                  <SP HEIGHT="58" WIDTH="13" VPOS="1615" HPOS="756"/>
                  <String HEIGHT="58" WIDTH="92" VPOS="1615" HPOS="717" CONTENT="sit"/>
                  <SP HEIGHT="58" WIDTH="13" VPOS="1615" HPOS="809"/>
                  <String HEIGHT="58"
                          WIDTH="171"
                          VPOS="1615"
                          HPOS="770"
                          CONTENT="perfectus"/>
                  <SP HEIGHT="58" WIDTH="13" VPOS="1615" HPOS="941"/>
                  <String HEIGHT="58" WIDTH="92" VPOS="1615" HPOS="901" CONTENT="per"/>
                  <SP HEIGHT="58" WIDTH="13" VPOS="1615" HPOS="994"/>
                  <String HEIGHT="58"
                          WIDTH="171"
                          VPOS="1615"
                          HPOS="954"
                          CONTENT="scientias"/>
                  <SP HEIGHT="58" WIDTH="13" VPOS="1615" HPOS="1126"/>
                  <String HEIGHT="58"
                          WIDTH="224"
                          VPOS="1615"
                          HPOS="1086"
                          CONTENT="speculatiuas."/>
                  <SP HEIGHT="58" WIDTH="13" VPOS="1615" HPOS="1310"/>
                  <String HEIGHT="58" WIDTH="79" VPOS="1615" HPOS="1271" CONTENT="et"/>
                  <SP HEIGHT="58" WIDTH="13" VPOS="1615" HPOS="1350"/>
                  <String HEIGHT="58"
                          WIDTH="66"
                          VPOS="1615"
                          HPOS="1297"
                          CONTENT="hoc"/>
               </TextLine>
               <TextLine ID="r2l36"
                         BASELINE="1712"
                         HEIGHT="53"
                         WIDTH="604"
                         VPOS="1659"
                         HPOS="299">
                  <String HEIGHT="53"
                          WIDTH="101"
                          VPOS="1659"
                          HPOS="285"
                          CONTENT="est"/>
                  <SP HEIGHT="53" WIDTH="14" VPOS="1659" HPOS="385"/>
                  <String HEIGHT="53"
                          WIDTH="115"
                          VPOS="1659"
                          HPOS="342"
                          CONTENT="sibi"/>
                  <SP HEIGHT="53" WIDTH="14" VPOS="1659" HPOS="457"/>
                  <String HEIGHT="53"
                          WIDTH="144"
                          VPOS="1659"
                          HPOS="414"
                          CONTENT="vltima"/>
                  <SP HEIGHT="53" WIDTH="14" VPOS="1659" HPOS="558"/>
                  <String HEIGHT="53"
                          WIDTH="187"
                          VPOS="1659"
                          HPOS="515"
                          CONTENT="felicitas"/>
                  <SP HEIGHT="53" WIDTH="14" VPOS="1659" HPOS="702"/>
                  <String HEIGHT="53" WIDTH="86" VPOS="1659" HPOS="659" CONTENT="et"/>
                  <SP HEIGHT="53" WIDTH="14" VPOS="1659" HPOS="745"/>
                  <String HEIGHT="53"
                          WIDTH="115"
                          VPOS="1659"
                          HPOS="702"
                          CONTENT="vita"/>
                  <SP HEIGHT="53" WIDTH="14" VPOS="1659" HPOS="817"/>
                  <String HEIGHT="53"
                          WIDTH="144"
                          VPOS="1659"
                          HPOS="759"
                          CONTENT="perfecta"/>
               </TextLine>
               <TextLine ID="r2l37"
                         BASELINE="1765"
                         HEIGHT="61"
                         WIDTH="1046"
                         VPOS="1704"
                         HPOS="313">
                  <String HEIGHT="61"
                          WIDTH="131"
                          VPOS="1704"
                          HPOS="297"
                          CONTENT="Phus"/>
                  <SP HEIGHT="61" WIDTH="16" VPOS="1704" HPOS="427"/>
                  <String HEIGHT="61"
                          WIDTH="114"
                          VPOS="1704"
                          HPOS="378"
                          CONTENT="vel"/>
                  <SP HEIGHT="61" WIDTH="16" VPOS="1704" HPOS="493"/>
                  <String HEIGHT="61"
                          WIDTH="180"
                          VPOS="1704"
                          HPOS="444"
                          CONTENT="sapiens"/>
                  <SP HEIGHT="61" WIDTH="16" VPOS="1704" HPOS="624"/>
                  <String HEIGHT="61"
                          WIDTH="114"
                          VPOS="1704"
                          HPOS="575"
                          CONTENT="est"/>
                  <SP HEIGHT="61" WIDTH="16" VPOS="1704" HPOS="689"/>
                  <String HEIGHT="61"
                          WIDTH="212"
                          VPOS="1704"
                          HPOS="640"
                          CONTENT="virtuosus"/>
                  <SP HEIGHT="61" WIDTH="16" VPOS="1704" HPOS="852"/>
                  <String HEIGHT="61"
                          WIDTH="245"
                          VPOS="1704"
                          HPOS="803"
                          CONTENT="naturaliter"/>
                  <SP HEIGHT="61" WIDTH="16" VPOS="1704" HPOS="1048"/>
                  <String HEIGHT="61"
                          WIDTH="196"
                          VPOS="1704"
                          HPOS="999"
                          CONTENT="secundum"/>
                  <SP HEIGHT="61" WIDTH="16" VPOS="1704" HPOS="1196"/>
                  <String HEIGHT="61"
                          WIDTH="147"
                          VPOS="1704"
                          HPOS="1147"
                          CONTENT="omnes"/>
                  <SP HEIGHT="61" WIDTH="16" VPOS="1704" HPOS="1294"/>
                  <String HEIGHT="61"
                          WIDTH="131"
                          VPOS="1704"
                          HPOS="1228"
                          CONTENT="sensus"/>
               </TextLine>
               <TextLine ID="r2l38"
                         BASELINE="1796"
                         HEIGHT="42"
                         WIDTH="1053"
                         VPOS="1754"
                         HPOS="313">
                  <String HEIGHT="42"
                          WIDTH="181"
                          VPOS="1754"
                          HPOS="298"
                          CONTENT="virtutum"/>
                  <SP HEIGHT="42" WIDTH="15" VPOS="1754" HPOS="478"/>
                  <String HEIGHT="42"
                          WIDTH="196"
                          VPOS="1754"
                          HPOS="433"
                          CONTENT="moralium."/>
                  <SP HEIGHT="42" WIDTH="15" VPOS="1754" HPOS="629"/>
                  <String HEIGHT="42"
                          WIDTH="105"
                          VPOS="1754"
                          HPOS="584"
                          CONTENT="que"/>
                  <SP HEIGHT="42" WIDTH="15" VPOS="1754" HPOS="689"/>
                  <String HEIGHT="42"
                          WIDTH="120"
                          VPOS="1754"
                          HPOS="644"
                          CONTENT="sunt"/>
                  <SP HEIGHT="42" WIDTH="15" VPOS="1754" HPOS="764"/>
                  <String HEIGHT="42"
                          WIDTH="196"
                          VPOS="1754"
                          HPOS="719"
                          CONTENT="iusticia."/>
                  <SP HEIGHT="42" WIDTH="15" VPOS="1754" HPOS="915"/>
                  <String HEIGHT="42"
                          WIDTH="196"
                          VPOS="1754"
                          HPOS="870"
                          CONTENT="castitas."/>
                  <SP HEIGHT="42" WIDTH="15" VPOS="1754" HPOS="1065"/>
                  <String HEIGHT="42"
                          WIDTH="226"
                          VPOS="1754"
                          HPOS="1020"
                          CONTENT="liberalitas"/>
                  <SP HEIGHT="42" WIDTH="15" VPOS="1754" HPOS="1246"/>
                  <String HEIGHT="42" WIDTH="90" VPOS="1754" HPOS="1201" CONTENT="et"/>
                  <SP HEIGHT="42" WIDTH="15" VPOS="1754" HPOS="1291"/>
                  <String HEIGHT="42"
                          WIDTH="135"
                          VPOS="1754"
                          HPOS="1231"
                          CONTENT="similia"/>
               </TextLine>
               <TextLine ID="r2l39"
                         BASELINE="1841"
                         HEIGHT="53"
                         WIDTH="1045"
                         VPOS="1788"
                         HPOS="308">
                  <String HEIGHT="53"
                          WIDTH="149"
                          VPOS="1788"
                          HPOS="291"
                          CONTENT="Liber"/>
                  <SP HEIGHT="53" WIDTH="17" VPOS="1788" HPOS="441"/>
                  <String HEIGHT="53"
                          WIDTH="232"
                          VPOS="1788"
                          HPOS="391"
                          CONTENT="physicorum"/>
                  <SP HEIGHT="53" WIDTH="17" VPOS="1788" HPOS="623"/>
                  <String HEIGHT="53"
                          WIDTH="116"
                          VPOS="1788"
                          HPOS="573"
                          CONTENT="est"/>
                  <SP HEIGHT="53" WIDTH="17" VPOS="1788" HPOS="690"/>
                  <String HEIGHT="53"
                          WIDTH="232"
                          VPOS="1788"
                          HPOS="640"
                          CONTENT="principium"/>
                  <SP HEIGHT="53" WIDTH="17" VPOS="1788" HPOS="872"/>
                  <String HEIGHT="53" WIDTH="100" VPOS="1788" HPOS="822" CONTENT="et"/>
                  <SP HEIGHT="53" WIDTH="17" VPOS="1788" HPOS="922"/>
                  <String HEIGHT="53"
                          WIDTH="149"
                          VPOS="1788"
                          HPOS="872"
                          CONTENT="radix"/>
                  <SP HEIGHT="53" WIDTH="17" VPOS="1788" HPOS="1021"/>
                  <String HEIGHT="53"
                          WIDTH="166"
                          VPOS="1788"
                          HPOS="971"
                          CONTENT="totius"/>
                  <SP HEIGHT="53" WIDTH="17" VPOS="1788" HPOS="1137"/>
                  <String HEIGHT="53"
                          WIDTH="133"
                          VPOS="1788"
                          HPOS="1088"
                          CONTENT="phie"/>
                  <SP HEIGHT="53" WIDTH="17" VPOS="1788" HPOS="1220"/>
                  <String HEIGHT="53"
                          WIDTH="199"
                          VPOS="1788"
                          HPOS="1154"
                          CONTENT="naturalis."/>
               </TextLine>
               <TextLine ID="r2l40"
                         BASELINE="1887"
                         HEIGHT="56"
                         WIDTH="1044"
                         VPOS="1831"
                         HPOS="308">
                  <String HEIGHT="56"
                          WIDTH="147"
                          VPOS="1831"
                          HPOS="292"
                          CONTENT="Nomen"/>
                  <SP HEIGHT="56" WIDTH="16" VPOS="1831" HPOS="439"/>
                  <String HEIGHT="56"
                          WIDTH="179"
                          VPOS="1831"
                          HPOS="390"
                          CONTENT="autoris"/>
                  <SP HEIGHT="56" WIDTH="16" VPOS="1831" HPOS="569"/>
                  <String HEIGHT="56"
                          WIDTH="147"
                          VPOS="1831"
                          HPOS="520"
                          CONTENT="huius"/>
                  <SP HEIGHT="56" WIDTH="16" VPOS="1831" HPOS="667"/>
                  <String HEIGHT="56"
                          WIDTH="114"
                          VPOS="1831"
                          HPOS="618"
                          CONTENT="est"/>
                  <SP HEIGHT="56" WIDTH="16" VPOS="1831" HPOS="732"/>
                  <String HEIGHT="56"
                          WIDTH="245"
                          VPOS="1831"
                          HPOS="683"
                          CONTENT="Aristoteles"/>
                  <SP HEIGHT="56" WIDTH="16" VPOS="1831" HPOS="928"/>
                  <String HEIGHT="56"
                          WIDTH="163"
                          VPOS="1831"
                          HPOS="879"
                          CONTENT="filius"/>
                  <SP HEIGHT="56" WIDTH="16" VPOS="1831" HPOS="1042"/>
                  <String HEIGHT="56"
                          WIDTH="212"
                          VPOS="1831"
                          HPOS="993"
                          CONTENT="nicomachi"/>
                  <SP HEIGHT="56" WIDTH="16" VPOS="1831" HPOS="1205"/>
                  <String HEIGHT="56"
                          WIDTH="131"
                          VPOS="1831"
                          HPOS="1156"
                          CONTENT="onim"/>
                  <SP HEIGHT="56" WIDTH="16" VPOS="1831" HPOS="1287"/>
                  <String HEIGHT="56"
                          WIDTH="131"
                          VPOS="1831"
                          HPOS="1222"
                          CONTENT="greco"
                          SUBS_TYPE="HypPart1"
                          SUBS_CONTENT="grecorum"/>
                  <HYP CONTENT="-"/>
               </TextLine>
               <TextLine ID="r2l41"
                         BASELINE="1931"
                         HEIGHT="61"
                         WIDTH="1064"
                         VPOS="1870"
                         HPOS="298">
                  <String HEIGHT="61"
                          WIDTH="111"
                          VPOS="1870"
                          HPOS="282"
                          CONTENT="rum"
                          SUBS_TYPE="HypPart2"
                          SUBS_CONTENT="grecorum"/>
                  <SP HEIGHT="61" WIDTH="16" VPOS="1870" HPOS="393"/>
                  <String HEIGHT="61"
                          WIDTH="302"
                          VPOS="1870"
                          HPOS="346"
                          CONTENT="sapientissimus."/>
                  <SP HEIGHT="61" WIDTH="16" VPOS="1870" HPOS="647"/>
                  <String HEIGHT="61"
                          WIDTH="111"
                          VPOS="1870"
                          HPOS="600"
                          CONTENT="qui"/>
                  <SP HEIGHT="61" WIDTH="16" VPOS="1870" HPOS="711"/>
                  <String HEIGHT="61"
                          WIDTH="206"
                          VPOS="1870"
                          HPOS="663"
                          CONTENT="scientias"/>
                  <SP HEIGHT="61" WIDTH="16" VPOS="1870" HPOS="870"/>
                  <String HEIGHT="61"
                          WIDTH="175"
                          VPOS="1870"
                          HPOS="822"
                          CONTENT="inuenit"/>
                  <SP HEIGHT="61" WIDTH="16" VPOS="1870" HPOS="997"/>
                  <String HEIGHT="61" WIDTH="95" VPOS="1870" HPOS="949" CONTENT="et"/>
                  <SP HEIGHT="61" WIDTH="16" VPOS="1870" HPOS="1044"/>
                  <String HEIGHT="61"
                          WIDTH="206"
                          VPOS="1870"
                          HPOS="997"
                          CONTENT="compleuit"/>
                  <SP HEIGHT="61" WIDTH="16" VPOS="1870" HPOS="1203"/>
                  <String HEIGHT="61"
                          WIDTH="175"
                          VPOS="1870"
                          HPOS="1156"
                          CONTENT="Inuenit"/>
                  <SP HEIGHT="61" WIDTH="16" VPOS="1870" HPOS="1330"/>
                  <String HEIGHT="61"
                          WIDTH="95"
                          VPOS="1870"
                          HPOS="1267"
                          CONTENT="quia"/>
               </TextLine>
               <TextLine ID="r2l42"
                         BASELINE="1970"
                         HEIGHT="53"
                         WIDTH="1053"
                         VPOS="1917"
                         HPOS="301">
                  <String HEIGHT="53"
                          WIDTH="181"
                          VPOS="1917"
                          HPOS="286"
                          CONTENT="quicquid"/>
                  <SP HEIGHT="53" WIDTH="15" VPOS="1917" HPOS="466"/>
                  <String HEIGHT="53"
                          WIDTH="181"
                          VPOS="1917"
                          HPOS="421"
                          CONTENT="scriptum"/>
                  <SP HEIGHT="53" WIDTH="15" VPOS="1917" HPOS="602"/>
                  <String HEIGHT="53"
                          WIDTH="105"
                          VPOS="1917"
                          HPOS="557"
                          CONTENT="est"/>
                  <SP HEIGHT="53" WIDTH="15" VPOS="1917" HPOS="662"/>
                  <String HEIGHT="53" WIDTH="90" VPOS="1917" HPOS="617" CONTENT="ab"/>
                  <SP HEIGHT="53" WIDTH="15" VPOS="1917" HPOS="707"/>
                  <String HEIGHT="53"
                          WIDTH="181"
                          VPOS="1917"
                          HPOS="662"
                          CONTENT="antiquis"/>
                  <SP HEIGHT="53" WIDTH="15" VPOS="1917" HPOS="843"/>
                  <String HEIGHT="53" WIDTH="90" VPOS="1917" HPOS="797" CONTENT="in"/>
                  <SP HEIGHT="53" WIDTH="15" VPOS="1917" HPOS="888"/>
                  <String HEIGHT="53"
                          WIDTH="196"
                          VPOS="1917"
                          HPOS="843"
                          CONTENT="scientiis"/>
                  <SP HEIGHT="53" WIDTH="15" VPOS="1917" HPOS="1038"/>
                  <String HEIGHT="53"
                          WIDTH="105"
                          VPOS="1917"
                          HPOS="993"
                          CONTENT="non"/>
                  <SP HEIGHT="53" WIDTH="15" VPOS="1917" HPOS="1098"/>
                  <String HEIGHT="53"
                          WIDTH="105"
                          VPOS="1917"
                          HPOS="1053"
                          CONTENT="est"/>
                  <SP HEIGHT="53" WIDTH="15" VPOS="1917" HPOS="1158"/>
                  <String HEIGHT="53"
                          WIDTH="150"
                          VPOS="1917"
                          HPOS="1113"
                          CONTENT="dignum"/>
                  <SP HEIGHT="53" WIDTH="15" VPOS="1917" HPOS="1264"/>
                  <String HEIGHT="53"
                          WIDTH="120"
                          VPOS="1917"
                          HPOS="1219"
                          CONTENT="quod"/>
                  <SP HEIGHT="53" WIDTH="15" VPOS="1917" HPOS="1339"/>
                  <String HEIGHT="53"
                          WIDTH="75"
                          VPOS="1917"
                          HPOS="1279"
                          CONTENT="sit"/>
               </TextLine>
               <TextLine ID="r2l43"
                         BASELINE="2022"
                         HEIGHT="66"
                         WIDTH="1065"
                         VPOS="1956"
                         HPOS="297">
                  <String HEIGHT="66"
                          WIDTH="118"
                          VPOS="1956"
                          HPOS="282"
                          CONTENT="pars"/>
                  <SP HEIGHT="66" WIDTH="15" VPOS="1956" HPOS="401"/>
                  <String HEIGHT="66"
                          WIDTH="178"
                          VPOS="1956"
                          HPOS="356"
                          CONTENT="scientie"/>
                  <SP HEIGHT="66" WIDTH="15" VPOS="1956" HPOS="534"/>
                  <String HEIGHT="66"
                          WIDTH="104"
                          VPOS="1956"
                          HPOS="489"
                          CONTENT="vel"/>
                  <SP HEIGHT="66" WIDTH="15" VPOS="1956" HPOS="593"/>
                  <String HEIGHT="66"
                          WIDTH="207"
                          VPOS="1956"
                          HPOS="548"
                          CONTENT="principium"/>
                  <SP HEIGHT="66" WIDTH="15" VPOS="1956" HPOS="756"/>
                  <String HEIGHT="66"
                          WIDTH="178"
                          VPOS="1956"
                          HPOS="711"
                          CONTENT="quamquam"/>
                  <SP HEIGHT="66" WIDTH="15" VPOS="1956" HPOS="889"/>
                  <String HEIGHT="66"
                          WIDTH="104"
                          VPOS="1956"
                          HPOS="844"
                          CONTENT="non"/>
                  <SP HEIGHT="66" WIDTH="15" VPOS="1956" HPOS="948"/>
                  <String HEIGHT="66"
                          WIDTH="133"
                          VPOS="1956"
                          HPOS="903"
                          CONTENT="nulli"/>
                  <SP HEIGHT="66" WIDTH="15" VPOS="1956" HPOS="1037"/>
                  <String HEIGHT="66"
                          WIDTH="178"
                          VPOS="1956"
                          HPOS="992"
                          CONTENT="liguaces"/>
                  <SP HEIGHT="66" WIDTH="15" VPOS="1956" HPOS="1170"/>
                  <String HEIGHT="66" WIDTH="89" VPOS="1956" HPOS="1125" CONTENT="de"/>
                  <SP HEIGHT="66" WIDTH="15" VPOS="1956" HPOS="1214"/>
                  <String HEIGHT="66"
                          WIDTH="163"
                          VPOS="1956"
                          HPOS="1170"
                          CONTENT="platone"/>
                  <SP HEIGHT="66" WIDTH="15" VPOS="1956" HPOS="1332"/>
                  <String HEIGHT="66"
                          WIDTH="89"
                          VPOS="1956"
                          HPOS="1273"
                          CONTENT="oper"/>
               </TextLine>
            </TextBlock>
         </PrintSpace>
      </Page>
   </Layout>
</alto>
