1631 2426
272 248 160 72 positum
389 248 204 72 blaterent)
550 248 190 72 Compleuit
695 248 117 72 quia
768 248 146 72 nullus
870 248 131 72 eorum
958 248 102 72 qui
1016 248 146 72 secuti
1118 248 117 72 sunt
1191 248 102 72 eum
1235 248 102 72 vsque

273 311 80 50 ad
313 311 120 50 istud
393 311 134 50 tempus
486 311 107 50 quod
553 311 93 50 est
607 311 120 50 mille
687 311 214 50 quingentorum
860 311 147 50 annorum
967 311 147 50 addidit
1074 311 147 50 aliquid
1181 311 93 50 nec
1221 311 120 50 inuenit

274 356 85 46 in
316 356 142 46 dictis
416 356 114 46 eius
487 356 157 46 errorem
601 356 171 46 alicuius
729 356 213 46 quantitatis
900 356 85 46 et
943 356 128 46 talem
1028 356 171 46 virtutem
1156 356 85 46 in
1199 356 128 46 vnico
1284 356 85 46 in

265 400 161 45 diuiduo
382 400 117 45 esse
456 400 219 45 miraculosum
631 400 102 45 est
690 400 88 45 et
733 400 205 45 extraneum.
894 400 88 45 et
938 400 117 45 quia
1011 400 102 45 hec
1070 400 205 45 disputatio
1231 400 88 45 in
1260 400 73 45 ho-

264 426 125 58 mine
342 426 140 58 fuit.
436 426 125 58 ideo
514 426 125 58 dici
592 426 156 58 dignus
701 426 109 58 est
763 426 171 58 diuinus
888 426 156 58 potius
997 426 125 58 quam
1075 426 187 58 humanum.
1200 426 140 58 Scienti

268 475 107 52 arum
334 475 147 52 quaedam
441 475 93 52 est
494 475 160 52 perfecta
614 475 80 52 et
654 475 93 52 est
708 475 107 52 illa
774 475 93 52 que
827 475 93 52 fit
881 475 93 52 per
934 475 147 52 causam.
1041 475 133 52 quedam
1134 475 200 52 imperfecta.
1281 475 53 52 et

277 524 93 53 est
330 524 106 53 illa
396 524 106 53 quae
463 524 93 53 fit
516 524 106 53 sine
583 524 133 53 causa.
676 524 80 53 Ut
716 524 146 53 exponit
822 524 146 53 Alexan.
929 524 146 53 Aristo.
1035 524 93 53 per
1088 524 173 53 principia
1208 524 133 53 intelli-

275 568 89 60 git
326 568 127 60 causas
415 568 203 60 efficientes.
580 568 89 60 per
630 568 139 60 causas.
732 568 127 60 causas
820 568 152 60 finales.
934 568 89 60 per
985 568 152 60 elementa
1099 568 152 60 materiam
1213 568 76 60 et
1239 568 101 60 formam

263 606 143 45 Totum
358 606 143 45 nihil
454 606 143 45 aliud
549 606 111 45 est
612 606 127 45 nisi
692 606 143 45 omnes
787 606 159 45 partes
898 606 111 45 sue
962 606 143 45 simul
1041 606 143 45 sumpte.

275 637 92 64 In
321 637 184 64 spermate
458 637 92 64 et
504 637 92 64 in
550 637 138 64 prima
642 637 230 64 generatione
826 637 168 64 hominis
948 637 107 64 non
1009 637 168 64 cessant
1132 637 153 64 partes
1224 637 122 64 sperma

273 695 115 46 tis
338 695 197 46 corrumpi
486 695 98 46 et
535 695 148 46 fieri
634 695 164 46 partes
748 695 180 46 hominis
880 695 148 46 donec
978 695 148 46 forma
1077 695 164 46 humana
1191 695 115 46 sit
1241 695 98 46 com-

272 726 137 58 pleta.
368 726 82 58 et
409 726 96 58 hoc
464 726 123 58 vtrum
546 726 96 58 est
601 726 82 58 si
642 726 123 58 forma
724 726 151 58 recipit
834 726 274 58 participationem.
1066 726 82 58 si
1107 726 123 58 autem
1189 726 110 58 non.
1244 726 96 58 illud

267 772 222 53 necessitate
445 772 163 53 accidit
564 772 89 53 in
608 772 237 53 accidentibus
801 772 178 53 propriis
934 772 133 53 forme
1023 772 193 53 generate.
1156 772 178 53 Transmuta-

266 812 99 49 tio
322 812 225 49 accidentalis
505 812 84 49 et
548 812 211 49 subiectalis
716 812 197 49 conveniunt
871 812 84 49 in
914 812 99 49 hoc
970 812 113 49 quod
1040 812 113 49 sunt
1111 812 155 49 mutatio
1223 812 127 49 rerum
1294 812 56 49 de

281 856 93 50 vna
334 856 213 50 dispositione
507 856 80 50 in
547 856 133 50 aliam.
641 856 93 50 sed
694 856 187 50 differunt.
840 856 107 50 quia
907 856 213 50 transmutatio
1080 856 227 50 substantialis
1254 856 93 50 trans

269 900 117 46 mutat
347 900 117 46 nomen
425 900 78 46 et
463 900 207 46 definitionem
632 900 104 46 rei.
697 900 207 46 accidentalis
865 900 104 46 vero
930 900 130 46 tantum
1021 900 117 46 nomen
1086 900 168 46 transmutat.

268 928 170 64 Materia
391 928 139 64 prima
484 928 154 64 nullam
592 928 93 64 in
638 928 93 64 se
684 928 123 64 actu
761 928 139 64 habet
854 928 170 64 formam.
978 928 108 64 sed
1039 928 108 64 est
1101 928 93 64 in
1147 928 185 64 potentia
1286 928 93 64 ad

258 989 294 46 recipiendum
494 989 177 46 omnes
592 989 157 46 formas

267 1017 123 68 Materia
356 1017 78 68 non
401 1017 78 68 est
445 1017 78 68 sua
490 1017 145 68 potentia.
602 1017 89 68 quia
657 1017 134 68 potentia
758 1017 78 68 est
802 1017 67 68 in
836 1017 167 68 generatione
970 1017 156 68 relationis
1092 1017 123 68 materia
1182 1017 67 68 in
1204 1017 145 68 generatione

1139 1069 202 60 substante.

271 1080 238 52 Consuetudo
458 1080 119 52 est
526 1080 170 52 altera
627 1080 153 52 natura.

276 1115 181 44 Materia
407 1115 148 44 prima
505 1115 115 44 non
571 1115 164 44 potest
686 1115 197 44 separari
834 1115 99 44 ab
883 1115 131 44 omni
949 1115 131 44 forma.

274 1147 183 61 Aristo.
408 1147 117 61 suo
474 1147 133 61 more
558 1147 183 61 modicam
691 1147 167 61 habuit
807 1147 300 61 sollicitudinem
1057 1147 100 61 de
1107 1147 217 61 nominibus
1274 1147 117 61 sed

265 1199 220 55 matimam
425 1199 120 55 de
465 1199 160 55 rebus.

267 1244 232 52 Synonyma
441 1244 135 52 non
518 1244 251 52 vsitantur
711 1244 116 52 in
769 1244 155 52 arte
846 1244 290 52 demonstratiua

383 1282 99 55 Atura
449 1282 77 55 est
493 1282 154 55 principium
614 1282 66 55 et
647 1282 99 55 causa
713 1282 99 55 motus
779 1282 66 55 et
812 1282 121 55 quietis
900 1282 66 55 in
933 1282 77 55 quo
977 1282 77 55 est
1021 1282 99 55 primo
1087 1282 77 55 per
1131 1282 66 55 se
1164 1282 66 55 et
1197 1282 77 55 non
1241 1282 77 55 per
1274 1282 77 55 acci

1065 1324 279 55 dens

267 1319 151 63 Omne
362 1319 133 63 ens
437 1319 284 63 artificiale
665 1319 208 63 mouetur
816 1319 114 63 ab
854 1319 227 63 extrinseco

277 1370 104 57 Teco
342 1370 117 57 natus
420 1370 91 57 non
471 1370 130 57 potest
562 1370 169 57 disputare
692 1370 78 57 de
731 1370 169 57 coloritus
860 1370 143 57 quantum
964 1370 78 57 ad
1003 1370 91 57 rem
1055 1370 117 57 licet
1133 1370 143 57 quantum
1236 1370 78 57 ad
1262 1370 91 57 nomen

272 1414 121 44 Tota
348 1414 212 44 substantia
515 1414 258 44 artificialium
727 1414 106 44 est
788 1414 137 44 eorum
863 1414 137 44 materia

282 1451 115 56 forma
359 1451 76 56 et
397 1451 140 56 materia
499 1451 89 56 non
550 1451 102 56 sunt
613 1451 153 56 secundum
728 1451 89 56 rem
779 1451 89 56 rem
830 1451 166 56 separata:
957 1451 89 56 sed
1008 1451 153 56 secundum
1123 1451 115 56 nomem
1199 1451 76 56 et
1225 1451 127 56 rationem

282 1501 169 63 Priuatio
409 1501 155 63 dicitur
522 1501 197 63 quodammodo
677 1501 155 63 species
789 1501 85 63 et
832 1501 141 63 forma.
930 1501 113 63 quia
1001 1501 99 63 est
1057 1501 183 63 inchoatio
1198 1501 99 63 seu
1240 1501 99 63 imper

283 1549 137 43 fecta
374 1549 137 43 forma
465 1549 91 43 et
511 1549 182 43 diminuta
648 1549 182 43 secundum
785 1549 182 43 Auerroim
921 1549 91 43 et
952 1549 167 43 Albertum.

279 1576 117 62 forma
357 1576 143 62 dicitur
461 1576 143 62 natura.
566 1576 143 62 materia
670 1576 143 62 dicitur
774 1576 143 62 natura.
878 1576 91 62 sed
930 1576 117 62 forma
1008 1576 117 62 magis
1087 1576 143 62 dicitur
1191 1576 130 62 natura
1269 1576 78 62 quam

283 1618 120 67 materia
370 1618 87 67 quia
425 1618 163 67 vnumquodque
556 1618 98 67 magis
621 1618 120 67 dicitur
708 1618 131 67 secundum
806 1618 65 67 id
839 1618 98 67 quida
904 1618 76 67 est
948 1618 65 67 in
981 1618 87 67 pona
1035 1618 87 67 quam
1090 1618 131 67 secundum
1188 1618 65 67 id
1220 1618 87 67 quod
1275 1618 76 67 est
1308 1618 54 67 cin

1211 1662 143 59 (ictu

278 1667 185 54 Subiectum
420 1667 85 54 et
463 1667 114 54 eius
534 1667 157 54 propria
648 1667 142 54 passio
748 1667 114 54 sunt
819 1667 157 54 eiusdem
919 1667 242 54 considerationis

275 1705 221 61 Abstrahentium
457 1705 91 61 non
509 1705 91 61 est
560 1705 169 61 mendacium
690 1705 156 61 scilicet
807 1705 78 61 in
846 1705 117 61 prima
924 1705 182 61 operatione
1053 1705 182 61 intellectus.

280 1753 202 48 Naturalia
436 1753 233 48 definiuntur
622 1753 109 48 cum
684 1753 124 48 motu
762 1753 78 48 a
793 1753 171 48 materia
902 1753 186 48 sensibili.

278 1797 167 45 Materia
400 1797 91 45 et
445 1797 137 45 forma
537 1797 122 45 sunt
613 1797 167 45 eiusdem
719 1797 259 45 considerationis

277 1838 100 56 Ars
334 1838 172 56 imitatur
463 1838 158 56 naturam
578 1838 186 56 inquantum
721 1838 143 56 potest
821 1838 129 56 forma
907 1838 100 56 est
964 1838 129 56 finis
1036 1838 129 56 materie

281 1880 129 56 finis
367 1880 100 56 non
424 1880 100 56 est
481 1880 129 56 solum
567 1880 100 56 rei
625 1880 172 56 vltimum.
753 1880 100 56 sed
811 1880 129 56 etiam
897 1880 158 56 vltimum
1011 1880 86 56 et
1040 1880 129 56 optimum

279 1922 140 53 Nos
359 1922 181 53 sumus
480 1922 281 53 quodammodo
700 1922 181 53 finis
801 1922 160 53 omnium

280 1952 98 72 Nos
336 1952 140 72 vtimur
434 1952 154 72 omnibus
546 1952 112 72 quae
615 1952 112 72 sunt
685 1952 154 72 tanquam
797 1952 154 72 propter
909 1952 98 72 nos
965 1952 112 72 homo
1035 1952 154 72 generat
1146 1952 154 72 hominem
1258 1952 84 72 et
1286 1952 70 72 sol
