1619 2426
293 251 163 67 Materia
412 251 252 67 proportionata
619 251 133 67 forme
708 251 104 67 est
767 251 89 67 de
811 251 266 67 consideratione
1018 251 163 67 naturalis

297 312 158 49 Quattuor
415 312 105 49 sunt
481 312 118 49 cause
559 312 158 49 scilicet
678 312 197 49 materialis.
835 312 171 49 formalis.
966 312 171 49 efficiens
1098 312 79 49 et
1124 312 118 49 finalis

295 345 128 60 Aliqua
385 345 192 60 sibiinuicem
538 345 166 60 praestent
666 345 102 60 esse
730 345 115 60 cause
807 345 102 60 Idem
871 345 128 60 aliter
961 345 77 60 se
999 345 128 60 habens
1089 345 90 60 est
1140 345 115 60 causa
1204 345 166 60 oppositorum

305 388 125 62 Cuius
388 388 194 62 praesentia
541 388 97 62 est
596 388 83 62 ca
638 388 166 62 salutis.
762 388 111 62 eius
832 388 166 62 absentia
956 388 97 62 est
1012 388 125 62 causa
1095 388 180 62 pditionis
1233 388 83 62 et
1261 388 111 62 mortis

305 431 124 54 Causa
388 431 83 54 et
430 431 166 54 effectus
554 431 124 54 simul
637 431 111 54 sunt
706 431 83 54 in
747 431 111 54 actu
816 431 83 54 et
858 431 97 54 non
913 431 124 54 sunt.
996 431 97 54 sed
1037 431 180 54 differenter

294 467 139 56 Causa
386 467 93 56 et
433 467 185 56 effectus
572 467 155 56 debent
680 467 124 56 esse
742 467 247 56 proportionata.

295 517 91 60 In
340 517 211 60 celestibus
506 517 136 60 nihil
597 517 166 60 videmus
718 517 136 60 fieri
808 517 76 60 a
823 517 91 60 casu

298 560 119 53 Cause
377 560 92 53 per
430 560 79 53 se
469 560 198 53 suntfinite.
628 560 92 53 sed
680 560 119 53 cause
760 560 92 53 per
812 560 132 53 accids
905 560 172 53 infinite.
1037 560 158 53 Infinita
1155 560 92 53 vni
1195 560 132 53 accidunt

295 605 140 46 Fortuna
397 605 89 46 est
448 605 114 46 causa
524 605 152 46 secundum
638 605 152 46 accidens
753 605 76 46 in
791 605 89 46 his
841 605 89 46 que
892 605 114 46 fiunt
968 605 64 46 a
994 605 165 46 proposito
1121 605 152 46 secundum
1222 605 102 46 finem.

295 648 107 45 Bona
361 648 147 45 fortuna
468 648 93 45 est
521 648 133 45 quando
615 648 147 45 aliquid
722 648 107 45 boni
788 648 160 45 accidit.
908 648 107 45 mala
975 648 80 45 at
1015 648 133 45 quando
1109 648 147 45 aliquid
1215 648 107 45 mali
1269 648 93 45 acci

1260 692 107 60 dit

297 689 214 52 Eufortunium
468 689 100 52 est
525 689 143 52 quando
625 689 157 52 aliquod
739 689 143 52 magnum
839 689 129 52 bonum
911 689 114 52 euenit

292 728 107 48 Qui
353 728 138 48 parum
445 728 153 48 discit
552 728 122 48 apud
628 728 245 48 intellectum.
827 728 138 48 quasi
919 728 138 48 nihil
995 728 138 48 discit.

294 775 142 53 Fortuna
397 775 90 53 non
449 775 90 53 est
501 775 103 53 nisi
566 775 78 53 in
604 775 168 53 agentibus
734 775 65 53 a
759 775 181 53 proposito.
902 775 90 53 sed
953 775 116 53 casus
1031 775 103 53 bene
1096 775 90 53 est
1147 775 78 53 in
1186 775 181 53 animalibus
1315 775 52 53 et

290 818 121 64 rebus
370 818 175 64 agentibus
504 818 94 64 non
558 818 67 64 a
585 818 175 64 proposito
719 818 107 64 Unde
786 818 148 64 dicitur
894 818 107 64 quod
961 818 121 64 equus
1041 818 121 64 venit
1122 818 81 64 ad
1162 818 161 64 stabulum
1283 818 81 64 et
1310 818 67 64 ibi

297 855 163 62 saluatus
420 855 95 62 est
474 855 68 62 a
501 855 122 62 lupo.
583 855 82 62 et
624 855 136 62 tripes
719 855 68 62 a
746 855 109 62 casu
814 855 150 62 cecidit
923 855 82 62 et
963 855 95 62 ibi
1004 855 109 62 stetit

299 888 132 69 frustra
395 888 72 69 et
431 888 108 69 vanum
503 888 84 69 est
551 888 108 69 illud
624 888 96 69 quod
684 888 156 69 ordinatum
804 888 84 69 est
852 888 72 69 ad
888 888 132 69 aliquem
984 888 108 69 finem
1056 888 72 69 et
1092 888 108 69 illum
1165 888 84 69 non
1201 888 168 69 consequitur.

295 944 126 51 Omne
374 944 110 51 per
437 944 189 51 accidens
578 944 204 51 reducitur
735 944 94 51 ad
783 944 173 51 aliquod
908 944 110 51 per
955 944 79 51 se.

304 980 132 63 Illud
392 980 117 63 quod
466 980 103 63 est
524 980 103 63 per
583 980 88 63 se
627 980 103 63 est
685 980 132 63 prius
773 980 88 63 eo
817 980 117 63 quod
891 980 161 63 dicitur
1008 980 103 63 per
1052 980 161 63 accidens.

276 1023 146 71 forma
373 1023 97 71 et
422 1023 211 71 effectus.
584 1023 146 71 finis
681 1023 97 71 et
730 1023 211 71 efficiens
892 1023 130 71 sepe
973 1023 227 71 coincidunt
1151 1023 178 71 Materia
1265 1023 97 71 vero

287 1070 87 47 et
330 1070 187 47 efficiens
474 1070 159 47 nunquam
589 1070 216 47 coincidunt.
762 1070 187 47 Similiter
907 1070 159 47 materia
1022 1070 87 47 et
1051 1070 115 47 finis.

287 1110 188 60 Mouentia
428 1110 109 60 non
491 1110 125 60 mota
569 1110 172 60 amplius
694 1110 109 60 non
757 1110 125 60 sunt
835 1110 172 60 physice
944 1110 266 60 considerationis

275 1149 109 52 Que
338 1149 125 52 sunt
416 1149 187 52 mouentia
556 1149 93 52 et
602 1149 125 52 mota
680 1149 125 52 illa
758 1149 125 52 sunt
836 1149 296 52 considerationis
1069 1149 187 52 naturalis.

290 1198 130 60 Natura
381 1198 104 60 agit
446 1198 117 60 propt
523 1198 117 60 finem
601 1198 117 60 finis
679 1198 78 60 in
718 1198 207 60 oporabilibus
886 1198 91 60 est
938 1198 91 60 sic
990 1198 181 60 principium
1133 1198 78 60 in
1159 1198 207 60 speculabilibus

314 1240 190 49 Cometator
460 1240 132 49 forme
548 1240 234 49 accidentales
738 1240 117 49 sunt
811 1240 132 49 forme
899 1240 234 49 artificiales
1090 1240 88 49 in
1133 1240 220 49 substantiis
1294 1240 59 49 na

281 1278 109 60 Aia
344 1278 156 60 humana
453 1278 109 60 est
516 1278 141 60 media
610 1278 141 60 inter
703 1278 156 60 formas
813 1278 203 60 naturales
969 1278 94 60 et
1016 1278 219 60 abstractas
1172 1278 188 60 (turalibus

274 1328 119 49 Qui
342 1328 153 49 dicit
444 1328 187 49 naturam
579 1328 119 49 non
647 1328 153 49 agere
749 1328 187 49 propter
885 1328 153 49 finem
987 1328 170 49 tollit
1089 1328 271 49 sollicitudinem

263 1364 106 63 dei
324 1364 137 63 circa
415 1364 122 63 ista
476 1364 182 63 inferiora.

547 1413 186 53 Sequuntur
690 1413 157 53 autori.
805 1413 100 53 iii
862 1413 129 53 libro
948 1413 200 53 physicorum
1091 1413 114 53 Arist.

409 1420 196 81 Bnorato
552 1420 143 81 motu
641 1420 196 81 necesse
784 1420 125 81 est
855 1420 214 81 ignorare
998 1420 161 81 naturam

347 1488 94 59 s
385 1488 169 59 Omnis
498 1488 169 59 motus
611 1488 132 59 fit
686 1488 113 59 in
742 1488 151 59 loco
837 1488 113 59 et
893 1488 113 59 in
931 1488 169 59 tempore

335 1522 130 65 Tot
410 1522 149 65 sunt
503 1522 167 65 spens
614 1522 167 65 motus
726 1522 149 65 quot
819 1522 149 65 sunt
912 1522 167 65 spens
1005 1522 130 65 entis

269 1580 105 56 otus
335 1580 92 56 est
387 1580 119 56 actus
467 1580 132 56 entis.
559 1580 79 56 id
598 1580 92 56 est
651 1580 119 56 forme
730 1580 158 56 fiuentis
849 1580 79 56 in
888 1580 158 56 potentia
1007 1580 158 56 secundum
1126 1580 105 56 quod
1192 1580 79 56 in
1218 1580 145 56 potentia.

276 1626 147 44 Omne
368 1626 184 44 mouens
497 1626 221 44 naturale
663 1626 111 44 in
718 1626 203 44 mouendo
847 1626 221 44 repatitur.

270 1669 144 63 Actio
366 1669 96 63 et
414 1669 159 63 passio
525 1669 128 63 sunt
605 1669 128 63 vnus
685 1669 144 63 motus
780 1669 96 63 in
828 1669 144 63 passo
924 1669 144 63 sicut
1020 1669 96 63 in
1052 1669 175 63 subiecto.

274 1713 221 48 Quodcunque
448 1713 110 48 fit
511 1713 173 48 necesse
637 1713 110 48 est
700 1713 189 48 accipere
826 1713 126 48 finem.

284 1756 81 52 In
324 1756 175 52 perpetuis
459 1756 94 52 non
513 1756 175 52 differunt
648 1756 108 52 esse
715 1756 81 52 et
756 1756 135 52 posse.
850 1756 81 52 id
891 1756 94 52 est
945 1756 94 52 non
999 1756 148 52 distant
1093 1756 189 52 temporaliter

280 1791 143 51 Nullum
380 1791 143 51 corpus
480 1791 100 51 est
537 1791 114 51 actu
608 1791 186 51 infinitum
751 1791 186 51 Infinitum
894 1791 171 51 secundum
1022 1791 114 51 quod
1094 1791 114 51 hmoi
1165 1791 100 51 est
1208 1791 143 51 ignotum.

267 1837 268 44 Unumquodque
482 1837 250 44 resoluitur
678 1837 107 44 in
732 1837 107 44 id
785 1837 107 44 ex
839 1837 125 44 quo
893 1837 214 44 componitur

277 1878 121 62 Idem
353 1878 106 62 est
413 1878 136 62 motus
504 1878 152 62 totius
610 1878 91 62 et
656 1878 152 62 partis
762 1878 197 62 Continuum
913 1878 106 62 est
974 1878 212 62 diuisibile
1141 1878 91 62 in
1171 1878 182 62 infinitum.

279 1916 159 68 Infinitum
401 1916 110 68 habet
474 1916 135 68 ratione
572 1916 122 68 partis
658 1916 73 68 et
695 1916 86 68 non
743 1916 122 68 totius
829 1916 73 68 et
866 1916 110 68 habet
939 1916 147 68 rationem
1049 1916 135 68 materie
1147 1916 73 68 et
1184 1916 86 68 non
1220 1916 86 68 forme

277 1957 136 81 Totum
368 1957 91 81 et
413 1957 197 81 perfectum
564 1957 106 81 est
625 1957 106 81 cui
685 1957 136 81 nihil
761 1957 151 81 deficit.
