1647 2427
249 257 195 70 Numerus
391 257 213 70 causatur
551 257 106 70 ex
604 257 231 70 diuisione
764 257 177 70 continui

260 312 174 73 Continuum
393 312 94 73 est
447 312 174 73 infinitum
581 312 161 73 secundum
701 312 201 73 diuisionem.
862 312 147 73 numerus
969 312 107 73 vero
1036 312 161 73 secundum
1143 312 187 73 appositionem

246 363 76 42 ⁋
276 363 229 42 Commentator
460 363 92 42 In
506 363 168 42 prologo
628 363 138 42 huius
720 363 153 42 tertii
827 363 138 42 libri
903 363 199 42 physicorum.

256 402 137 62 Quidam
352 402 150 62 homines
461 402 96 62 ita
516 402 123 62 erant
598 402 164 62 consueti
721 402 164 62 comedere
844 402 150 62 venenum
953 402 109 62 quod
1021 402 109 62 erat
1090 402 96 62 eis
1131 402 109 62 cibus.

250 448 159 68 Quidam
362 448 175 68 propter
489 448 127 68 vsum
569 448 191 68 audiendi
712 448 175 68 fabulas
839 448 96 68 et
887 448 159 68 falsa.
999 448 223 68 negauerunt
1158 448 175 68 principia

263 489 122 58 vera
339 489 106 58 per
400 489 91 58 se
430 489 91 58 nota

248 528 152 64 fides
349 528 152 64 vulgi
450 528 185 64 fortior
585 528 118 64 est
653 528 135 64 quam
737 528 152 64 fides
838 528 185 64 phorum.
973 528 118 64 sed
1041 528 236 64 lincertior

247 570 106 63 Qui
307 570 91 63 in
353 570 181 63 princpio
488 570 181 63 addiscit
624 570 136 63 phiam
715 570 106 63 non
775 570 121 63 bene
850 570 151 63 potest
956 570 151 63 audire
1061 570 136 63 leges
1152 570 106 63 sed
1212 570 106 63 qui
1273 570 91 63 in

245 619 202 53 principio
401 619 186 53 addiscit
541 619 140 53 leges
634 619 109 53 non
696 619 202 53 impeditur
851 619 140 53 posse
944 619 155 53 audire
1038 619 155 53 prohiam.

519 693 69 53 ⁋
547 693 178 53 Sequuntur
684 693 123 53 auto.
766 693 123 53 iiii.
848 693 123 53 libro
917 693 178 53 physicorum.

419 716 113 76 Uod
483 716 113 76 non
548 716 129 76 est.
629 716 178 76 nusquam
758 716 113 76 est
823 716 145 76 Rebus
920 716 210 76 mobilibus
1082 716 194 76 queritur
1211 716 113 76 locus

407 781 99 52 Omne
469 781 124 52 corpus
556 781 87 52 est
605 781 74 52 in
642 781 124 52 locoet
729 781 74 52 in
766 781 99 52 omni
828 781 136 52 locoest
927 781 124 52 corpus
1014 781 149 52 Communis
1126 781 87 52 est
1175 781 74 52 in
1212 781 87 52 qui
1250 781 74 52 sunt

297 816 96 47 Sas
352 816 123 47 plura
434 816 150 47 corpora
543 816 137 47 Propus
639 816 96 47 est
694 816 82 47 in
735 816 96 47 qui
789 816 96 47 est
844 816 137 47 tantum
939 816 109 47 vnum
1008 816 137 47 corpus
1103 816 123 47 Locos
1185 816 96 47 est
1226 816 96 47 termi

238 864 82 52 nus
285 864 141 52 corporis
391 864 176 52 continentis
532 864 153 52 immobilis
650 864 118 52 primum
732 864 71 52 id
767 864 82 52 est
814 864 106 52 locus
885 864 82 52 est
932 864 106 52 vltia
1003 864 176 52 superficies
1144 864 141 52 corporis
1238 864 82 52 conti

1183 904 138 57 (nentis

238 904 125 52 forma
322 904 84 52 et
363 904 153 52 materia
475 904 97 52 non
531 904 195 52 separantur
684 904 70 52 a
712 904 84 52 re
753 904 97 52 sed
809 904 125 52 locus
879 904 139 52 sepatur.

245 939 247 54 Multipliciter
449 939 160 54 dicitur
565 939 160 54 aliquid
681 939 87 54 in
725 939 145 54 altero
826 939 102 54 Uno
884 939 116 54 modo
957 939 131 54 sicut
1044 939 116 54 pars
1117 939 87 54 in
1160 939 102 54 suo
1204 939 87 54 toto

241 990 134 51 Scudo
330 990 134 51 sicut
420 990 164 51 digitus
539 990 89 51 in
584 990 134 51 manu.
673 990 149 51 Tertio
777 990 134 51 sicut
866 990 134 51 totum
956 990 89 51 in
1000 990 179 51 partibus
1134 990 89 51 vt
1179 990 134 51 domus
1253 990 60 51 in

239 1034 204 53 parietibus
400 1034 87 53 et
443 1034 219 53 fundamento.
618 1034 160 53 Quarto.
735 1034 131 53 sicut
822 1034 160 53 species
939 1034 87 53 in
983 1034 160 53 genere.
1099 1034 87 53 vt
1143 1034 117 53 homo
1216 1034 87 53 in
1245 1034 73 53 ani

242 1081 127 49 mali.
327 1081 155 49 Quinto.
440 1081 127 49 sicut
524 1081 127 49 genus
609 1081 85 49 in
651 1081 155 49 specie.
764 1081 85 49 vt
807 1081 141 49 animal
906 1081 85 49 in
948 1081 169 49 hominem.
1075 1081 141 49 Sexto.
1174 1081 127 49 sicut
1244 1081 71 49 for

239 1117 94 54 ma
286 1117 94 54 in
333 1117 187 54 materia.
474 1117 187 54 Septimo.
614 1117 141 54 sicut
708 1117 187 54 effectus
848 1117 94 54 in
895 1117 109 54 suo
958 1117 234 54 efficiente.
1145 1117 172 54 Octauo.
1255 1117 62 54 si

237 1162 101 44 cut
294 1162 158 44 aliquid
409 1162 86 44 in
453 1162 115 44 fine
525 1162 86 44 in
568 1162 101 44 quo
626 1162 158 44 locatum
741 1162 101 44 est
799 1162 86 44 vt
842 1162 86 44 in
871 1162 86 44 loco

235 1203 158 58 Nihil
340 1203 123 58 est
410 1203 105 58 in
462 1203 158 58 seipo
567 1203 158 58 primo
672 1203 105 58 et
725 1203 123 58 per
777 1203 70 58 se

236 1244 159 51 Locus
342 1244 212 51 continet
501 1244 106 51 et
554 1244 229 51 conseruat
712 1244 159 51 locatum

242 1274 255 72 Unumquodque
446 1274 136 72 tunc
531 1274 255 72 pulcherrime
735 1274 272 72 demonstratur
956 1274 119 72 cum
1024 1274 238 72 ostenditur
1211 1274 136 72 quid

233 1325 105 56 est
293 1325 135 56 ipsum
383 1325 90 56 et
428 1325 105 56 cum
488 1325 210 56 accidentia
653 1325 165 56 propria
773 1325 225 56 ostenduntur
954 1325 120 56 sibi
1029 1325 150 56 inesse
1134 1325 90 56 et
1179 1325 105 56 cum
1224 1325 90 56 oppo

236 1368 128 53 sita
316 1368 144 53 circa
412 1368 144 53 ipsum
492 1368 176 53 soluuutur

229 1420 151 49 Locus
330 1420 118 49 est
397 1420 185 49 equalis
531 1420 118 49 suo
582 1420 134 49 locato

241 1447 123 53 Omne
317 1447 153 53 corpus
425 1447 199 53 inquantum
578 1447 107 53 est
639 1447 107 53 per
701 1447 92 53 se
747 1447 107 53 est
808 1447 92 53 in
839 1447 107 53 loco.

248 1499 211 56 Mnumquodque
417 1499 169 56 refertur
543 1499 211 56 naturaliter
712 1499 84 56 ad
754 1499 126 56 locum
838 1499 112 56 sibi
894 1499 141 56 proprium

237 1535 112 65 Non
301 1535 112 65 est
365 1535 160 65 vacuum
477 1535 96 65 in
524 1535 160 65 natura
636 1535 96 65 Si
684 1535 208 65 poneretur
844 1535 160 65 vacuum
956 1535 96 65 in
1004 1535 96 65 eo
1051 1535 160 65 fieret
1163 1535 144 65 motus
1243 1535 64 65 in

1171 1483 148 76 (istanti

248 1583 122 58 Macuum
333 1583 85 58 est
382 1583 110 58 locus
455 1583 73 58 in
492 1583 85 58 qui
541 1583 122 58 nullum
626 1583 85 58 est
675 1583 122 58 corpus
761 1583 73 58 in
797 1583 85 58 qui
846 1583 122 58 tantum
932 1583 134 58 apertum
1029 1583 110 58 natum
1102 1583 85 58 est
1151 1583 98 58 esse
1200 1583 110 58 corpus.

233 1625 107 49 Mon
294 1625 137 49 entis
385 1625 107 49 non
446 1625 122 49 sunt
522 1625 168 49 species
644 1625 91 49 et
675 1625 198 49 differentie

242 1655 128 72 Uacui
327 1655 86 72 ad
370 1655 143 72 plenum
470 1655 100 72 vel
527 1655 100 72 non
584 1655 128 72 entis
669 1655 86 72 ad
712 1655 100 72 ens
769 1655 128 72 nulla
855 1655 100 72 est
912 1655 185 72 proportio
1054 1655 100 72 vel
1097 1655 171 72 comperatio

236 1714 151 51 Necesse
346 1714 96 51 est
401 1714 137 51 diuidi
497 1714 178 51 excellens
634 1714 82 51 in
675 1714 219 51 excellentiam
853 1714 82 51 et
894 1714 82 51 in
935 1714 123 51 illud
1018 1714 110 51 quod
1073 1714 165 51 excellitur

231 1758 144 43 Unde
321 1758 234 43 excellens
501 1758 108 43 et
556 1758 216 43 excessum
718 1758 180 43 semper
844 1758 180 43 debent
970 1758 108 43 in
1024 1758 180 43 aliquo
1133 1758 198 43 conuenire

232 1800 261 51 Contrariorum
444 1800 147 51 eadem
542 1800 114 51 est
591 1800 147 51 materia

236 1829 147 59 Tempous
342 1829 173 59 exequitur
476 1829 133 59 motum.
569 1829 107 59 quia
636 1829 107 59 quae
703 1829 93 59 non
756 1829 200 59 apprehendit
916 1829 133 59 tempus
1009 1829 93 59 non
1063 1829 200 59 apprehendit
1210 1829 93 59 motum

235 1886 133 62 Tempus
328 1886 93 62 est
381 1886 146 62 numerus
487 1886 120 62 motus
567 1886 160 62 secundum
687 1886 120 62 prius
767 1886 80 62 et
807 1886 186 62 posterius.
953 1886 80 62 id
993 1886 93 62 est
1046 1886 120 62 prius
1126 1886 80 62 et
1153 1886 146 62 posterius

235 1927 120 47 sunt
310 1927 90 47 in
355 1927 120 47 motu
430 1927 135 47 prout
520 1927 120 47 nata
595 1927 120 47 sunt
669 1927 225 47 comprehendi
849 1927 90 47 in
879 1927 120 47 anima.

241 1971 132 63 Nihil
329 1971 162 63 habemus
447 1971 88 63 de
491 1971 162 63 tempore
608 1971 117 63 nisi
682 1971 117 63 nunc
755 1971 88 63 et
799 1971 176 63 praesens
917 1971 132 63 tempus.
