1644 2424
312 262 198 60 finitatio
464 262 92 60 et
510 262 214 60 terminatio
678 262 229 60 inueniuntur
861 262 92 60 in
907 262 137 60 rebus
998 262 107 60 per
1059 262 122 60 suas
1120 262 122 60 formas

321 300 67 67 ⁋
347 300 187 67 Deimericus
495 300 80 67 de
535 300 134 67 Campo.
629 300 147 67 aliquid
736 300 161 67 asserere
856 300 80 67 in
896 300 121 67 lumie
977 300 161 67 naturali
1097 300 94 67 pro
1151 300 107 67 vero
1218 300 107 67 quod
1285 300 94 67 est
1325 300 67 67 fal

317 350 88 51 sum
368 350 76 51 in
406 350 126 51 lumine
494 350 113 51 fidei
570 350 88 51 non
620 350 88 51 est
670 350 139 51 mentiri
771 350 76 51 eo
809 350 101 51 quod
872 350 88 51 est
923 350 126 51 dicere
1011 350 88 51 id.
1061 350 101 51 quod
1124 350 88 51 est
1175 350 151 51 conforme
1276 350 113 51 talibus

1160 395 238 66 (principiis

322 398 84 61 ⁋
356 398 134 61 Idem
440 398 184 61 Motores
574 398 168 61 orbium
691 398 117 61 non
758 398 184 61 explent
892 398 134 61 motu
976 398 168 61 aliquo
1076 398 134 61 organo

316 440 202 56 corporeo
468 440 118 56 sed
535 440 152 56 solum
637 440 186 56 imperio
755 440 219 56 voluntatis.

481 480 210 56 Incipiunt
642 480 242 56 autoritates
836 480 145 56 primi
932 480 145 56 libri
1029 480 97 56 de
1061 480 226 56 generatione.

496 520 128 56 Mnium
581 520 271 56 transmutationem
810 520 186 56 habentium
953 520 86 56 ad
995 520 186 56 seinuicem
1138 520 128 56 eadem
1224 520 100 56 est
1267 520 128 56 materia

497 566 72 45 Ad
533 566 120 45 pauca.
617 566 72 45 id
653 566 72 45 es
689 566 168 45 niversalia
821 566 192 45 respicientes
978 566 72 45 de
1014 566 120 45 facili
1086 566 132 45 enunciant

492 605 161 54 Beneratio
615 605 87 54 est
665 605 124 54 quando
751 605 111 54 totum
825 605 148 54 scilicet
937 605 173 54 compositum
1073 605 74 54 ex
1110 605 136 54 materia
1209 605 74 54 et
1246 605 111 54 forma
1307 605 87 54 trans

489 653 164 54 mutatur
609 653 90 54 in
653 653 134 54 totum
743 653 134 54 nullo
833 653 179 54 subiecto
967 653 239 54 sensibiliter
1161 653 194 54 remanente
1295 653 105 54 eodem

320 684 145 61 Qualitas
429 684 133 61 symbola
525 684 72 61 id
562 684 85 61 est
610 684 133 61 similis
706 684 145 61 scilicet
815 684 72 61 in
851 684 97 61 spem
912 684 72 61 et
948 684 85 61 non
996 684 72 61 in
1033 684 109 61 nuero
1105 684 109 61 eadem
1178 684 109 61 manet
1250 684 72 61 in
1274 684 121 61 generato

1159 739 119 66 (et
1210 739 187 66 corrupto.

314 736 97 58 Ex
362 736 161 58 nihilo
475 736 145 58 nihil
555 736 81 58 fit

320 780 133 50 Sola
403 780 149 50 terra
503 780 166 50 iudice
602 780 116 50 caret

323 817 213 49 Passiones
486 817 115 49 non
552 817 131 49 sunt
633 817 245 49 separabiles
830 817 82 49 a
846 817 180 49 subiectis

324 854 143 63 Snatio
424 854 129 63 vnius
510 854 86 63 et
553 854 186 63 corruptio
696 854 172 63 alterius
825 854 158 63 propter
940 854 100 63 hoc
997 854 186 63 generatio
1140 854 86 63 et
1183 854 186 63 corruptio
1312 854 86 63 sunt

1221 908 175 52 (eterna.

314 912 142 45 Quod
403 912 125 45 non
474 912 125 45 est
545 912 213 45 cognitum
706 912 125 45 non
777 912 125 45 est
830 912 89 45 ens

320 949 106 46 Hyle
386 949 79 46 id
425 949 92 46 est
478 949 145 46 materia
584 949 119 46 prima
663 949 132 46 maxime
756 949 92 46 est
809 949 172 46 subiectum
941 949 211 46 generationis
1113 949 79 46 et
1152 949 211 46 corruptionis
1311 949 79 46 sus-

325 993 188 44 ceptibile.
473 993 94 44 vne
526 993 175 44 subiectum
661 993 215 44 generationis
836 993 81 44 et
876 993 215 44 corruptionis
1051 993 94 44 est
1105 993 148 44 materia
1199 993 108 44 prima.

319 1032 156 54 Materia
432 1032 99 54 non
489 1032 99 54 est
546 1032 199 54 quantitas.
702 1032 99 54 sed
759 1032 99 54 est
815 1032 128 54 illud
901 1032 128 54 cuius
986 1032 170 54 terminus
1113 1032 99 54 est
1156 1032 156 54 quantitas

314 1076 190 53 Materia
452 1076 190 53 nunquam
590 1076 224 53 separatur
763 1076 104 53 ab
815 1076 173 53 aliqua
918 1076 121 53 forma

315 1122 136 50 Omne
400 1122 153 50 agens
502 1122 254 50 naturaliter
705 1122 102 50 in
756 1122 170 50 agendo
858 1122 203 50 repatitur.

318 1138 136 69 Agens
409 1138 91 69 et
454 1138 166 69 patiens
575 1138 121 69 sunt
651 1138 91 69 in
696 1138 197 69 principio
847 1138 212 69 dissimilia
1014 1138 91 69 et
1059 1138 91 69 in
1105 1138 121 69 fine
1180 1138 121 69 sunt
1241 1138 151 69 similia.

319 1205 168 53 similia
441 1205 152 53 quidem
547 1205 91 53 in
593 1205 168 53 genere.
715 1205 213 53 dissimilia
882 1205 122 53 vero
959 1205 91 53 in
989 1205 122 53 specie

314 1247 152 59 Agens
416 1247 102 59 et
466 1247 186 59 patiens
602 1247 119 59 non
670 1247 152 59 agunt
771 1247 135 59 nisi
839 1247 237 59 approximata.

314 1285 154 59 finis
416 1285 120 59 non
485 1285 137 59 agit
570 1285 137 59 nisi
639 1285 222 59 metaphorice

324 1304 172 72 Mabitibus
456 1304 79 72 id
496 1304 93 72 est
549 1304 132 72 tormis
641 1304 185 72 exinntibus
787 1304 79 72 in
826 1304 145 72 materia
932 1304 132 72 cessat
1025 1304 119 72 omnis
1104 1304 119 72 motus
1183 1304 79 72 et
1210 1304 185 72 transmutatio

319 1369 162 53 Elementa
441 1369 95 53 non
495 1369 135 53 manent
590 1369 108 53 actu
658 1369 81 53 in
698 1369 135 53 mixto.
793 1369 95 53 sed
847 1369 149 53 virtute
955 1369 81 53 id
996 1369 95 53 est
1037 1369 135 53 remisse.

313 1420 168 40 Mixtio
431 1420 118 40 est
498 1420 252 40 miscibilium
700 1420 252 40 alteratorum
902 1420 135 40 vnio
986 1420 118 40 Non
1037 1420 236 40 corruptorum.

319 1452 71 57 ⁋
347 1452 155 57 Commen.
460 1452 113 57 Omne
531 1452 99 57 ens
587 1452 212 57 naturaliter
757 1452 99 57 est
813 1452 169 57 cognitum
940 1452 71 57 a
968 1452 141 57 nobis.
1067 1452 85 57 et
1110 1452 113 57 quod
1180 1452 99 57 non
1237 1452 99 57 est
1279 1452 113 57 cogni-

322 1500 101 50 tum
379 1500 72 50 a
408 1500 130 50 nobis
495 1500 101 50 non
552 1500 101 50 est
610 1500 101 50 ens
668 1500 231 50 naturaliter.
855 1500 72 50 ⁋
884 1500 101 50 Mon
942 1500 101 50 est
1000 1500 188 50 credendum
1144 1500 115 50 quod
1216 1500 115 50 ille
1274 1500 115 50 primus

321 1549 160 46 magister.
444 1549 148 46 scilicet
555 1549 136 46 Aristo.
654 1549 136 46 aliquid
752 1549 99 46 sine
814 1549 111 46 forti
888 1549 136 46 ratione
974 1549 111 46 dixerit

317 1582 75 61 ⁋
347 1582 181 61 Albertus
483 1582 121 61 Quid
558 1582 121 61 mihi
634 1582 91 61 de
679 1582 196 61 miraculis
830 1582 166 61 diuinis
950 1582 91 61 in
996 1582 121 61 phia
1071 1582 106 61 cum
1131 1582 91 61 de
1177 1582 136 61 rebus
1252 1582 151 61 naturali

1201 1622 129 81 (bus
1266 1622 129 81 loquir

318 1623 207 73 Compositio
481 1623 163 73 secunda
599 1623 222 73 paesupponit
777 1623 251 73 compositionem
983 1623 148 73 prima.
1087 1623 118 73 quia
1146 1623 74 73 co-

316 1666 164 54 positio
435 1666 134 54 prima
524 1666 104 54 est
584 1666 164 54 secunde
703 1666 253 54 compositionis
896 1666 119 54 causa.

312 1687 153 95 Prima
414 1687 237 95 compositio
600 1687 119 95 est
668 1687 237 95 compositio
855 1687 102 95 ex
905 1687 186 95 materia
1041 1687 102 95 et
1092 1687 170 95 forma.
1211 1687 119 95 sed
1261 1687 136 95 compo-

313 1753 145 66 sitio.
414 1753 159 66 secunda
529 1753 101 66 est
587 1753 202 66 accidentis
746 1753 87 66 et
775 1753 145 66 subiecti

567 1775 66 72 ⁋
593 1775 172 72 Autorita.
725 1775 119 72 libro
805 1775 145 72 secundi
910 1775 79 72 de
950 1775 198 72 generatione
1095 1775 119 72 Aristo.

484 1827 166 71 Rementa
604 1827 151 71 actiua
710 1827 90 71 et
755 1827 166 71 passiua
875 1827 120 71 sunt
951 1827 90 71 ad
996 1827 166 71 inuicem
1116 1827 105 71 cum
1161 1827 151 71 subiecto

483 1861 141 85 Calidum
586 1861 90 85 est
637 1861 103 85 quod
701 1861 167 85 congregat
830 1861 167 85 homogenea
958 1861 167 85 inquantum
1086 1861 167 85 homogenea
1215 1861 77 85 id
1253 1861 90 85 est
1304 1861 90 85 uae
1343 1861 64 85 sut

439 1917 128 76 eiusdem
533 1917 187 76 generationis
684 1917 70 76 et
719 1917 140 76 segregat
824 1917 175 76 heterogenia
964 1917 70 76 id
999 1917 82 76 est
1046 1917 93 76 quae
1104 1917 93 76 sunt
1162 1917 128 76 diuersi
1244 1917 163 76 generations.

305 1963 185 67 frigidum
443 1963 108 67 est
505 1963 123 67 quod
582 1963 201 67 congregat
737 1963 108 67 tam
798 1963 231 67 heterogenea
984 1963 123 67 quam
1045 1963 170 67 homogenea
