1604 2419
257 233 88 78 Non
308 233 113 78 solum
383 233 125 78 scimus
470 233 113 78 anima
545 233 88 78 sed
595 233 113 78 etiam
670 233 163 78 scientia.
795 233 75 78 et
833 233 113 78 etiam
908 233 88 78 non
958 233 113 78 solum
1033 233 138 78 sanamur
1133 233 150 78 sanitate
1245 233 88 78 sed
1283 233 50 78 sa

1084 302 161 68 (namur
1180 302 145 68 corpore

251 292 123 55 Unde
328 292 108 55 non
389 292 139 55 solum
482 292 139 55 omnis
574 292 216 55 comparatio
744 292 185 55 dependet
882 292 77 55 a
913 292 154 55 forma.
1021 292 108 55 sed

249 343 136 47 etiam
339 343 75 47 a
370 343 181 47 materia.
506 343 242 47 principalius
702 343 136 47 tamen
792 343 181 47 dependet
928 343 75 47 a
943 343 121 47 forma.

250 381 140 67 Actus
344 381 202 67 actiuorum
499 381 124 67 sunt
576 381 93 67 in
623 381 186 67 patiente
762 381 264 67 praedisposito
980 381 186 67 Potentie
1104 381 217 67 cognoscuntur

248 417 109 63 per
311 417 156 63 actus.
420 417 141 63 actus
514 417 125 63 vero
592 417 109 63 per
639 417 141 63 obiecta

251 466 232 57 Naturalissimum
444 466 77 57 em
483 466 129 57 operum
573 466 90 57 est
624 466 77 57 in
663 466 180 57 viuentibus
804 466 193 57 quaecumquam
959 466 154 57 perfecta
1075 466 103 57 sunt
1139 466 77 57 et
1177 466 90 57 non
1216 466 103 57 orbata

255 507 76 58 et
293 507 89 58 que
344 507 203 58 generationem
509 507 89 58 non
560 507 127 58 habent
649 507 190 58 spontaneam.
801 507 152 58 generare
916 507 102 58 sibi
979 507 140 58 simile.
1081 507 76 58 vt
1119 507 102 58 esse
1182 507 140 58 diuinum
1271 507 51 58 et

252 548 166 62 immortale
380 548 191 62 participent
533 548 153 62 secundum
648 548 77 62 id
686 548 102 62 quod
750 548 153 62 paesent.
865 548 77 62 Et
903 548 115 62 istud
980 548 204 62 intelligitur
1145 548 115 62 inter
1222 548 102 62 tres
1273 548 51 62 po

247 587 140 72 tentias
349 587 127 72 animae
438 587 191 72 vegetatiue.
591 587 102 72 quia
654 587 127 72 animae
743 587 203 72 intellectiue
908 587 114 72 ipsum
985 587 191 72 intelligere
1137 587 89 72 est
1188 587 127 72 maxime
1264 587 64 72 na-

251 635 145 54 turale
353 635 102 54 quo
411 635 131 54 etiam
498 635 116 54 homo
571 635 203 54 assequitur
731 635 160 54 vltimam
833 635 203 54 felicitatem.

245 673 139 64 Mihil
337 673 93 64 de
383 673 154 64 numero
491 673 386 64 corruptibiliumbtingit
831 673 123 64 idem
908 673 154 64 numero
1016 673 154 64 manere
1124 673 154 64 semper
1216 673 108 64 tamen

244 713 136 59 potest
340 713 109 59 vnum
408 713 177 59 permanere
544 713 82 59 in
585 713 136 59 specie
681 713 95 59 per
722 713 204 59 generationem.

247 755 211 59 Scientia
405 755 123 59 est
458 755 246 59 vniuersalium

237 793 231 58 Uniuersalia
421 793 123 58 sunt
498 793 92 58 in
544 793 154 58 anima.
652 793 108 58 sed
713 793 246 58 particularia
913 793 123 58 sunt
990 793 138 58 extra
1067 793 123 58 animam

238 840 116 76 Anima
316 840 181 76 intelligit
458 840 129 76 quando
548 840 116 76 vult.
626 840 90 76 sed
678 840 90 76 non
729 840 129 76 sentit
820 840 129 76 quando
910 840 116 76 vult.
988 840 103 76 quia
1053 840 155 76 obiectum
1156 840 168 76 intellectus

248 889 88 50 est
298 889 75 50 in
335 889 113 50 anima
410 889 75 50 vt
448 889 188 50 vniversale.
598 889 150 50 obiectum
710 889 125 50 sensus
798 889 88 50 est
848 889 113 50 extra
923 889 125 50 animam
1010 889 75 50 vt
1035 889 175 50 particulare.

242 926 118 65 Duplex
325 926 82 65 est
372 926 141 65 sensibil
477 926 129 65 scilice
571 926 71 65 pr
607 926 71 65 se
642 926 71 65 et
677 926 82 65 per
724 926 118 65 accus.
807 926 82 65 per
854 926 141 65 accidens
959 926 71 65 vt
995 926 82 65 est
1042 926 118 65 aliqui
1124 926 165 65 substantia
1241 926 71 65 par-

245 976 164 44 ticularis.
374 976 70 44 vt
409 976 117 44 diarrt
491 976 117 44 filius
573 976 152 44 Sensibile
690 976 82 44 per
737 976 70 44 se
772 976 82 44 est
819 976 117 44 duplex
900 976 140 44 scilicet
1006 976 105 44 comne
1076 976 70 44 et
1099 976 129 44 proprium.

240 1016 138 53 Commnia
341 1016 176 53 sensibilia
479 1016 100 53 sunt
541 1016 138 53 quinque
642 1016 150 53 scilicet
755 1016 176 53 magnitudo.
893 1016 125 53 motus.
980 1016 125 53 quies.
1068 1016 150 53 numerus.
1181 1016 75 53 et
1206 1016 113 53 figura.

236 1057 108 62 abtet
308 1057 144 62 proprium
416 1057 84 62 est
464 1057 96 62 quod
525 1057 84 62 per
573 1057 72 62 se
609 1057 144 62 sentitur
717 1057 72 62 ab
753 1057 84 62 vno
801 1057 120 62 sensu.
885 1057 72 62 vt
921 1057 108 62 color
993 1057 60 62 a
1017 1057 108 62 visu.
1090 1057 72 62 et
1126 1057 84 62 sic
1174 1057 72 62 de
1198 1057 120 62 singulis

246 1103 151 60 Quinque
356 1103 110 60 sunt
425 1103 137 60 sensus
521 1103 165 60 scilicet
645 1103 137 60 visus.
741 1103 165 60 auditus.
864 1103 165 60 odoratus
988 1103 151 60 tactus.
1098 1103 82 60 et
1125 1103 124 60 gustus.

236 1146 159 52 Sensus
347 1146 111 52 non
411 1146 207 52 decipitur
570 1146 143 52 circa
665 1146 191 52 proprium
792 1146 175 52 obiectum.

237 1183 132 62 Color
325 1183 103 62 est
384 1183 161 62 visibil
501 1183 103 62 per
560 1183 103 62 se.
618 1183 117 62 Lume
691 1183 103 62 est
750 1183 132 62 actus
838 1183 176 62 diaphoni
970 1183 176 62 secundum
1101 1183 117 62 quod
1160 1183 161 62 diaphonum

234 1225 196 63 Diaphonum
385 1225 105 63 est
445 1225 166 63 aliquod
565 1225 151 63 corpus
671 1225 241 63 praespicuum.
867 1225 90 63 vt
912 1225 105 63 aer
972 1225 121 63 aqua
1048 1225 90 63 et
1093 1225 151 63 corpus
1183 1225 136 63 celeste

229 1271 153 48 Lumen
331 1271 119 48 nec
399 1271 119 48 est
466 1271 170 48 corpus
585 1271 119 48 nec
653 1271 170 48 fiuxus
755 1271 186 48 corporis.

242 1310 105 74 Lume
307 1310 92 74 est
360 1310 184 74 hypostesis
504 1310 144 74 colorum
609 1310 79 74 id
648 1310 92 74 est
701 1310 79 74 de
740 1310 144 74 formali
845 1310 223 74 constitutione
1029 1310 105 74 quod
1094 1310 79 74 et
1133 1310 170 74 Uirgilius
1251 1310 66 74 in-

230 1354 179 77 tellexit
364 1354 253 77 sextoEeneidos
573 1354 104 77 cum
632 1354 134 77 dixit
722 1354 89 77 Et
766 1354 134 77 rebus
856 1354 104 77 nox
915 1354 179 77 abstulit
1049 1354 119 77 atra
1109 1354 134 77 colorem

245 1397 225 46 Impossibile
425 1397 105 46 est
485 1397 105 46 duo
545 1397 165 46 corpora
666 1397 120 46 esse
741 1397 90 46 in
786 1397 135 46 eodem
861 1397 90 46 loco

244 1427 189 60 Illuminatio
395 1427 88 60 non
446 1427 88 60 fit
496 1427 176 60 successiue
635 1427 76 60 et
672 1427 76 60 in
710 1427 151 60 tempore.
823 1427 88 60 sed
874 1427 88 60 fit
924 1427 76 60 in
962 1427 164 60 instanti.
1088 1427 76 60 et
1113 1427 113 60 subito.

234 1474 156 65 Tenebra
347 1474 99 65 est
404 1474 170 65 priuatio
531 1474 156 65 luminis
644 1474 127 65 Color
729 1474 99 65 non
786 1474 99 65 est
842 1474 184 65 visibilis
984 1474 113 65 sine
1054 1474 156 65 lumine.
1168 1474 113 65 quia
1224 1474 85 65 eius

948 1525 142 71 (pntia
1047 1525 227 71 constituitur
1217 1525 99 71 color

232 1521 179 61 densibile
370 1521 151 61 positum
480 1521 138 61 supier
576 1521 138 61 sensum
672 1521 96 61 non
727 1521 124 61 facit
796 1521 179 61 sensationem

232 1571 133 57 Sonus
321 1571 177 57 causatur
453 1571 88 57 ex
498 1571 206 57 collisione
660 1571 177 57 corporum
792 1571 133 57 aerem
881 1571 192 57 violenter
1013 1571 192 57 frangentium

233 1616 118 61 Echo
307 1616 103 61 est
366 1616 132 61 sonus
454 1616 191 61 scundario
601 1616 147 61 factus
704 1616 88 61 ex
748 1616 235 61 reprcussione
939 1616 118 61 soni
1013 1616 132 61 prius
1086 1616 103 61 facti

232 1651 120 57 Nox
300 1651 120 57 est
369 1651 154 57 sonus
471 1651 188 57 animati
591 1651 154 57 tantum.

231 1693 96 77 Uox
286 1693 96 77 est
341 1693 206 77 repercussio
506 1693 124 77 aeris
589 1693 179 77 inspirati
726 1693 83 77 ad
768 1693 151 77 vocalem
878 1693 165 77 arteream
1002 1693 96 77 cum
1057 1693 151 77 imagine
1153 1693 165 77 sgnicandi.

233 1738 398 47 Inanimatum
546 1738 285 47 nullum
716 1738 228 47 vocat.

237 1782 134 64 Lingue
330 1782 174 64 congruunt
464 1782 93 64 duo
517 1782 147 64 officia
624 1782 93 64 seu
677 1782 120 64 opora
758 1782 134 64 nature
851 1782 160 64 scilicet
971 1782 80 64 in
1011 1782 134 64 gustum
1105 1782 80 64 et
1131 1782 134 64 loquelam

234 1826 117 64 Homo
308 1826 132 64 praue
395 1826 161 64 odorat.
513 1826 88 64 et
557 1826 176 64 odoratum
688 1826 132 64 habet
776 1826 161 64 peiorem
893 1826 146 64 multis
996 1826 205 64 animalibus
1157 1826 103 64 sed
1201 1826 117 64 gustum

234 1865 76 51 et
272 1865 126 51 tactum
360 1865 113 51 habet
436 1865 164 51 certiorem
562 1865 139 51 omnibus
650 1865 151 51 animalibus

246 1911 129 71 Anima
332 1911 101 71 est
389 1911 129 71 causa
475 1911 172 71 corporis
605 1911 172 71 viuentis
734 1911 86 71 in
777 1911 172 71 triplici
906 1911 144 71 genere
1007 1911 144 71 cause.
1108 1911 172 71 scilicet
1222 1911 101 71 forma

224 1948 115 71 lis.
295 1948 158 71 finalis
410 1948 86 71 et
439 1948 187 71 efficientis
