1608 2433
253 235 125 92 Duplex
341 235 88 92 est
391 235 113 92 finis
467 235 150 92 scilicet
580 235 113 92 finis
655 235 125 92 gratia
743 235 113 92 cuius
818 235 75 92 et
855 235 113 92 finis
931 235 88 92 quo
981 235 75 92 id
1018 235 88 92 est
1069 235 113 92 finis
1144 235 113 92 extra
1219 235 75 92 et
1244 235 88 92 finis

263 304 140 60 Nihil
357 304 172 60 proprie
482 304 187 60 nutritur
622 304 234 60 naturaliter
810 304 125 60 nisi
872 304 125 60 viuum.

261 335 108 73 Tres
328 335 108 73 sunt
395 335 108 73 pone
463 335 135 73 animae
557 335 189 73 vegetatiue
706 335 162 73 scilicet
827 335 175 73 nutritiua
962 335 216 73 augmentativa
1137 335 81 73 et
1164 335 162 73 generativa

262 383 137 67 Radices
361 383 75 67 in
398 383 137 67 plantis
498 383 99 67 sunt
560 383 137 67 similes
659 383 124 67 oribus
746 383 75 67 in
783 383 174 67 animalibus
920 383 99 67 quia
982 383 99 67 ambo
1044 383 186 67 nutrimentum
1181 383 149 67 suscipiunt

269 423 131 64 Ignis
357 423 218 64 augmentatur
531 423 87 64 in
574 423 189 64 infinitum
720 423 174 64 quousque
850 423 145 64 fuerit
937 423 218 64 combustibile.

260 453 130 80 Omnium
351 453 130 80 natura
442 453 195 80 constantium
598 453 130 80 certus
689 453 91 80 est
741 453 156 80 terminus
859 453 78 80 et
898 453 117 80 ratio
976 453 221 80 magnitudinis.
1158 453 78 80 et
1184 453 143 80 augmenti.

253 497 210 81 Alimentum
414 497 129 81 ante
495 497 242 81 decoctionem
689 497 113 81 est
754 497 226 81 contrarium
931 497 97 81 et
980 497 210 81 dissimile
1141 497 162 81 alito.
1254 497 113 81 sed

259 566 122 59 post
335 566 229 59 decoctionem
518 566 122 59 erit
595 566 122 59 sibi
656 566 122 59 simile

265 598 175 63 Necesse
392 598 111 63 est
456 598 127 63 omne
535 598 159 63 viuens
646 598 175 63 quamdiu
773 598 143 63 viuit
852 598 143 63 nutriri

263 648 162 65 Nlihil
376 648 178 65 generat
506 648 178 65 seipsum
636 648 113 65 sed
684 648 130 65 saluat

265 672 134 74 Agens
354 672 89 74 et
399 672 164 74 patiens
518 672 89 74 in
562 672 193 74 principio
711 672 119 74 sunt
785 672 223 74 dissimilia.
964 672 89 74 in
1008 672 119 74 fine
1083 672 119 74 vero
1142 672 134 74 similia

262 710 144 84 Duplex
362 710 101 84 est
420 710 187 84 potentia.
564 710 173 84 scilicet
694 710 187 84 propinqua
838 710 86 84 et
881 710 158 84 remota.
996 710 115 84 siue
1068 710 173 84 potentia
1184 710 158 84 coniuncta

262 757 142 75 actui
357 757 95 75 et
405 757 174 75 distans
531 757 95 75 ab
579 757 142 75 actu.
674 757 158 75 Remota
784 757 95 75 vt
832 757 127 75 puer
911 757 174 75 dicitur
1037 757 142 75 habre
1132 757 206 75 potentiam
1275 757 63 75 mi

258 813 222 67 litandi.
424 813 241 67 Propinqua
609 813 111 67 vt
665 813 148 67 homo
739 813 167 67 adultus

263 856 148 67 Omnia
361 856 214 67 appellare
526 856 82 67 a
559 856 132 67 fine
641 856 164 67 iustum
739 856 99 67 est.

284 874 124 100 Passio
370 874 136 100 dicitur
469 874 173 100 dupliciter
605 874 87 100 Uno
655 874 99 100 modo
716 874 136 100 capitur
815 874 87 100 pro
865 874 223 100 transmutatione
1050 874 136 100 quandam
1149 874 99 100 quae
1211 874 87 100 sit
1260 874 87 100 cum
1298 874 49 100 ab

280 925 148 83 iectione
390 925 172 83 contrarii.
526 925 74 83 et
563 925 98 83 illa
624 925 135 83 dicitur
723 925 123 83 passio
809 925 135 83 proprie
907 925 111 83 dicta
981 925 98 83 Alio
1042 925 98 83 modo
1104 925 98 83 idem
1165 925 86 83 est
1215 925 98 83 quod
1264 925 86 83 salus

279 969 72 77 et
315 969 157 77 perfectio
436 969 145 77 alicuius
545 969 72 77 in
581 969 145 77 potentia
690 969 72 77 ab
726 969 121 77 aliquo
810 969 97 77 quod
871 969 85 77 non
919 969 85 77 est
967 969 72 77 in
1004 969 109 77 actu.
1076 969 72 77 et
1112 969 97 77 illa
1173 969 133 77 dicitur
1257 969 97 77 passio

283 1027 222 61 metaphorice.
464 1027 83 61 vt
505 1027 97 61 est
561 1027 167 61 sentire.
686 1027 208 61 intelligere
852 1027 83 61 et
894 1027 97 61 sic
949 1027 83 61 de
977 1027 97 61 aliis

271 1081 208 50 Scientia
427 1081 122 50 est
479 1081 243 50 vniuersalium

280 1107 140 68 Homo
367 1107 122 68 est
437 1107 315 68 prudentissimum
682 1107 157 68 animali

274 1144 171 72 Molles
393 1144 153 72 carne
496 1144 188 72 apertos
632 1144 153 72 mente
734 1144 205 72 dicimus.
888 1144 153 72 duros
990 1144 136 72 vero
1058 1144 171 72 ineptos.

283 1205 148 54 Nihil
381 1205 115 54 est
447 1205 213 54 gustabile
611 1205 131 54 sine
677 1205 131 54 humido

278 1222 118 72 Caro
352 1222 104 72 non
411 1222 104 72 est
471 1222 148 72 medium
574 1222 163 72 tactus.
693 1222 104 72 sed
752 1222 163 72 aliquid
870 1222 133 72 circa
959 1222 148 72 carnem
1063 1222 133 72 sicut
1137 1222 133 72 neruus.

277 1264 139 80 Omnis
369 1264 154 80 sensus
477 1264 108 80 est
539 1264 231 80 susceptiuus
724 1264 216 80 specierum.
894 1264 231 80 sensibilium
1079 1264 123 80 sine
1156 1264 170 80 matria.
1264 1264 108 80 sicut

243 1329 116 78 cera
316 1329 174 78 suscipit
447 1329 160 78 figuram
563 1329 160 78 sigilli
679 1329 116 78 sine
752 1329 131 78 ferro
839 1329 87 78 et
868 1329 102 78 auro.

280 1372 215 61 Excellens
446 1372 215 61 sensibile
611 1372 215 61 corrumpit
759 1372 149 61 sensum.

289 1398 216 69 Abeuntibus
459 1398 247 69 sensibilibus
659 1398 170 69 remanet
783 1398 170 69 species
907 1398 93 69 in
938 1398 185 69 phantasia.

288 1456 124 61 Non
359 1456 124 61 est
430 1456 195 61 necesse
571 1456 141 61 omne
660 1456 177 61 mouens
766 1456 159 61 moueri.

298 1474 151 82 Sensus
403 1474 181 82 communis
539 1474 106 82 est
599 1474 181 82 potentia
735 1474 136 82 anime
825 1474 106 82 que
886 1474 196 82 discernit
1036 1474 211 82 sensibilia
1187 1474 181 82 diuersorum

290 1535 144 67 sensuum
394 1535 78 67 in
434 1535 91 67 vno
486 1535 78 67 et
525 1535 118 67 eodem
603 1535 157 67 tempore.
721 1535 118 67 sicut
799 1535 118 67 dulce
878 1535 78 67 et
917 1535 118 67 album
995 1535 78 67 in
1022 1535 91 67 lacte

302 1562 129 79 Sicut
388 1562 129 79 dicit
474 1562 158 79 homerus
589 1562 144 79 poeta:
689 1562 129 79 talis
775 1562 100 79 est
833 1562 215 79 intellectus
1005 1562 86 79 in
1048 1562 172 79 homnibus
1177 1562 172 79 terrenis
1292 1562 72 79 qua

299 1619 96 65 lem
354 1619 150 65 inducit
463 1619 123 65 pater
545 1619 164 65 filiorum
668 1619 191 65 deorumque.
818 1619 82 65 id
859 1619 96 65 est
900 1619 68 65 sol

296 1656 158 75 Deceptio
414 1656 79 75 et
453 1656 184 75 ignorantia
598 1656 118 75 magis
677 1656 144 75 proprie
782 1656 92 75 est
834 1656 79 75 in
874 1656 184 75 animalibus
1018 1656 105 75 quam
1084 1656 171 75 scientia.
1215 1656 105 75 quia
1281 1656 79 75 in
1307 1656 66 75 ip-

294 1708 96 65 sis
349 1708 123 65 magis
431 1708 192 65 perficitur
582 1708 192 65 ignorantia
732 1708 110 65 quam
787 1708 137 65 scientia

297 1756 155 61 Eadem
400 1756 121 61 est
469 1756 207 61 scientia
607 1756 259 61 contrariorum.

312 1776 156 85 Phantasia
432 1776 84 85 est
480 1776 108 85 motus
552 1776 120 85 factus
637 1776 60 85 a
661 1776 108 85 sensu
733 1776 144 85 secundum
841 1776 120 85 actum.
925 1776 144 85 secundum
1033 1776 96 85 quem
1093 1776 144 85 animalia
1202 1776 108 85 multa
1274 1776 108 85 agunt
1334 1776 48 85 et

1195 1821 176 57 (patiuntur.

380 1831 235 74 Commentator
567 1831 141 74 Anima
661 1831 109 74 est
724 1831 219 74 substantia
896 1831 94 74 et
943 1831 109 74 non
990 1831 156 74 accidens

301 1864 126 87 forme
385 1864 237 87 substantiales
580 1864 168 87 equiuoce
706 1864 112 87 esse
776 1864 84 87 in
818 1864 168 87 subiecto
943 1864 181 87 dicuntur.
1083 1864 112 87 quia
1153 1864 181 87 subiectum
1278 1864 98 87 forme

304 1913 212 70 substantialis
478 1913 87 70 est
528 1913 87 70 ens
577 1913 75 70 in
615 1913 100 70 pona
677 1913 100 70 quod
739 1913 87 70 non
789 1913 87 70 est
839 1913 75 70 in
876 1913 100 70 actu
938 1913 100 70 nisi
1001 1913 87 70 per
1050 1913 137 70 formam.
1150 1913 87 70 sed
1200 1913 162 70 subiectum
1312 1913 62 70 ac-

308 1950 160 95 cidentis
427 1950 93 95 est
481 1950 146 95 aliquod
587 1950 160 95 existens
707 1950 80 95 in
747 1950 120 95 actum
826 1950 160 95 scilicet
946 1950 186 95 compositum
1092 1950 80 95 ex
1132 1950 146 95 materia
1239 1950 120 95 forma
1305 1950 80 95 Unde
