1625 2423
282 274 201 64 Intellectus
443 274 188 64 possibilis
590 274 94 64 est
644 274 148 64 vltimus
751 274 81 64 in
792 274 134 64 ordine
886 274 268 64 intelligentiarum
1100 274 148 64 sepatarum

293 319 104 61 Pria
358 319 169 61 principia
488 319 91 61 per
540 319 117 61 nihil
619 319 117 61 aliud
697 319 104 61 quam
762 319 104 61 solo
827 319 130 61 lumine
918 319 195 61 intellectus
1062 319 195 61 cognoscuntur.

292 367 141 51 Oncumque
398 367 94 51 homo
457 367 117 51 fuerit
539 367 153 51 copulatus
656 367 176 51 intellectui
797 367 82 51 per
844 367 153 51 scientiam
962 367 106 51 omnim
1032 367 106 51 rerum
1102 367 94 51 tunc
1161 367 82 51 est
1208 367 117 51 quaesi
1279 367 70 51 deus

293 400 65 71 ⁋
319 400 168 71 Themistiu
448 400 78 71 Si
487 400 142 71 aliquis
590 400 90 71 est
642 400 194 71 intellectus
797 400 78 71 in
836 400 90 71 qui
888 400 90 71 non
939 400 90 71 est
991 400 168 71 potentia.
1120 400 103 71 ille
1185 400 90 71 nec
1224 400 129 71 intelli-

289 452 89 53 git
340 452 205 53 praeuationes
507 452 89 53 nec
558 452 115 53 mala.
634 452 77 53 et
673 452 115 53 talis
749 452 89 53 est
801 452 115 53 prima
865 452 89 53 causa

297 493 104 60 Ille
362 493 194 60 intellectus
517 493 91 60 qui
569 493 116 60 plura
646 493 181 60 intelligit
789 493 91 60 non
840 493 91 60 est
892 493 155 60 dignior.
1009 493 91 60 sed
1060 493 91 60 qui
1112 493 168 60 nobiliora
1229 493 129 60 intelli-

289 540 95 51 git
344 540 109 51 ille
412 540 95 51 est
466 540 163 51 nobilior
588 540 82 51 et
616 540 122 51 dignior

301 578 185 58 Intellectus
449 578 136 58 diuinus
547 578 86 58 est
596 578 99 58 ipsa
658 578 148 58 veritas.
769 578 74 58 et
806 578 86 58 non
855 578 123 58 semper
942 578 111 58 verum
1003 578 148 58 intelligit

293 625 61 64 ⁋
317 625 159 64 Commenta.
440 625 123 64 super.
526 625 98 64 iii.
587 625 74 64 de
624 625 110 64 anima
697 625 110 64 prius
771 625 86 64 est
820 625 110 64 scire
893 625 147 64 actiones
1003 625 123 64 animae
1089 625 98 64 quam
1150 625 98 64 eius
1199 625 123 64 subiecta

300 664 209 52 Intellectus
468 664 98 52 est
523 664 154 52 omnibus
635 664 168 52 comunis.
761 664 168 52 cognitio
886 664 126 52 autem
956 664 70 52 non

294 706 130 52 Scire
380 706 130 52 genus
467 706 188 52 praecedit
612 706 130 52 ipsum
698 706 130 52 scire
771 706 202 52 differentiam

287 750 128 47 Prima
372 750 185 47 perfectio
514 750 142 47 sensus
613 750 99 47 est
670 750 142 47 virtus
770 750 85 47 in
798 750 142 47 corpore.

283 784 186 67 Uirtutes
423 784 171 67 passiue
547 784 124 67 sunt
625 784 171 67 mobiles
749 784 93 67 ab
795 784 93 67 eo
842 784 109 67 cui
904 784 264 67 attribuuntur.
1121 784 155 67 actiue
1229 784 124 67 vero
1291 784 78 67 mo-

284 835 131 50 uent
366 835 148 50 illud
464 835 115 50 cui
514 835 214 50 attribuutur

279 868 136 75 Anima
370 868 212 75 rationalis
536 868 167 75 indiget
657 868 197 75 inspicere
809 868 91 75 et
854 868 227 75 considerare
1036 868 227 75 intentiones
1218 868 121 75 quae
1278 868 91 75 sunt

285 925 100 54 in
335 925 183 54 virtute
451 925 233 54 imaginatiua.

291 958 123 55 Sicut
374 958 137 55 sensns
470 958 137 55 idiget
566 958 178 55 inspicere
703 958 206 55 sensibilia.
867 958 96 55 ita
922 958 206 55 intellectus
1073 958 233 55 intelligibilia.

284 996 131 61 forme
372 996 131 61 rerum
460 996 248 61 extrinsecarum
664 996 146 61 mouent
751 996 190 61 intellectum

291 1031 125 84 Mens.
375 1031 84 84 id
416 1031 98 84 est
472 1031 209 84 intellectus
639 1031 125 84 agens
723 1031 139 84 aufert
821 1031 139 84 formas
918 1031 70 84 a
946 1031 167 84 materiis
1071 1031 84 84 et
1113 1031 125 84 facit
1197 1031 98 84 eas
1239 1031 139 84 intellet

287 1086 117 50 tiuas
365 1086 78 50 in
404 1086 104 50 actu
469 1086 156 50 postquam
586 1086 104 50 erat
650 1086 208 50 intellectiue
819 1086 78 50 in
845 1086 130 50 potentia

296 1124 229 47 Intellectus
479 1124 168 47 recipit
602 1124 122 47 oens
678 1124 153 47 formas
770 1124 168 47 naturales

292 1165 126 59 Omne
371 1165 204 59 recipiens
528 1165 141 59 debet
622 1165 126 59 esse
700 1165 204 59 denudatum
857 1165 78 59 a
889 1165 157 59 natura
983 1165 141 59 recepti

290 1206 216 60 intellectus
462 1206 202 60 possibilis
621 1206 130 60 nihil
707 1206 130 60 habet
794 1206 86 60 in
837 1206 101 60 sui
895 1206 144 60 natura
996 1206 86 60 de
1039 1206 144 60 formis
1125 1206 202 60 materialibus

293 1263 172 47 Extrema
418 1263 203 47 differunt
574 1263 94 47 in
621 1263 156 47 specie
730 1263 78 47 a
746 1263 140 47 mediis.

272 1301 210 60 Intellectus
440 1301 196 60 possibilis
594 1301 98 60 est
650 1301 126 60 illud
734 1301 112 60 quod
804 1301 98 60 est
860 1301 70 60 i
888 1301 112 60 pona
958 1301 84 60 ad
1000 1301 112 60 oens
1070 1301 210 60 intentiones
1224 1301 140 60 formarum

295 1337 189 54 naturalium.
447 1337 215 54 vniuersalium.
624 1337 76 54 et
662 1337 88 54 non
712 1337 88 54 est
763 1337 76 54 in
800 1337 101 54 actu
864 1337 76 54 ad
901 1337 139 54 aliquod
1002 1337 126 54 entium
1091 1337 152 54 antequam
1192 1337 164 54 intelligat.

289 1387 210 49 Diuersitas
454 1387 165 49 materie
575 1387 165 49 recepte
695 1387 135 49 facit
785 1387 240 49 diuersitatem
980 1387 150 49 nature
1071 1387 210 49 recipientis.

297 1422 125 65 Omne
375 1422 218 65 generabile
547 1422 94 65 et
594 1422 250 65 corruptibile
797 1422 109 65 est
844 1422 218 65 particulare.

301 1460 170 62 Intellectus
437 1460 79 62 non
482 1460 79 62 est
527 1460 68 62 ho
561 1460 68 62 id
595 1460 79 62 est
641 1460 193 62 particularum.
799 1460 102 62 neque
867 1460 113 62 corpus
947 1460 102 62 neque
1015 1460 68 62 et
1049 1460 102 62 forma
1117 1460 68 62 in
1151 1460 125 62 corpore
1230 1460 136 62 sensibitus

296 1509 199 53 intellectus
455 1509 93 53 qui
508 1509 119 53 creat
588 1509 80 53 et
628 1509 146 53 generat
734 1509 239 53 intelligibilia
933 1509 93 53 est
986 1509 199 53 intellectus
1132 1509 106 53 agens.

293 1561 95 41 Aia
348 1561 95 41 non
402 1561 190 41 intelligit
552 1561 109 41 sine
620 1561 231 41 immaginatione
810 1561 122 41 sicut
891 1561 136 41 senius
986 1561 95 41 non
1041 1561 136 41 sentit
1136 1561 109 41 sine
1190 1561 177 41 praesentia.

304 1587 177 57 mpossibile
443 1587 88 57 est
494 1587 126 57 easdem
582 1587 190 57 intentiones
734 1587 126 57 ponere
823 1587 164 57 quandoque
949 1587 215 57 corruptibiles
1126 1587 164 57 quandoque
1240 1587 126 57 eternas.

298 1636 133 50 Natura
391 1636 227 50 corruptibilis
578 1636 107 50 siue
644 1636 187 50 passibilis
791 1636 93 50 non
845 1636 133 50 potest
938 1636 200 50 transmutari
1098 1636 80 50 in
1125 1636 133 50 eternam.

298 1674 190 64 Intellectus
450 1674 114 64 agens
526 1674 76 64 et
564 1674 177 64 possibilis
703 1674 114 64 neque
779 1674 89 64 est
829 1674 215 64 geratioabilis
1006 1674 114 64 neque
1070 1674 202 64 corruptibilis.

291 1717 120 62 Omne
366 1717 105 62 ens
426 1717 195 62 sensibile
576 1717 195 62 diuiditur
726 1717 90 62 in
771 1717 180 62 materiam
906 1717 90 62 et
936 1717 120 62 formam

305 1763 103 51 Nisi
370 1763 116 51 esset
447 1763 90 51 hoc
499 1763 116 51 genus
576 1763 129 51 entium
667 1763 90 51 non
718 1763 155 51 possemus
835 1763 194 51 intelligere
990 1763 207 51 multitudinem
1157 1763 77 51 in
1196 1763 116 51 rebus
1261 1763 103 51 abstra

1227 1804 131 50 (ctis.

301 1802 167 61 Scientia
426 1802 84 61 de
468 1802 125 61 anima
552 1802 195 61 necessaria
705 1802 98 61 est
761 1802 84 61 ad
803 1802 167 61 sciendum
928 1802 139 61 primam
1012 1802 125 61 prohiam

296 1849 120 53 Sicut
376 1849 80 53 se
416 1849 120 53 habet
496 1849 94 53 lux
550 1849 80 53 ad
590 1849 174 53 diaphonum
724 1849 94 53 sic
777 1849 201 53 intellectus
938 1849 120 53 agens
1018 1849 80 53 ad
1058 1849 201 53 possibilem.
1219 1849 107 53 quia
1272 1849 94 53 sicut

300 1886 89 62 lux
351 1886 89 62 est
402 1886 165 62 perfectio
528 1886 152 62 diaphoni
643 1886 89 62 sic
693 1886 190 62 intellectus
845 1886 114 62 agens
921 1886 89 62 est
972 1886 165 62 perfectio
1099 1886 190 62 intellectus
1238 1886 127 62 possibil

285 1932 93 52 Noc
338 1932 106 52 nome
404 1932 199 52 intellectus
563 1932 159 52 equiuoce
683 1932 146 52 dicitur
789 1932 80 52 de
829 1932 186 52 intellectu
975 1932 133 52 agente
1068 1932 80 52 et
1094 1932 173 52 speculatiuo

293 1970 127 73 Omnis
377 1970 141 73 vertus
476 1970 169 73 existens
603 1970 84 73 in
645 1970 155 73 corpore
757 1970 183 73 composita
898 1970 99 73 est
954 1970 84 73 ex
997 1970 141 73 primis
1081 1970 211 73 qualitatibus.
