1626 2432
248 267 89 50 in
293 267 193 50 profundum
441 267 89 50 et
485 267 193 50 sepeliunt
633 267 104 50 eum
692 267 178 50 cauentes
826 267 89 50 ne
870 267 74 50 a
900 267 178 50 piscibus
1018 267 178 50 comedatur.

254 310 105 64 Apes
319 310 131 64 habent
411 310 118 64 regem
489 310 92 64 qui
542 310 92 64 non
594 310 105 64 exit
659 310 170 64 alueolum.
790 310 105 64 nisi
855 310 92 64 cum
908 310 144 64 omnibus
1012 310 131 64 apibus
1104 310 78 64 et
1143 310 92 64 cum
1182 310 144 64 fatigatur

247 359 106 54 rex
308 359 137 54 apum.
399 359 167 54 volatum
520 359 106 54 suo
581 359 137 54 ipsum
672 359 122 54 fert
748 359 122 54 tota
824 359 137 54 turba
900 359 91 54 apum

378 401 78 52 ⁋
410 401 124 52 Item
487 401 109 52 hic
550 401 156 52 quidam
658 401 202 52 incipiunt
814 401 156 52 librum
907 401 109 52 nonum

374 435 73 61 ⁋
404 435 189 61 Sequuntur
549 435 131 61 auto.
636 435 131 61 sexti
723 435 131 61 libri
810 435 87 61 de
853 435 203 61 animalibus
998 435 131 61 Aristo.

346 473 151 80 eneratio
459 473 151 80 filiorum
572 473 88 80 non
623 473 88 80 est
673 473 176 80 conueniens
811 473 100 80 nisi
874 473 138 80 postria
974 473 126 80 lustra
1062 473 138 80 annorum
1163 473 75 80 id
1200 473 88 80 est
1251 473 75 80 xv
1276 473 50 80 an

1196 522 123 62 (nos

354 518 124 54 Mares
437 518 138 54 multum
534 518 193 54 futuantes.
686 518 83 54 id
727 518 97 54 est
782 518 166 54 coeuntes
907 518 111 54 cito
962 518 152 54 senescunt

245 563 222 64 Impregnatio
423 563 163 64 accidit
541 563 207 64 mulieribus
704 563 222 64 naturaliter
882 563 118 64 post
956 563 207 64 menstruum.
1118 563 118 64 raro
1178 563 118 64 aliter

245 610 144 54 Femine
345 610 115 54 post
417 610 144 54 partum
517 610 115 54 cito
589 610 172 54 crescunt
718 610 86 54 et
761 610 100 54 cum
819 610 100 54 boc
876 610 129 54 fiunt
948 610 129 54 vetule.

243 661 215 42 Mulieribus
411 661 169 42 tempore
534 661 138 42 primi
626 661 153 42 coitus
734 661 169 42 crescit
856 661 138 42 dolor
933 661 138 42 magnus.

242 677 193 81 Menstruum
391 677 89 81 in
436 677 208 81 mulieribus
599 677 149 81 cessat
703 677 134 81 post.
793 677 104 81 xl.
852 677 149 81 annos.
956 677 89 81 in
1001 677 193 81 aliquibus
1150 677 134 81 autem
1224 677 104 81 manet

245 748 154 42 vsque
347 748 102 42 ad
399 748 273 42 quinquaginta
603 748 137 42 annos.

357 771 68 77 ⁋
385 771 178 77 Sequuntur
522 771 151 77 autori.
631 771 96 77 vii
686 771 123 77 libro
768 771 82 77 de
795 771 192 77 animmalibus.

316 812 102 89 Mne
375 812 117 89 quod
448 812 131 89 habet
535 812 146 89 causas
637 812 160 89 easdem.
754 812 117 89 habt
827 812 131 89 eadem
915 812 204 89 accidentia
1075 812 175 89 scilicet
1192 812 131 89 propria

329 866 130 54 Oculi
415 866 144 54 quando
516 866 202 54 respiciunt
675 866 101 54 res
733 866 130 54 albas
819 866 87 54 et
863 866 159 54 lucidas
964 866 216 54 lachrymantur.

244 910 148 56 Mulier
348 910 177 56 dolorosa
481 910 89 56 et
525 910 163 56 infirma
643 910 89 56 si
688 910 222 56 impregnatur
865 910 133 56 fetum
939 910 177 56 corrumpit.

235 954 187 54 Mulieres
376 954 203 54 lactantes
531 954 109 54 non
594 954 218 54 menstruant
765 954 109 54 vel
827 954 171 54 modicum
936 954 203 54 menstruant.

323 993 73 53 ⁋
353 993 190 53 Autorita.
498 993 146 53 octaui
601 993 131 53 libri
688 993 88 53 de
732 993 204 53 animalibus
878 993 131 53 Aristo.

334 1022 68 79 E
361 1022 150 79 ratione
470 1022 109 79 boni
539 1022 150 79 autoris
648 1022 96 79 est
702 1022 136 79 semper
798 1022 164 79 iudicare
921 1022 164 79 sermones
1030 1022 150 79 dicentis.

254 1068 168 68 Debemus
376 1068 198 68 inspicere
528 1068 152 68 formas
635 1068 137 68 rerum
727 1068 91 68 et
772 1068 198 68 delectari
925 1068 91 68 in
971 1068 168 68 opifice
1093 1068 107 68 qui
1154 1068 137 68 fecit
1230 1068 76 68 eas

230 1122 89 61 Ex
275 1122 119 61 isto
349 1122 179 61 firmiter
483 1122 134 61 teneo
573 1122 224 61 Aristotelem
752 1122 209 61 sepenumero
916 1122 149 61 solere
1020 1122 104 61 dei
1079 1122 194 61 sapientie
1214 1122 89 61 lau-

226 1164 99 52 des
283 1164 170 52 exoluere
410 1164 213 52 immortales.
580 1164 99 52 qui
637 1164 113 52 hanc
708 1164 213 52 pulcerrimam
878 1164 128 52 mundi
964 1164 170 52 fabricam
1091 1164 170 52 rationem
1219 1164 85 52 et
1247 1164 57 52 or

229 1208 131 54 dine
311 1208 197 54 gubernat
458 1208 279 54 sapientissimo
688 1208 197 54 Alioquin
836 1208 115 54 non
902 1208 181 54 diceret
1033 1208 148 54 primo
1115 1208 197 54 Topicorum.

208 1226 82 91 si
249 1226 165 91 quispiam
373 1226 206 91 addubitaret
537 1226 82 91 an
579 1226 110 91 deum
647 1226 165 91 oporteat
771 1226 151 91 vereri.
880 1226 123 91 illum
962 1226 96 91 non
1017 1226 165 91 indigere
1141 1226 165 91 ratione.
1250 1226 69 91 sed

227 1291 130 61 pena.
313 1291 130 61 quasi
400 1291 159 61 diceret
516 1291 101 61 hoc
574 1291 101 61 per
631 1291 87 61 se
675 1291 202 61 manifestum
819 1291 87 61 esse

231 1334 137 56 Magis
322 1334 259 56 concupiscimus
536 1334 137 56 scire
627 1334 168 56 aliquid
749 1334 168 56 modicum
872 1334 92 56 de
917 1334 137 56 rebus
1009 1334 259 56 honorabilibus
1222 1334 92 56 et
1253 1334 61 56 al

235 1385 171 60 tissimis.
366 1385 118 60 licet
445 1385 210 60 probabiliter
616 1385 118 60 illud
695 1385 131 60 tantum
787 1385 158 60 sciamus.
905 1385 105 60 quam
970 1385 118 60 scire
1049 1385 131 60 multum
1141 1385 79 60 de
1181 1385 118 60 rebus
1246 1385 66 60 per

233 1425 232 45 certitudinem
422 1425 131 45 minus
509 1425 189 45 nobilibus
654 1425 87 45 et
683 1425 189 45 vilioribus.

231 1450 80 77 In
271 1450 161 77 quolibet
391 1450 201 77 generatione
552 1450 120 77 rerum
632 1450 147 77 necesse
739 1450 94 77 est
792 1450 120 77 prius
873 1450 201 77 considerare
1033 1450 147 77 comunia
1140 1450 161 77 seorsum.
1261 1450 80 77 et

229 1504 150 55 postea
334 1504 179 55 proprium
468 1504 254 55 vniuscuiusque
678 1504 150 55 illius
767 1504 150 55 generis.

233 1540 156 57 Natura
342 1540 109 57 est
405 1540 140 57 sicut
498 1540 140 57 motor
592 1540 93 57 ad
638 1540 249 57 complementum
825 1540 125 57 rerum.

233 1584 142 56 Natura
332 1584 199 56 cuiuslibet
489 1584 100 56 rem
546 1584 100 56 est
603 1584 100 56 rei
660 1584 85 56 ad
703 1584 114 56 quam
774 1584 100 56 est
817 1584 185 56 praeparata.

242 1635 169 60 Nullum
361 1635 118 60 ens
428 1635 254 60 naturaliter
631 1635 152 60 natum
733 1635 118 60 est
800 1635 186 60 ociose:
936 1635 135 60 vnde
1020 1635 102 60 in
1071 1635 186 60 omnibus
1190 1635 118 60 anima

231 1675 136 60 libus
322 1675 106 60 est
382 1675 106 60 res
428 1675 136 60 nobilis

222 1721 181 55 Creatio
353 1721 198 55 corporis
502 1721 99 55 et
551 1721 214 55 membrorum
716 1721 115 55 est
782 1721 181 55 propter
897 1721 132 55 animam

377 1764 67 56 ⁋
403 1764 147 56 Autori.
511 1764 107 56 noni
578 1764 121 56 libri
658 1764 80 56 de
698 1764 188 56 animalibus
832 1764 121 56 Aristo.

324 1792 170 71 Rincipia
451 1792 213 71 elementorum
621 1792 113 71 sunt
692 1792 170 71 calidum.
820 1792 184 71 frigidum:
962 1792 170 71 humidum.
1089 1792 85 71 et
1118 1792 113 71 siccum

333 1836 169 73 Calidum
455 1836 184 73 frigidum
594 1836 169 73 humidum
717 1836 92 73 et
763 1836 154 73 siccum
870 1836 123 73 sunt
947 1836 138 73 cause
1039 1836 123 73 vite
1116 1836 169 73 mortis.
1223 1836 77 73 som

235 1905 84 38 ni
277 1905 84 38 et
319 1905 168 38 vigilie.
445 1905 196 38 iuuentutis
599 1905 84 38 et
641 1905 210 38 senectutis.
809 1905 182 38 sanitatis
949 1905 84 38 et
977 1905 196 38 egritudinis.

236 1924 152 69 Corpora
347 1924 111 69 dura
416 1924 139 69 quando
513 1924 180 69 calescunt
652 1924 125 69 magis
735 1924 180 69 calescunt
873 1924 111 69 quam
943 1924 152 69 corpora
1054 1924 139 69 mollia
1151 1924 97 69 vel
1192 1924 111 69 humida

227 1976 154 82 Ignis
330 1976 257 82 infrigidari
535 1976 120 82 non
586 1976 137 82 potest
