1728 2479
218 250 221 104 Instrumentum
398 250 138 104 sensus
494 250 138 104 tactus
591 250 97 104 est
646 250 124 104 caro.
729 250 124 104 dicit
812 250 124 104 tamen
895 250 138 104 postea
991 250 110 104 quod
1060 250 221 104 instrumentum
1226 250 69 104 ta-

222 304 96 80 ctus
282 304 84 80 non
330 304 84 80 est
378 304 108 80 caro.
450 304 84 80 sed
497 304 132 80 aliquid
593 304 108 80 infra
665 304 132 80 carnem.
761 304 72 80 vt
797 304 108 80 supra
869 304 120 80 dictum
953 304 84 80 est
1000 304 72 80 in
1036 304 108 80 libro
1108 304 72 80 de
1132 304 84 80 anima

232 359 220 76 Principium
405 359 157 76 sensus
515 359 94 76 in
562 359 220 76 animalibus
735 359 110 76 est
798 359 94 76 in
829 359 126 76 corde.

238 381 131 81 Sensus
329 381 131 81 tactus
421 381 78 81 et
460 381 131 81 gustus
551 381 157 81 continui
669 381 104 81 sunt
734 381 78 81 in
773 381 131 81 corde.
865 381 104 81 tres
930 381 104 81 vero
996 381 144 81 residui
1100 381 104 81 sunt
1165 381 78 81 in
1191 381 118 81 capite.

225 438 151 62 Omne
319 438 188 62 animal
451 438 188 62 habens
583 438 245 62 sanguinem
771 438 169 62 habet
865 438 188 62 cerebrum

241 465 105 86 Homo
307 465 79 86 in
346 465 92 86 sua
399 465 184 86 compatione
544 465 158 86 corporis
662 465 119 86 habet
741 465 119 86 maius
821 465 158 86 cerebrum
939 465 79 86 et
979 465 132 86 capunt
1071 465 119 86 aliis
1137 465 171 86 animalibus.

238 525 177 67 Creatio
366 525 161 67 cranei
479 525 112 67 est
543 525 177 67 propter
672 525 209 67 custodiam
816 525 145 67 cerebri

233 558 183 81 Creatio
367 558 166 81 lingue
483 558 117 81 est
550 558 100 81 ad
600 558 283 81 sermocinandum
833 558 100 81 et
882 558 100 81 ad
932 558 216 81 gustandum
1082 558 150 81 humores

231 582 160 102 Medulla
348 582 102 102 est
406 582 233 102 superfluitas
596 582 117 102 cibi
669 582 88 102 et
713 582 190 102 sanguinis
859 582 88 102 ex
903 582 102 102 quo
961 582 175 102 cibantur
1092 582 117 102 ossa
1165 582 88 102 et
1194 582 117 102 spiri-

236 650 91 76 tus
288 650 183 76 animalium.
432 650 78 76 et
471 650 144 76 propter
575 650 91 76 hoc
628 650 91 76 est
680 650 144 76 retenta
784 650 118 76 inter
850 650 91 76 ossa.

240 682 165 84 Animal
356 682 149 84 multe
455 682 248 84 pinguedinis
654 682 132 84 cito
737 682 198 84 senescit
885 682 99 84 et
935 682 149 84 parum
1018 682 165 84 generat.

246 727 156 74 Cerebrum
363 727 91 74 est
415 727 117 74 valde
494 727 156 74 frigidum
611 727 78 74 et
650 727 117 74 magis
728 727 143 74 omnibus
833 727 143 74 membris
937 727 78 74 et
976 727 183 74 contrarium
1119 727 104 74 eius
1185 727 91 74 est
1224 727 91 74 calor

248 766 122 83 cordis.
337 766 89 83 quia
392 766 78 83 non
436 766 111 83 potest
514 766 89 83 esse
569 766 122 83 aliquod
658 766 122 83 membrum
746 766 66 83 de
779 766 111 83 aliquo
857 766 166 83 complexione
990 766 78 83 per
1034 766 66 83 se
1067 766 89 83 sine
1123 766 133 83 alterius
1211 766 111 83 contrari

248 811 145 90 etate.
349 811 87 90 et
392 811 101 90 ion
450 811 188 90 imaginata
595 811 101 90 est
652 811 145 90 natura
754 811 145 90 ponere
855 811 173 90 cerebrum
985 811 87 90 in
1028 811 173 90 opposito
1144 811 130 90 cordis.

362 863 68 59 â‹
390 863 178 59 Sequuntur
526 863 150 59 autori.
636 863 123 59 libro
718 863 82 59 x.
758 863 82 59 de
799 863 191 59 animalibus
936 863 123 59 Aristo.

334 879 75 107 Bi
372 879 163 107 possibile
497 879 88 107 est
548 879 100 107 esse
610 879 100 107 vnam
673 879 138 107 radicem
773 879 125 107 melius
861 879 88 107 est
911 879 100 107 esse
974 879 100 107 vnum
1037 879 176 107 principium
1175 879 100 107 quam
1225 879 100 107 multa.

245 936 144 70 Natura
346 936 101 70 non
403 936 130 70 facit
490 936 115 70 nisi
562 936 115 70 quod
634 936 144 70 melius
735 936 101 70 est
793 936 87 70 et
836 936 202 70 perfectius
995 936 87 70 ex
1038 936 130 70 rebus
1111 936 216 70 possibilibus.

259 985 138 73 Calor
351 985 200 73 naturalis
505 985 138 73 regit
597 985 154 73 corpus
704 985 200 73 animalis.
858 985 92 73 vt
904 985 184 73 princeps
1027 985 123 73 regnum

256 1020 115 84 Homo
328 1020 130 84 solum
414 1020 159 84 recipit
530 1020 260 84 titillationem.
746 1020 115 84 quia
818 1020 144 84 corium
919 1020 115 84 eius
991 1020 130 84 valde
1078 1020 130 84 tenue
1150 1020 72 84 est

262 1072 126 70 Omne
341 1072 173 70 animali
467 1072 189 70 cornutum
609 1072 142 70 caret
703 1072 189 70 dentibus
845 1072 94 70 in
892 1072 205 70 superiori
1034 1072 173 70 mandibula

255 1092 146 91 Matura
357 1092 102 91 non
416 1092 102 91 dat
474 1092 146 91 membra
576 1092 146 91 vigori
678 1092 233 91 conuenientia
867 1092 116 91 nisi
939 1092 204 91 animalibus
1100 1092 233 91 indigentibus
1274 1092 73 91 il-

259 1162 125 71 lis.
337 1162 93 71 vt
384 1162 156 71 aquile
493 1162 171 71 vngues.
617 1162 156 71 cornua
726 1162 171 71 cernis.
851 1162 140 71 pedes
929 1162 171 71 leporibus

259 1184 163 97 Femine
373 1184 196 97 ceruorum
520 1184 114 97 nec
585 1184 163 97 dentes
700 1184 229 97 superiores
880 1184 114 97 nec
945 1184 163 97 cornua
1043 1184 147 97 habent.

261 1245 170 73 Cornua
380 1245 136 73 sunt
465 1245 153 73 curua
567 1245 187 73 propter
704 1245 187 73 vigorem
840 1245 102 73 et
874 1245 153 73 iuuamen

265 1292 140 68 Aues
353 1292 140 68 loco
441 1292 193 68 dentium
581 1292 175 68 habent
687 1292 175 68 rostrum.

276 1319 226 81 Principium
453 1319 145 81 vitem
550 1319 97 81 et
599 1319 145 81 omnis
695 1319 145 81 motus
792 1319 97 81 et
840 1319 161 81 sensus
953 1319 113 81 est
1018 1319 81 81 a
1034 1319 113 81 corde

270 1348 116 94 Uene
342 1348 188 94 transeunt
487 1348 101 94 per
545 1348 130 94 omnia
632 1348 145 94 membra
733 1348 188 94 corporis.
878 1348 101 94 sed
936 1348 101 94 non
994 1348 188 94 transeunt
1139 1348 101 94 per
1197 1348 130 94 ipsum
1270 1348 72 94 cor

272 1402 113 87 ergo
342 1402 198 87 principium
498 1402 169 87 venarum.
625 1402 155 87 Sanguis
738 1402 99 87 non
794 1402 127 87 venit
879 1402 85 87 ab
921 1402 113 87 alio
992 1402 113 87 loco
1063 1402 113 87 quam
1133 1402 141 87 corde.
1232 1402 113 87 quia
1289 1402 56 87 ip

277 1445 103 86 sum
336 1445 103 86 est
395 1445 132 86 origo
483 1445 88 86 et
527 1445 117 86 fons
600 1445 191 86 sauguinis
747 1445 88 86 et
791 1445 103 86 est
850 1445 206 86 principium
1011 1445 191 86 membrorum
1143 1445 206 86 recipientium

281 1493 191 85 sanguinem.
432 1493 82 85 In
473 1493 178 85 sanguinem
609 1493 191 85 habentibus
760 1493 96 85 est
814 1493 96 85 par
869 1493 123 85 sicut
951 1493 109 85 cor.
1019 1493 96 85 non
1074 1493 123 85 tamen
1156 1493 109 85 epar
1224 1493 96 85 est
1265 1493 82 85 prin

281 1528 141 88 cipium
380 1528 141 88 cordis
478 1528 141 88 totius
577 1528 99 88 nec
634 1528 183 88 sanguinis
775 1528 99 88 vel
831 1528 169 88 venarum.
958 1528 113 88 quia
1029 1528 113 88 vene
1099 1528 183 88 transeunt
1240 1528 99 88 per
1282 1528 71 88 ip-

273 1589 119 69 sum
341 1589 152 69 epar.
442 1589 136 69 ergo
527 1589 136 69 inde
612 1589 119 69 non
663 1589 169 69 oriuntur

281 1609 195 90 Corsolum
427 1609 147 90 inter
525 1609 147 90 omnia
623 1609 163 90 membra
737 1609 212 90 interiora
900 1609 114 90 non
965 1609 163 90 potest
1079 1609 130 90 pati
1144 1609 163 90 dolorem.

279 1645 147 96 Animal
382 1645 162 96 maioris
500 1645 147 96 cordis
603 1645 103 96 est
662 1645 221 96 naturaliter
838 1645 162 96 timidum
956 1645 132 96 sicut
1044 1645 147 96 lepus.
1147 1645 118 96 quia
1221 1645 132 96 calor
1294 1645 59 96 ta

290 1703 98 80 lis
346 1703 168 80 animalis
472 1703 98 80 non
528 1703 140 80 potest
626 1703 126 80 totum
710 1703 98 80 cor
766 1703 112 80 suum
836 1703 210 80 naturaliter
1004 1703 168 80 implere.
1130 1703 84 80 et
1172 1703 112 80 inde
1242 1703 98 80 est
1284 1703 70 80 de-

289 1764 163 63 bilius.
408 1764 119 63 vnde
482 1764 89 63 et
527 1764 163 63 accidit
646 1764 89 63 ei
675 1764 119 63 timor.

289 1780 90 84 In
334 1780 134 84 nullo
423 1780 149 84 membro
528 1780 105 84 est
588 1780 164 84 sanguis
707 1780 134 84 extra
797 1780 134 84 venam
886 1780 224 84 praeterquam
1066 1780 90 84 in
1096 1780 119 84 corde.

313 1818 87 96 In
357 1818 160 96 homine.
474 1818 102 96 cor
532 1818 175 96 declinat
663 1818 87 96 ad
707 1818 190 96 sinistram
853 1818 160 96 partem.
969 1818 102 96 cum
1028 1818 87 96 in
1071 1818 160 96 ceteris
1173 1818 190 96 animmalibus

290 1896 114 66 est
355 1896 98 66 in
404 1896 147 66 medio
485 1896 163 66 pectoris

298 1906 98 92 Cor
354 1906 84 92 et
396 1906 168 92 cerebrum
522 1906 126 92 multa
606 1906 168 92 indigent
732 1906 182 92 custodia.
872 1906 112 92 quia
942 1906 84 92 in
984 1906 98 92 eis
1040 1906 98 92 est
1096 1906 196 92 principium
1236 1906 84 92 vite

299 1952 173 95 Cerebrum
428 1952 101 95 est
486 1952 158 95 membrum
601 1952 158 95 diuinum
716 1952 86 95 in
759 1952 101 95 quo
817 1952 101 95 est
874 1952 173 95 operatio
1004 1952 144 95 sensus
1104 1952 86 95 et
1133 1952 187 95 intellectus
