1728 2479
229 291 130 83 Tunc
310 291 244 83 vnumquodque
506 291 147 83 scire
603 291 228 83 arbitramur
783 291 114 83 cum
848 291 163 83 primam
962 291 163 83 causam
1076 291 147 83 scire
1157 291 147 83 putamus

227 357 125 54 vel
298 357 125 54 cum
370 357 178 54 causas
494 357 142 54 eius
566 357 231 54 cognoscimus

235 382 83 77 In
277 382 194 77 fundamento
429 382 139 77 nature
527 382 83 77 id
568 382 97 77 est
624 382 83 77 in
665 382 153 77 materia
777 382 125 77 prima
860 382 125 77 nihil
943 382 97 77 est
999 382 111 77 actu
1068 382 208 77 distinctum.
1235 382 97 77 sed

219 446 118 56 oens
293 446 133 56 forme
381 446 118 56 sunt
455 446 295 56 distinguibiliter
706 446 88 56 in
750 446 88 56 ea
794 446 177 56 secundum
927 446 133 56 veros
1001 446 103 56 phos.

227 480 88 59 ⁋
263 480 265 59 Commentator
474 480 194 59 Materia
616 480 159 59 prima
722 480 177 59 nullam
845 480 177 59 formam
969 480 159 59 habet
1075 480 177 59 omnino
1180 480 124 59 neque

231 526 148 73 versalem
342 526 86 73 nec
391 526 160 73 particula
514 526 99 73 rem.
576 526 86 73 sed
625 526 136 73 recipit
724 526 111 73 primo
798 526 123 73 formam
884 526 173 73 vniversaem
1020 526 74 73 et
1056 526 148 73 mediante
1167 526 99 73 illa
1217 526 86 73 reci-

227 566 109 66 pit
290 566 125 66 oens
368 566 140 66 alias
461 566 156 66 formas
570 566 140 66 vsque
664 566 94 66 ad
695 566 234 66 indiuiduales.

227 608 118 64 Spes
301 608 103 64 non
360 608 103 64 est
419 608 133 64 forma
508 608 162 64 tantum.
626 608 103 64 sed
685 608 133 64 etiam
773 608 118 64 quid
847 608 207 64 aggregatum
1009 608 89 64 ex
1053 608 162 64 materia
1171 608 89 64 et
1201 608 103 64 forma

232 650 103 68 Ite
291 650 205 68 vniuersale
452 650 103 68 non
511 650 132 68 habet
599 650 117 68 esse
672 650 117 68 nisi
745 650 117 68 quod
819 650 103 68 est
877 650 88 68 in
907 650 117 68 anima.

218 685 207 77 Albertus
373 685 224 77 Admiratio
545 685 121 77 est
614 685 172 77 agonia
735 685 121 77 seu
803 685 172 77 cordis
924 685 224 77 suspensio
1096 685 103 77 in
1131 685 172 77 stuporem

212 736 162 76 magni
320 736 198 76 prodign
464 736 108 76 in
518 736 162 76 sensu
608 736 216 76 apparentis

346 797 78 60 ⁋
378 797 203 60 Sequuntur
534 797 203 60 autorita.
690 797 172 60 secundi
815 797 141 60 libro
909 797 188 60 metaphy.
1034 797 141 60 Aristo.

376 839 111 67 Icut
445 839 83 67 se
487 839 125 67 habet
570 839 138 67 oculus
667 839 222 67 nycticoracis
847 839 83 67 ad
889 839 125 67 lumen
972 839 125 67 solis
1055 839 166 67 viversal
1179 839 111 67 diei
1235 839 69 67 sic

349 864 93 96 ose
402 864 119 96 habet
481 864 132 96 noster
574 864 199 96 intellectus
733 864 79 96 ad
772 864 159 96 manifest
892 864 119 96 ssima
971 864 132 96 nature
1064 864 79 96 id
1103 864 93 96 est
1156 864 79 96 ad
1196 864 106 96 deum
1249 864 53 96 et

359 933 116 59 auod
432 933 218 59 substantias
607 933 189 59 separatas
752 933 87 59 et
796 933 87 59 ad
840 933 160 59 naturas
956 933 131 59 rerum
1029 933 160 59 subtilium

354 967 102 70 Non
413 967 131 70 solum
500 967 102 70 his
558 967 145 70 dicere
660 967 131 70 grans
747 967 145 70 iustum
849 967 102 70 est
907 967 145 70 quirum
1009 967 218 70 opinionibus
1169 967 131 70 aliquis

218 1020 184 77 conicauit.
363 1020 92 77 sed
415 1020 118 77 etiam
494 1020 92 77 his
547 1020 92 77 qui
599 1020 250 77 superficialiter
810 1020 211 77 enunciarunt.
981 1020 105 77 quia
1047 1020 79 77 hi
1086 1020 118 77 etiam
1152 1020 145 77 conferunt

212 1069 183 45 aliquid.
349 1069 168 45 habitum
472 1069 92 45 em
517 1069 168 45 nostrum
640 1069 260 45 preexercitati
838 1069 92 45 sunt

221 1099 164 62 Nocando
341 1099 149 62 phoiam
445 1099 194 62 scientiam
595 1099 194 62 veritatis
744 1099 134 62 recte
834 1099 90 62 se
863 1099 105 62 habet

210 1130 127 95 finis
295 1130 170 95 scientie
422 1130 212 95 speculatiue
592 1130 155 95 veritas
705 1130 113 95 est.
775 1130 170 95 practice
903 1130 113 95 vero
959 1130 99 95 opus.

216 1178 175 66 Uerumi
338 1178 210 66 nescimus
496 1178 140 66 sine
566 1178 123 66 causa

209 1223 162 80 Quicquid
331 1223 95 80 est
385 1223 122 80 causa
466 1223 149 80 aliorum
574 1223 81 80 vt
615 1223 122 80 tale.
696 1223 122 80 illud
777 1223 95 80 est
831 1223 135 80 maxime
925 1223 122 80 tale.
1006 1223 81 80 vt
1047 1223 122 80 ignis
1128 1223 95 80 qui
1182 1223 95 80 est
1222 1223 68 80 max

219 1274 93 75 ime
272 1274 120 75 tale:
352 1274 107 75 quia
419 1274 120 75 ignis
499 1274 93 75 est
552 1274 120 75 causa
633 1274 147 75 caloris
739 1274 134 75 aliis.
833 1274 107 75 ideo
900 1274 93 75 ipe
953 1274 93 75 est
1006 1274 134 75 maxime
1087 1274 93 75 talis

221 1315 120 72 Illud
301 1315 107 72 quod
367 1315 93 72 est
421 1315 120 72 causa
501 1315 120 72 quare
581 1315 107 72 alia
648 1315 107 72 sunt
714 1315 120 72 vera.
794 1315 120 72 illud
875 1315 93 72 est
915 1315 173 72 verissimum.

215 1345 167 72 Unuquoque
344 1345 116 72 sicut
421 1345 77 72 se
460 1345 116 72 habet
537 1345 77 72 ad
576 1345 180 72 entitatem.
717 1345 90 72 sic
769 1345 77 72 se
807 1345 116 72 habet
885 1345 77 72 ad
910 1345 142 72 veritatem

222 1398 75 58 In
260 1398 113 58 nullo
336 1398 189 58 generatione
486 1398 151 58 causarum
600 1398 151 58 conuenit
713 1398 88 58 ire
763 1398 75 58 in
801 1398 176 58 infiuitum.
939 1398 88 58 sed
989 1398 126 58 semper
1077 1398 88 58 est
1128 1398 151 58 deuenire
1241 1398 75 58 ad

211 1452 155 61 aliquod
324 1452 113 61 quod
394 1452 99 61 est
451 1452 141 61 primum
550 1452 85 61 in
592 1452 113 61 illo
663 1452 155 61 genere.
776 1452 113 61 vnde
846 1452 169 61 conuenit
973 1452 169 61 deuenire
1100 1452 85 61 ad
1143 1452 141 61 primum
1228 1452 56 61 fi

209 1489 116 54 nem.
282 1489 145 54 primam
384 1489 189 54 materiam.
529 1489 87 54 et
572 1489 131 54 prima
645 1489 116 54 formam

216 1526 142 84 Primum
315 1526 142 84 semper
415 1526 99 84 est
472 1526 128 84 causa
557 1526 227 84 posterioris.
742 1526 185 84 Beneratio
884 1526 128 84 vnius
969 1526 99 84 est
1026 1526 185 84 corruptio
1154 1526 142 84 alterius

213 1570 181 48 Beneratio
352 1570 97 48 est
408 1570 139 48 medium
505 1570 125 48 inter
589 1570 111 48 esse
658 1570 83 48 et
700 1570 97 48 non
742 1570 83 48 esse

211 1613 170 81 Dupliciter
344 1613 134 81 dicitur
441 1613 134 81 aliquid
539 1613 109 81 fieri
611 1613 73 81 ex
648 1613 121 81 aliis.
733 1613 158 81 vniversa.
854 1613 97 81 quia
915 1613 73 81 ex
951 1613 109 81 puero
1024 1613 85 81 fit
1073 1613 97 81 vir.
1133 1613 73 81 ex
1170 1613 121 81 aurora
1242 1613 49 81 di

219 1658 73 57 es
255 1658 85 57 Uel
304 1658 97 57 sic.
364 1658 73 57 ex
401 1658 97 57 aere
462 1658 85 57 fit
510 1658 109 57 aqua.
583 1658 73 57 et
619 1658 182 57 vniversalte
765 1658 73 57 ex
801 1658 170 57 incompleto
923 1658 133 57 completum

216 1700 189 53 Impossibile
367 1700 88 53 est
418 1700 176 53 principium
556 1700 189 53 sempiternum
707 1700 76 53 ex
745 1700 88 53 quo
795 1700 88 53 fit
846 1700 164 53 generatio
971 1700 151 53 corrumpi
1085 1700 151 53 scilicet
1185 1700 101 53 materi

1077 1746 139 78 sam
1137 1746 159 78 primam

207 1746 109 77 Qui
270 1746 203 77 infinitum
426 1746 140 77 agunt
519 1746 171 77 naturam
644 1746 125 77 boni
722 1746 187 77 latenter
862 1746 187 77 auterunt
1002 1746 93 77 Ex
1033 1746 78 77 quo

220 1787 135 57 habetur
318 1787 98 57 quod
380 1787 111 57 finis
453 1787 74 57 et
490 1787 111 57 bonum
552 1787 172 57 conuertuntur

226 1823 138 76 Nullum
323 1823 125 76 agens
406 1823 166 76 naturale
531 1823 111 76 siue
600 1823 235 76 intellectuale
794 1823 83 76 ab
835 1823 194 76 intentione
988 1823 125 76 finis
1057 1823 166 76 absoluitur

213 1869 177 50 Quicquid
346 1869 222 50 intellectus
524 1869 207 50 intelligit
686 1869 133 50 ipsum
775 1869 133 50 prius
849 1869 118 50 sciuit

212 1913 89 57 In
257 1913 104 57 omi
316 1913 89 57 eo
361 1913 119 57 quod
435 1913 163 57 mouetur
554 1913 163 57 necesse
672 1913 89 57 es
717 1913 193 57 intelligi
851 1913 148 57 materiam

212 1949 137 78 Tunc
297 1949 154 78 scire
400 1949 188 78 putamus
537 1949 120 78 rem
605 1949 120 78 cum
674 1949 171 78 causas
793 1949 120 78 rei
845 1949 222 78 cognoscimus

210 2000 161 59 Auditiones
336 2000 161 59 contingunt
462 2000 138 59 secundum
565 2000 195 59 consuetudinem
726 2000 126 59 entibus
817 2000 69 59 id
852 2000 80 59 est
886 2000 115 59 homnibus

206 2043 141 65 Sicut
301 2043 236 65 consueuimus
489 2043 110 65 ita
552 2043 188 65 dignamur
693 2043 126 65 loqi
772 2043 204 65 Consuetum
929 2043 157 65 semper
1039 2043 157 65 notius
1133 2043 94 65 est.
