1627 2430
312 265 207 62 Ubicunque
471 265 207 62 reperitur
631 265 143 62 magis
726 265 96 62 et
774 265 143 62 minus
870 265 112 62 ibi
934 265 207 62 reperitur
1093 265 159 62 medium
1205 265 96 62 et
1237 265 143 62 equale.

304 317 131 51 Tanta
392 317 102 51 est
450 317 218 51 difficultas
624 317 131 51 scire
711 317 145 51 quanta
813 317 102 51 est
871 317 160 51 medicum
972 317 102 51 esse.

310 359 166 51 Oportet
431 359 121 51 illi
507 359 106 51 qui
567 359 121 51 bene
643 359 151 51 fecit.
734 359 166 51 famulari.

305 391 177 75 Deuarius
438 391 103 75 est
497 391 162 75 mensura
615 391 133 75 omnim
703 391 147 75 rerum.
806 391 118 75 quia
880 391 103 75 est
939 391 206 75 fideiussor
1101 391 147 75 noster
1204 391 88 75 in
1248 391 118 75 omni
1322 391 88 75 ad

313 455 203 41 itersitate
472 455 101 41 vel
530 455 217 41 necessitate
704 455 101 41 pro
761 455 174 41 qualibet
892 455 101 41 rem
950 455 101 41 qua
993 455 174 41 indigemus.

309 472 160 61 Primum
421 472 224 61 institutum
597 472 144 61 debet
693 472 208 61 custodiri
853 472 192 61 Princeps
997 472 144 61 debet
1093 472 208 61 custodire
1237 472 144 61 iustum.

310 522 140 64 Duplex
408 522 98 64 est
464 522 98 64 ius
520 522 168 64 scilicet
645 522 168 64 naturale
771 522 84 64 et
813 522 154 64 legale.
925 522 168 64 Naturale
1051 522 84 64 et
1093 522 112 64 quod
1162 522 112 64 apud
1232 522 112 64 omes
1288 522 98 64 habet

309 582 137 38 eandem
405 582 192 38 potentiam.
556 582 137 38 Legale
652 582 123 38 autem
734 582 192 38 institutum
885 582 96 38 est
940 582 69 38 a
954 582 82 38 lege

309 605 204 60 Sacrificare
473 605 123 60 diis.
554 605 82 60 id
595 605 95 60 est
650 605 95 60 deo
704 605 82 60 et
745 605 109 60 suis
813 605 204 60 simpliciter
977 605 95 60 est
1031 605 177 60 naturale.
1167 605 95 60 sed
1208 605 177 60 sacrificare

308 656 103 66 hoc
367 656 103 66 vel
426 656 132 66 illud
514 656 118 66 isti
588 656 103 66 vel
646 656 118 66 illi
720 656 103 66 est
779 656 88 66 ad
808 656 147 66 placitum

308 703 114 58 Tex
373 703 196 58 probibet
520 703 179 58 seiplum
634 703 212 58 interficere

311 733 158 60 Nullus
422 733 174 60 proprie
549 733 158 60 potest
659 733 190 60 sibiipsi
802 733 190 60 iniuriam
929 733 142 60 facere.

403 774 73 66 â‹
433 774 190 66 Sequuntur
579 774 161 66 autori.
696 774 132 66 sexti
783 774 132 66 libri
871 774 190 66 ethicorum
1002 774 132 66 Aristo.

451 818 83 71 On
493 818 165 71 sufficit
617 818 83 71 ad
658 818 179 71 scientiam
796 818 165 71 alicuius
920 818 110 71 quod
989 818 152 71 sciatur
1099 818 83 71 in
1141 818 193 71 vniuersali
1292 818 83 71 et
1320 818 69 71 con

428 849 95 70 per
483 849 122 70 fuse.
564 849 95 70 sed
618 849 149 70 oportet
727 849 122 70 scire
808 849 203 70 determinate
971 849 81 70 et
998 849 149 70 distincte

441 894 131 80 Omnis
528 894 175 80 cognitio
659 894 102 80 fit
717 894 175 80 secundum
834 894 218 80 similitudinem

418 935 198 67 Consilium
570 935 137 67 debet
662 935 122 67 esse
738 935 91 67 de
784 935 107 67 his
845 935 107 67 que
906 935 168 67 possunt
1028 935 91 67 se
1073 935 152 67 aliter
1165 935 137 67 habere.

322 970 143 73 Consilium
432 970 77 73 non
476 970 99 73 debet
542 970 88 73 esse
597 970 66 73 de
630 970 165 73 praeteritis
762 970 77 73 sed
806 970 66 73 de
839 970 132 73 futuris.
939 970 88 73 quia
994 970 88 73 quod
1049 970 110 73 factum
1126 970 77 73 est
1170 970 77 73 non
1214 970 110 73 potest
1291 970 88 73 esse
1335 970 55 73 non

313 1029 155 74 factum.
425 1029 112 74 vnem
496 1029 126 74 dicit
580 1029 155 74 Agaton.
692 1029 155 74 genitum
805 1029 141 74 facere
903 1029 98 74 non
959 1029 141 74 genitu
1058 1029 98 74 hoc
1114 1029 112 74 solo
1184 1029 169 74 prauatur
1297 1029 98 74 deus.

316 1085 158 45 Nerum
422 1085 158 45 bonum
527 1085 123 45 est
580 1085 246 45 intellectus.

318 1115 108 69 Quique
394 1115 86 69 sunt
447 1115 65 69 in
480 1115 97 69 anima
544 1115 108 69 quibus
620 1115 97 69 verum
684 1115 86 69 ditu
738 1115 129 69 scilicet
835 1115 86 69 ars.
889 1115 140 69 scientia.
996 1115 151 69 sapientia.
1115 1115 161 69 intellectus
1244 1115 65 69 et
1266 1115 118 69 prudentia

318 1169 152 49 Scientia
432 1169 89 49 est
483 1169 76 49 de
521 1169 89 49 his
572 1169 101 49 quod
635 1169 89 49 non
686 1169 152 49 praesent
800 1169 76 49 se
838 1169 127 49 aliter
927 1169 127 49 habre.
1015 1169 76 49 id
1053 1169 89 49 est
1104 1169 76 49 de
1129 1169 127 49 eternis.

305 1203 139 69 Omnis
397 1203 186 69 doctrina
537 1203 108 69 est
598 1203 93 69 ex
645 1203 247 69 praecognitis
846 1203 108 69 vel
908 1203 108 69 est
970 1203 93 69 de
1000 1203 217 69 precognitis.

298 1259 113 47 Ars
363 1259 113 47 est
427 1259 146 47 recta
524 1259 146 47 ratio
622 1259 146 47 rerum
703 1259 210 47 factibilium

314 1297 214 61 Prudentia
478 1297 115 61 est
544 1297 148 61 recta
643 1297 148 61 ratio
742 1297 148 61 rerum
824 1297 198 61 agibilium.

322 1336 170 56 Sapientia
453 1336 92 56 est
505 1336 157 56 cognitio
623 1336 118 56 rerum
702 1336 170 56 diuinarum
833 1336 131 56 habens
925 1336 131 56 capunt
1017 1336 118 56 inter
1096 1336 105 56 oens
1161 1336 118 56 alias
1227 1336 157 56 scientias.

307 1381 191 48 Sapientia
454 1381 103 48 est
513 1381 205 48 certissima
674 1381 147 48 omnium
776 1381 161 48 aliarum
879 1381 205 48 scientiarum.

319 1419 170 67 Iuuenes
442 1419 108 67 non
504 1419 170 67 possunt
627 1419 124 67 esse
705 1419 216 67 prudentes.
874 1419 124 67 quia
952 1419 201 67 prudentia
1106 1419 232 67 prerequirit
1276 1419 108 67 expe-

302 1459 210 52 rientiam
460 1459 123 52 que
530 1459 193 52 indiget
653 1459 158 52 tempore

312 1494 225 74 Multitudo
485 1494 208 74 temporis
641 1494 156 74 facit
727 1494 260 74 experientiam.

314 1547 99 63 Ad
363 1547 215 63 principia
528 1547 116 63 non
594 1547 116 63 est
644 1547 116 63 ratio

311 1573 182 76 Consilia
448 1573 91 76 ra
493 1573 167 76 oportet
615 1573 167 76 operari
736 1573 213 76 velociter.
903 1573 213 76 consiliari
1071 1573 137 76 autem
1147 1573 106 76 tarde

319 1628 227 58 Impossibile
500 1628 106 58 est
561 1628 211 58 prudentem.
727 1628 91 58 id
772 1628 106 58 est
832 1628 181 58 sapiente
968 1628 106 58 non
1029 1628 121 58 esse
1089 1628 121 58 bonum.

319 1654 139 83 Habens
416 1654 111 83 vnam
486 1654 167 83 virtutem
611 1654 125 83 habet
694 1654 111 83 oens
763 1654 180 83 virtutes.
902 1654 111 83 quia
972 1654 208 83 concatenate
1138 1654 111 83 sunt
1208 1654 83 83 in
1235 1654 153 83 prudentia

404 1711 76 61 â‹
434 1711 228 61 Autoritates
617 1711 167 61 septimi
738 1711 137 61 libri
829 1711 198 61 ethicorum
966 1711 137 61 Aristo.

481 1749 107 76 Icut
548 1749 134 76 bestie
641 1749 94 76 nec
695 1749 147 76 malicia
802 1749 94 76 nec
855 1749 134 76 virtus
949 1749 201 76 attribuitur
1109 1749 147 76 proprie
1216 1749 94 76 sic
1270 1749 94 76 nec
1310 1749 67 76 deo

420 1780 111 70 sed
484 1780 111 70 deo
547 1780 255 70 honorabilius
754 1780 175 70 aliquid
882 1780 191 70 virtute.
1025 1780 159 70 bestie
1136 1780 127 70 vero
1216 1780 175 70 aliquod
1327 1780 64 70 ge

441 1839 72 74 ua
477 1839 84 74 nus
525 1839 144 74 malicie.
633 1839 144 74 scilicet
730 1839 192 74 hestialitatis.

330 1883 73 65 n
360 1883 160 65 Momines
476 1883 174 65 dicuntur
606 1883 131 65 fieri
694 1883 102 65 din
752 1883 87 65 id
795 1883 102 65 est
853 1883 145 65 diuini
955 1883 160 65 propter
1071 1883 160 65 vrtutum
1173 1883 203 65 excellentias

303 1929 133 63 Homo
387 1929 166 63 prauus
503 1929 200 63 deterior
653 1929 116 63 est
702 1929 150 63 bestia.

308 1964 171 83 Difficile
439 1964 92 83 est
492 1964 171 83 resistere
623 1964 223 83 consuetudini.
807 1964 105 83 quae
872 1964 197 83 assimilatur
1030 1964 144 83 nature.
1135 1964 157 83 facilius
1253 1964 118 83 tamen
1318 1964 66 83 est
