1728 2479
316 261 79 89 S
348 261 189 89 Equuntur
489 261 236 89 autoritates
678 261 126 89 octo
757 261 189 89 librorum
898 261 236 89 Politicorum
1087 261 236 89 Aristotelis
1260 261 94 89 quos

302 316 201 59 priusquam
457 316 232 59 aggrediamur
642 316 139 59 sciet
735 316 155 59 lector
843 316 185 59 Platonem
982 316 170 59 aliquit
1106 316 155 59 libros
1214 316 93 59 de
1245 316 108 59 repub

291 357 111 65 lica
360 357 166 65 secundum
485 357 111 65 quis
555 357 153 65 iudicio
666 357 125 65 ipius
749 357 180 65 Ciuitates
887 357 111 65 Regi
957 357 166 65 deberent
1082 357 180 65 edidisse.
1220 357 83 65 De
1248 357 111 65 quibus

289 403 174 61 firmianus
422 403 134 61 merito
516 403 214 61 Tbhristianus
690 403 134 61 Cicero
783 403 187 61 appellatus
930 403 120 61 libro
1010 403 80 61 ii
1051 403 94 61 Ca.
1104 403 107 61 xxi.
1171 403 94 61 et.
1224 403 120 61 xxii.
1291 403 67 61 sic

293 442 164 74 seribit
412 442 179 74 Uideamus
546 442 119 74 quid
621 442 179 74 platonem
755 442 179 74 Socrates
889 442 194 74 docuerit.
1038 442 104 74 qui
1098 442 104 74 cum
1157 442 134 74 totam
1232 442 119 74 physi-

291 482 116 68 cauam
368 482 219 68 repundiasset.
549 482 77 68 eo
588 482 77 68 se
626 482 155 68 contulit
742 482 77 68 vt
781 482 77 68 de
820 482 129 68 vrtute
910 482 116 68 atque
987 482 142 68 officio
1090 482 155 68 quireret
1206 482 142 68 Docente
1297 482 64 68 igi

295 528 91 66 tur
347 528 143 66 Socrate
451 528 156 66 mrimonia
567 528 130 66 inquit
658 528 156 66 communia
775 528 104 66 esse
839 528 156 66 debebunt
956 528 156 66 scilicet
1073 528 78 66 vt
1112 528 78 66 ad
1151 528 130 66 eandem
1228 528 130 66 mulierem

285 573 122 58 multi
367 573 108 58 viri
435 573 149 58 tanquam
543 573 122 58 canes
624 573 190 58 confiuant.
773 573 81 58 et
814 573 81 58 Is
855 573 136 58 vtique
949 573 163 58 obtineat
1071 573 95 58 qui
1126 573 149 58 viribus
1220 573 136 58 vicerit.

291 613 97 62 Aut
347 613 83 62 si
388 613 180 62 sapientes
527 613 111 62 sunt
596 613 83 62 vt
638 613 111 62 phi.
708 613 180 62 expectent
846 613 83 62 vt
888 613 153 62 vicibus
999 613 153 62 tamquam
1110 613 153 62 Lupanar
1221 613 139 62 habant
1304 613 42 62 O

289 653 116 65 miram
366 653 154 65 platonis
482 653 193 65 iniquitate.
637 653 90 65 Ubi
688 653 90 65 est
739 653 129 65 igitur
830 653 129 65 vertus
920 653 193 65 castitatur.
1074 653 90 65 Ubi
1125 653 116 65 fides
1190 653 167 65 coniugalis.

297 699 99 67 Que
353 699 85 67 si
396 699 156 67 tollas.
509 699 127 67 omnis
594 699 170 67 iusticia
722 699 156 67 sublata
835 699 113 67 est.
906 699 156 67 Insuper
1019 699 113 67 idem
1090 699 127 67 plato
1175 699 127 67 dixit
1246 699 113 67 beatas

289 739 194 70 Ciuitates
438 739 164 70 futuras
558 739 134 70 esse.
647 739 90 70 si
692 739 105 70 aut
752 739 134 70 plhsi
841 739 209 70 regnarent.
1006 739 105 70 aut
1065 739 134 70 Reges
1140 739 224 70 philosopharem

294 784 94 63 tur
347 784 107 63 huic
414 784 107 63 quae
481 784 94 63 tam
535 784 134 63 iniqui
628 784 107 63 viro
695 784 134 63 regnum
789 784 121 63 dares
869 784 94 63 qui
923 784 121 63 aliis
1003 784 201 63 sustulisset
1164 784 107 63 sua.
1231 784 121 63 aliis
1298 784 67 63 con

297 820 159 66 donasset
416 820 146 66 aliena.
522 820 226 66 prostituisset
708 820 186 66 pudiciciam
854 820 173 66 mulierum.
987 820 106 66 quae
1054 820 133 66 nullus
1147 820 133 66 vnquam
1239 820 93 66 non
1279 820 80 66 modo

299 867 99 60 rex.
360 867 86 60 sed
410 867 74 60 ne
447 867 136 60 tyranus
545 867 123 60 quidem
632 867 123 60 fecit.
718 867 99 60 Quam
780 867 99 60 vero
842 867 136 60 intulit
940 867 111 60 plato
1014 867 148 60 rationem
1126 867 111 60 huius
1200 867 148 60 consilii
1298 867 62 60 sic

299 907 123 64 inqui
381 907 150 64 Ciuitas
491 907 150 64 concors
600 907 109 64 erit
669 907 82 64 et
710 907 123 64 mutui
792 907 137 64 amoris
887 907 191 64 constricta
1038 907 178 64 vinculis.
1175 907 82 64 si
1216 907 109 64 oens
1270 907 96 64 omnim

295 948 150 61 fuerintr
407 948 75 61 et
444 948 125 61 mariti
532 948 75 61 et
569 948 125 61 patres
657 948 75 61 et
694 948 125 61 vxores
781 948 75 61 et
819 948 137 61 liberi.
919 948 87 61 Que
969 948 100 61 ista
1031 948 150 61 confusio
1143 948 200 61 generationis
1293 948 75 61 huma

292 995 81 71 ni
333 995 109 71 est.
401 995 95 71 Quo
455 995 149 71 seruari
564 995 136 71 potest
659 995 176 71 charitas.
794 995 95 71 vbi
849 995 122 71 nihil
930 995 95 71 est
984 995 136 71 certum
1079 995 109 71 quod
1147 995 149 71 ametur.
1255 995 95 71 Que
1296 995 68 71 vir

294 1037 104 59 tus
354 1037 89 59 in
398 1037 119 59 illa
473 1037 194 59 promiscua
622 1037 194 59 voluptate
771 1037 134 59 locum
860 1037 149 59 habet.
964 1037 119 59 Quis
1038 1037 164 59 honorem
1158 1037 164 59 tanquam
1262 1037 104 59 patri

299 1083 150 51 deferet
409 1083 96 51 cum
463 1083 82 51 vn
504 1083 123 51 natus
586 1083 96 51 sit
641 1083 164 51 nesciat.
764 1083 82 51 Ex
805 1083 96 51 quo
859 1083 109 51 fit.
928 1083 82 51 vt
969 1083 96 51 non
1023 1083 137 51 tantum
1119 1083 150 51 alienum
1228 1083 96 51 pro
1269 1083 96 51 patre

300 1121 136 66 habeat.
398 1121 86 66 sed
448 1121 111 66 etiam
522 1121 124 66 patrem
608 1121 86 66 pro
658 1121 136 66 alieno.
757 1121 99 66 Quid
818 1121 99 66 quod
880 1121 99 66 uxor
942 1121 124 66 potest
1028 1121 99 66 esse
1090 1121 161 66 communis.
1214 1121 124 66 filius
1288 1121 74 66 vero

297 1165 86 63 non
346 1165 135 63 potest.
444 1165 98 63 quem
506 1165 135 63 concipi
604 1165 86 63 non
653 1165 98 63 nisi
715 1165 74 63 ex
751 1165 86 63 vno
801 1165 135 63 necesse
899 1165 74 63 e.
936 1165 111 63 Perit
1010 1165 86 63 eat
1059 1165 98 63 illi
1120 1165 86 63 vni
1169 1165 172 63 communitas
1292 1165 74 63 ipsa

296 1205 201 74 reclamante
454 1205 158 74 natura.
569 1205 173 74 Superest
698 1205 86 74 vt
741 1205 173 74 tantummo
871 1205 187 74 concordie
1015 1205 129 74 causa
1101 1205 144 74 vxores
1201 1205 144 74 velint
1288 1205 86 74 esse

299 1256 164 58 ciones.
418 1256 89 58 At
463 1256 134 58 nulla
552 1256 223 58 vehementior
731 1256 238 58 discordiarum
924 1256 104 58 est
984 1256 134 58 causa
1073 1256 119 58 quam
1148 1256 134 58 vnius
1237 1256 149 58 femine
1326 1256 45 58 a

306 1289 144 63 multis
406 1289 158 63 maribus
521 1289 201 63 appetitio.
680 1289 115 63 quod
752 1289 129 63 Plato
838 1289 86 63 et
881 1289 187 63 Socrates.
1025 1289 86 63 si
1068 1289 173 63 rationem
1197 1289 101 63 non
1241 1289 129 63 poterat

301 1333 178 58 exemplis
435 1333 134 58 certe
524 1333 208 58 potuissent
688 1333 193 58 admoneri.
837 1333 89 58 et
881 1333 164 58 mutorum
1000 1333 193 58 animalium
1149 1333 104 58 que
1208 1333 104 58 vel
1268 1333 89 58 ob
1298 1333 74 58 hoc

299 1377 136 66 etiam
390 1377 182 66 acerrime
526 1377 182 66 pugnent.
663 1377 91 66 et
708 1377 167 66 hominum
829 1377 106 66 qui
890 1377 136 66 sempe
981 1377 91 66 ob
1026 1377 106 66 eam
1087 1377 106 66 rem
1148 1377 227 66 grauissima.
1314 1377 61 66 in

305 1422 109 60 ter
368 1422 93 60 se
414 1422 140 60 bella
507 1422 217 60 gesserunt.
678 1422 171 60 Redegit
802 1422 124 60 ergo
880 1422 140 60 Plato
973 1422 171 60 humanam
1097 1422 140 60 vitam
1190 1422 93 60 ad
1221 1422 155 60 similitu

300 1465 149 60 dinem.
405 1465 105 60 non
464 1465 119 60 dico
539 1465 164 60 mutorum
658 1465 105 60 sed
718 1465 164 60 pecudum
838 1465 90 60 et
882 1465 194 60 beluarum.
1032 1465 105 60 Nam
1091 1465 179 60 volucres
1226 1465 119 60 pene
1285 1465 90 60 oens

306 1506 173 62 faciunt
432 1506 220 62 matrimonia
605 1506 94 62 et
652 1506 142 62 paria
747 1506 205 62 iunguntur
904 1506 94 62 et
951 1506 142 62 nidos
1046 1506 126 62 suos
1124 1506 157 62 tanque
1219 1506 157 62 geniales

311 1558 144 52 thoros
412 1558 173 52 concordi
541 1558 130 52 mente
628 1558 202 52 defendunt.
786 1558 87 52 et
830 1558 130 52 fetus
916 1558 115 52 suos
988 1558 115 52 quia
1060 1558 130 52 certi
1147 1558 115 52 sunt
1204 1558 87 52 amat

308 1584 86 79 At
351 1584 100 79 hic
408 1584 128 79 Plato
493 1584 143 79 contra
593 1584 128 79 morem
679 1584 157 79 homnim.
793 1584 186 79 contraque
936 1584 171 79 naturam.
1064 1584 186 79 stultiora
1207 1584 114 79 sibi
1278 1584 100 79 que
1321 1584 57 79 se

314 1636 171 59 queretur
442 1636 142 59 elegit
542 1636 85 59 Et
584 1636 157 59 quoniam
698 1636 157 59 videbat
812 1636 85 59 in
855 1636 157 59 ceteris
969 1636 199 59 animalibus
1126 1636 157 59 officia
1240 1636 142 59 marium
1325 1636 57 59 fe

310 1683 202 63 minarumque
468 1683 115 63 esse
540 1683 187 63 indiuisa.
684 1683 216 63 existimauit
857 1683 173 63 oportere
987 1683 115 63 etia
1059 1683 173 63 mulieres
1189 1683 187 63 militare.
1318 1683 58 63 et

312 1709 187 77 conciliis
456 1709 173 77 publicis
585 1709 187 77 interesse
729 1709 86 77 et
772 1709 216 77 magistratus
945 1709 144 77 gerere
1046 1709 86 77 et
1089 1709 158 77 imperia
1204 1709 158 77 suscipe
1305 1709 72 77 Ita

316 1764 94 52 que
369 1764 94 52 his
423 1764 108 52 arma
490 1764 81 52 et
531 1764 121 52 equos
611 1764 188 52 assignauit
759 1764 188 52 consequens
907 1764 108 52 est.
975 1764 81 52 vt
1015 1764 108 52 lana
1082 1764 81 52 et
1122 1764 121 52 telam
1203 1764 134 52 viris.
1297 1764 81 52 et
1324 1764 54 52 in

317 1804 159 62 fantium
432 1804 231 62 gestationes.
620 1804 101 62 Nec
678 1804 130 62 vidit
765 1804 231 62 impossibilia
952 1804 116 62 esse
1025 1804 87 62 ex
1068 1804 87 62 eo
1111 1804 116 62 quod
1184 1804 130 62 adhuc
1270 1804 87 62 in
1299 1804 87 62 orbe

307 1850 137 58 terre
398 1850 137 58 neque
489 1850 106 58 tam
550 1850 152 58 stulta
656 1850 137 58 neque
747 1850 106 58 tam
807 1850 137 58 varia
899 1850 121 58 vlla
974 1850 121 58 gens
1050 1850 197 58 extiterit
1202 1850 106 58 que
1263 1850 106 58 hoc
1308 1850 76 58 mo

280 1892 85 75 do
323 1892 170 75 viueret.
450 1892 85 75 Ex
493 1892 99 75 his
549 1892 142 75 facile
648 1892 142 75 potest
748 1892 156 75 quisque
861 1892 213 75 commiectare
1031 1892 113 75 quod
1102 1892 170 75 Platonis
1229 1892 85 75 et
1258 1892 113 75 Socra-

309 1925 105 64 tis
369 1925 135 64 dogma
459 1925 105 64 non
519 1925 120 64 erat
594 1925 120 64 nisi
669 1925 180 64 criminis
804 1925 120 64 fons
878 1925 90 64 et
923 1925 135 64 fomes
1013 1925 90 64 et
1058 1925 180 64 vertutum
1193 1925 120 64 omim
1253 1925 135 64 extermi

297 1972 130 64 nium.
383 1972 116 64 quod
456 1972 130 64 tamen
543 1972 159 64 nonulli
659 1972 130 64 etiam
746 1972 145 64 variis
847 1972 174 64 laudibus
977 1972 101 64 non
1035 1972 174 64 verentur
1166 1972 116 64 suis
1238 1972 145 64 libris
1325 1972 58 64 im
