1630 2424
325 254 125 61 num.
403 254 140 61 sicut
497 254 94 61 ex
544 254 156 61 homine
653 254 140 61 fieri
731 254 156 61 hominem.

322 302 163 69 Dupliciter
451 302 128 69 dicitur
544 302 128 69 seruus.
637 302 82 69 Uno
684 302 93 69 modo
742 302 140 69 secundum
847 302 140 69 naturam.
952 302 93 69 alio
1010 302 93 69 modo
1068 302 140 69 secundum
1173 302 105 69 legen
1231 302 105 69 positam

323 350 107 55 Non
384 350 107 55 est
445 350 199 55 possibile
598 350 229 55 naturaliter
781 350 153 55 viuere
888 350 122 55 sine
949 350 92 55 cybo

335 397 183 47 Plurimum
472 397 138 47 genus
564 397 153 47 homnim
671 397 92 47 ex
717 397 138 47 terra
809 397 92 47 et
855 397 199 47 fructibus
1007 397 214 47 domesticis
1160 397 138 47 viuunt.

334 436 123 49 Natura
420 436 148 49 scilicet
531 436 160 49 naturans.
654 436 74 49 id
691 436 86 49 est
740 436 98 49 deus
801 436 111 49 facit
875 436 111 49 omnia
949 436 148 49 animalia
1060 436 135 49 propter
1146 436 123 49 hominem.

331 471 168 75 Duplices
457 471 112 75 sunt
526 471 154 75 diuitie
638 471 168 75 scilicet
764 471 181 75 naturales
903 471 84 75 et
945 471 237 75 artificiales.
1141 471 181 75 naturales
1280 471 112 75 sunt
1336 471 70 75 pos

325 522 188 47 sessiones
469 522 144 47 rerum.
570 522 231 47 artificiales
758 522 115 47 vero
830 522 115 47 sunt
902 522 231 47 possessiones
1075 522 130 47 pecunie

325 562 190 50 Desiderium
475 562 190 50 diuitiarum
624 562 122 50 vadit
705 562 81 50 in
746 562 190 50 infinitum.
895 562 81 50 et
936 562 95 50 cum
990 562 122 50 etate
1058 562 122 50 crescit

319 598 136 55 facile
415 598 95 55 est
469 598 136 55 prehis
565 598 136 55 ditari
660 598 82 55 si
701 598 150 55 volunt.
810 598 109 55 quia
878 598 123 55 solum
960 598 82 55 ad
1001 598 150 55 mensura
1110 598 136 55 viuere
1191 598 123 55 debent.

320 651 157 49 Magis
424 651 105 49 et
477 651 157 49 minus
582 651 297 49 diuersificant
809 651 157 49 speciem

329 676 190 79 Consilium
476 676 176 79 mulieris
608 676 103 79 est
666 676 205 79 inualidum.
827 676 132 79 pueri
915 676 117 79 vero
974 676 205 79 imperfectum.

319 738 219 67 Silentium
488 738 203 67 mulieris
640 738 186 67 prestat
758 738 152 67 ornatum

422 762 69 75 â‹
450 762 165 75 Sequutur
573 762 151 75 autori.
683 762 165 75 secundum
806 762 123 75 libro
889 762 206 75 politicorum
1040 762 123 75 Aristo.

509 818 124 59 Iues
587 818 124 59 sunt
665 818 140 59 socii
758 818 140 59 vnius
836 818 171 59 ciuitatis

502 850 124 64 Quod
580 850 218 64 plurimorum
751 850 109 64 est
814 850 156 64 comune
923 850 156 64 minime
1032 850 187 64 sortitur
1172 850 156 64 curam.
1281 850 124 64 quia
1343 850 62 64 de

500 900 171 58 propriis
628 900 142 58 maxime
727 900 142 58 curant
827 900 171 58 homines.
955 900 85 58 de
998 900 199 58 communibus
1154 900 114 58 vero
1211 900 100 58 minus

481 939 132 69 Multi
569 939 132 69 serui
657 939 190 69 quanmoque
803 939 176 69 seruiunt
935 939 176 69 deterius
1052 939 190 69 paucioribus

327 987 153 54 Optimum
438 987 97 54 est
494 987 167 54 ciuitati
619 987 83 54 vt
660 987 97 54 sit
716 987 97 54 vna
771 987 167 54 secundum
882 987 153 54 amiciciam

326 1024 141 73 Amicorum
432 1024 106 73 omnia
502 1024 94 73 sunt
561 1024 141 73 communia
667 1024 141 73 scilicet
772 1024 117 73 empore
854 1024 164 73 necitatum.
983 1024 176 73 Unusquisque
1124 1024 176 73 naturaliter
1265 1024 94 73 amat
1312 1024 94 73 seipum

323 1076 159 52 Amicis
434 1076 207 52 auxiliari
593 1076 334 52 delectabilissimum
864 1076 79 52 est

330 1102 141 63 Bonum
424 1102 109 63 est
487 1102 203 63 abstinere
643 1102 78 63 a
674 1102 172 63 muliere
799 1102 172 63 propter
908 1102 219 63 temperantiam

335 1158 170 55 Periurie
463 1158 227 55 malignitatem
647 1158 185 55 efficiunt
789 1158 85 55 et
818 1158 170 55 seditionem

339 1181 148 75 Plures
443 1181 163 75 homines
561 1181 207 75 discordant
724 1181 163 75 propter
842 1181 252 75 inequalitatem
1035 1181 207 75 possessionum

335 1239 102 60 Qui
394 1239 189 60 delectari
539 1239 131 60 velit
626 1239 116 60 sine
699 1239 189 60 tristicia
844 1239 87 60 ad
888 1239 131 60 phiam
975 1239 160 60 currat.
1092 1239 102 60 Ibi
1150 1239 116 60 enim
1223 1239 116 60 amor
1295 1239 102 60 est
1339 1239 58 60 sa

335 1288 143 54 pientie
439 1288 78 54 et
478 1288 169 54 veritatis
608 1288 156 54 studium.
726 1288 156 54 facitque
843 1288 143 54 homines
947 1288 78 54 ea
986 1288 130 54 sponte
1077 1288 156 54 operari.
1195 1288 104 54 quae
1260 1288 104 54 mali
1312 1288 91 54 legis

1161 1324 149 60 (metu
1244 1324 149 60 coacte.

334 1332 144 48 Omnis
430 1332 176 48 ciuitas
558 1332 289 48 artificialibus
783 1332 144 48 indiget

330 1360 133 71 Teges
419 1360 192 71 inhoneste
567 1360 133 71 licet
655 1360 148 71 maxime
759 1360 118 71 sint
833 1360 89 71 in
877 1360 103 71 vsu
936 1360 148 71 debent
1040 1360 148 71 tantum
1128 1360 148 71 aboleri.

327 1417 237 44 Amulieribus
517 1417 111 44 non
580 1417 126 44 bene
659 1417 174 44 regitur
770 1417 158 44 ciuitas.

330 1454 128 60 Melius
420 1454 90 60 est
471 1454 154 60 iudicare
586 1454 154 60 secundum
701 1454 115 60 leges
778 1454 77 60 et
816 1454 154 60 litteras
932 1454 102 60 quam
996 1454 77 60 ex
1034 1454 141 60 propria
1123 1454 154 60 sententia.

333 1493 171 63 Magnorum
461 1493 143 63 domini
561 1493 200 63 constituti
718 1493 86 63 si
761 1493 143 63 viles.
861 1493 157 63 fuerint
975 1493 143 63 maxime
1075 1493 143 63 ledunt
1161 1493 157 63 ciuitatem

340 1535 229 75 Impossibile
523 1535 107 75 est
584 1535 213 75 indigentem
751 1535 122 75 bene
827 1535 213 75 principari
995 1535 91 75 et
1041 1535 152 75 studio
1132 1535 122 75 vacare

337 1579 147 63 Unum
429 1579 147 63 opus
521 1579 184 63 optime
650 1579 129 63 fit
723 1579 110 63 ab
760 1579 92 63 vno

494 1611 172 80 Sequutur
623 1611 158 80 autori.
737 1611 143 80 tercii
838 1611 129 80 libro
924 1611 215 80 politicorum
1081 1611 158 80 Aristote.

393 1659 176 65 Iuitas
517 1659 123 65 est
587 1659 176 65 quedam
710 1659 176 65 ciuium
816 1659 211 65 multitudo.

355 1687 164 72 Ciuitas
474 1687 104 72 non
534 1687 104 72 est
593 1687 104 72 vna
653 1687 164 72 propter
772 1687 149 72 eosdem
877 1687 149 72 mores.
981 1687 104 72 sed
1040 1687 164 72 propter
1160 1687 149 72 eandem
1249 1687 164 72 politiam.

340 1756 152 53 Politia
451 1756 97 53 est
506 1756 110 53 ordo
575 1756 138 53 quidam
671 1756 234 53 inhabitantium
864 1756 179 53 ciuitatem
1002 1756 83 53 in
1043 1756 193 53 subuciendo
1195 1756 83 53 et
1223 1756 179 53 principando

336 1801 117 47 Non
403 1801 117 47 est
470 1801 134 47 idem
554 1801 150 47 bonus
654 1801 134 47 homo
738 1801 100 47 et
788 1801 150 47 bonus
871 1801 134 47 ciuis.

341 1827 96 62 Non
396 1827 178 62 contingit
533 1827 150 62 homines
642 1827 109 62 bene
711 1827 192 62 principari
861 1827 109 62 quae
930 1827 150 62 nunquam
1039 1827 96 62 sub
1094 1827 164 62 principe
1203 1827 137 62 fuerunt.

331 1876 161 56 Uirtus
444 1876 97 56 et
492 1876 178 56 malicia
621 1876 242 56 determinant
815 1876 178 56 nobiles
944 1876 97 56 et
976 1876 178 56 ignobiles

338 1928 208 52 Prudentia
498 1928 112 52 est
562 1928 176 52 propria
690 1928 160 52 virtus
786 1928 192 52 principis.

319 1955 117 75 Optia
397 1955 143 75 ciuitas
501 1955 91 75 non
553 1955 117 75 facit
631 1955 169 75 vnathisem
761 1955 104 75 siue
826 1955 169 75 banantium
956 1955 78 75 id
995 1955 91 75 est
1047 1955 117 75 vilem
1125 1955 169 75 artificem
1255 1955 104 75 esse
1307 1955 91 75 ciuem
