1597 2424
253 235 103 66 quia
317 235 154 66 perfecta
433 235 90 66 est
485 235 90 66 vel
536 235 103 66 non.
600 235 77 66 et
639 235 116 66 vtrum
716 235 90 66 sit
767 235 116 66 iusta
844 235 90 66 vel
896 235 141 66 iniusta
999 235 141 66 oportet
1101 235 116 66 ipsum
1179 235 141 66 iudicem
1269 235 51 66 co

248 276 173 59 gnoscere
377 276 86 59 et
421 276 101 59 non
478 276 187 59 addiscere
622 276 72 59 a
637 276 216 59 litigantibus.

245 324 178 60 facilius
379 324 104 60 est
438 324 148 60 habere
542 324 119 60 vnum
616 324 104 60 vel
676 324 148 60 paucos
779 324 119 60 bene
854 324 193 60 sapientes
1002 324 119 60 quam
1061 324 134 60 plures.

253 367 128 75 Amor.
338 367 128 75 odium
424 367 86 75 et
467 367 171 75 proprium
595 367 171 75 commodum
723 367 114 75 sepe
795 367 157 75 faciunt
909 367 157 75 iudicem
1023 367 100 75 non
1080 367 200 75 cognoscere
1222 367 100 75 vtrum

255 407 181 62 Rhetorica
394 407 125 62 docet
478 407 125 62 iusta
562 407 84 62 et
604 407 112 62 vera
673 407 195 62 persuadere
827 407 84 62 et
868 407 181 62 contraria
1008 407 125 62 eorum
1077 407 112 62 fugere

251 451 86 58 Si
294 451 230 58 inconueniens
481 451 86 58 et
524 451 130 58 turpe
611 451 101 58 est
668 451 158 58 aliquem
783 451 86 58 se
826 451 101 58 non
884 451 130 58 posse
970 451 187 58 defendere
1114 451 158 58 corpore
1215 451 101 58 multo

250 490 125 55 magis
333 490 222 55 inconueniens
513 490 97 55 est
569 490 83 55 et
610 490 125 55 turpe
694 490 97 55 non
749 490 125 55 posse
832 490 180 55 defendere
971 490 152 55 sermone
1082 490 83 55 et
1109 490 125 55 ratione

256 532 117 60 Nulla
334 532 91 60 ars
386 532 181 60 considerat
528 532 207 60 particulare.
696 532 104 60 quia
761 532 207 60 particularia
929 532 104 60 sunt
994 532 155 60 infinita
1111 532 78 60 et
1150 532 91 60 non
1188 532 130 60 scibilia

251 571 80 73 De
291 571 199 73 necessariis
450 571 80 73 et
489 571 239 73 impossibilibus
688 571 93 73 non
741 571 212 73 consiliamur.
913 571 93 73 sed
966 571 80 73 de
1006 571 239 73 contingentibus
1205 571 80 73 et
1231 571 80 73 ali-

250 625 102 52 ter
309 625 88 52 se
353 625 146 52 habere
455 625 205 52 potentibus
616 625 102 52 que
674 625 88 52 in
718 625 146 52 nostra
821 625 190 52 potestate
952 625 88 52 sunt

253 662 185 55 Nobilitas
395 662 142 55 gentis
494 662 99 55 vel
551 662 185 55 ciuitatis
693 662 99 55 est
750 662 128 55 hoies
835 662 170 55 antiquos
963 662 114 55 esse
1034 662 185 55 praesides
1162 662 156 55 principes

250 702 87 51 et
294 702 189 51 insignes.
439 702 87 51 et
483 702 145 51 multos
585 702 174 51 insignes
715 702 87 51 ex
759 702 102 51 eis
803 702 174 51 prodiuisse

250 745 183 58 Nobilitas
391 745 197 58 singularis
546 745 99 58 est
602 745 99 58 qui
659 745 70 58 a
687 745 127 58 viris
771 745 85 58 ac
814 745 197 58 mulieribus
969 745 99 58 fit
1025 745 155 58 propter
1138 745 169 58 diuitias
1251 745 70 58 vel

255 795 167 43 virtutes
380 795 97 43 vel
436 795 153 43 propter
547 795 153 43 aliquod
658 795 125 43 aliud
741 795 153 43 propter
852 795 111 43 quod
922 795 111 43 homo
977 795 167 43 honoratur.

251 828 126 64 Honor
335 828 98 64 est
391 828 211 64 benefactiue
560 828 211 64 operationis
728 828 154 64 signum.
841 828 112 64 quia
911 828 112 64 illi
981 828 140 64 maxime
1079 828 84 64 et
1121 828 126 64 iuste
1192 828 126 64 honoran

251 875 114 57 tur.
322 875 100 57 qui
379 875 171 57 benficia
508 875 114 57 dare
579 875 171 57 possunt.
707 875 86 57 vt
750 875 114 57 deus
821 875 86 57 et
864 875 157 57 homines
964 875 100 57 boni.

241 913 145 64 Multi
337 913 129 64 sine
418 913 225 64 virtutibus
595 913 193 64 corporis
739 913 177 64 longeui
852 913 209 64 inueniuntur

248 958 186 60 Consilium
391 958 100 60 non
448 958 100 60 est
505 958 86 60 de
548 958 129 60 fine.
634 958 100 60 sed
691 958 86 60 de
734 958 100 60 his
791 958 100 60 que
849 958 114 60 sunt
920 958 86 60 ad
949 958 100 60 finem

240 1009 221 46 Exercitium
414 1009 95 46 vt
461 1009 95 46 in
509 1009 189 46 pluribus
651 1009 205 46 conseruat
793 1009 189 46 sanitatem.

239 1046 150 50 Cuius
340 1046 234 50 contrarium
524 1046 117 50 est
590 1046 150 50 malum
691 1046 150 50 illud
791 1046 117 50 est
841 1046 134 50 bonum.

243 1087 168 56 Quicquid
369 1087 140 56 fuerit
467 1087 238 56 superabundans
662 1087 84 56 et
704 1087 126 56 magen
788 1087 112 56 quam
858 1087 112 56 esse
928 1087 140 56 debeat
1025 1087 98 56 hoc
1081 1087 98 56 est
1123 1087 98 56 malum

237 1126 135 73 facilia
335 1126 98 73 sunt
397 1126 172 73 quaecumque
532 1126 98 73 sine
593 1126 160 73 tristicia
716 1126 98 73 sunt
778 1126 74 73 et
815 1126 148 73 inmodico
925 1126 135 73 tempore
1024 1126 111 73 sunt.
1098 1126 111 73 sicut
1159 1126 160 73 simpliciter

245 1174 86 46 ad
288 1174 230 46 simpliciter.
475 1174 101 46 ita
532 1174 129 46 magen
618 1174 86 46 ad
662 1174 144 46 magmn.
762 1174 158 46 maximum
877 1174 86 46 ad
920 1174 173 46 maximum.
1050 1174 86 46 et
1078 1174 173 46 econuerso.

245 1214 102 55 Sine
309 1214 115 55 causa
385 1214 76 55 et
423 1214 165 55 principio
551 1214 178 55 imposibile
691 1214 89 55 est
742 1214 140 55 aliquid
843 1214 102 55 esse
907 1214 89 55 vel
945 1214 102 55 fieri.

246 1255 197 64 Subtiliter
401 1255 141 64 videre
499 1255 141 64 melius
598 1255 99 64 est
654 1255 113 64 quam
725 1255 324 64 subtilitersodorare.
1006 1255 113 64 quia
1077 1255 127 64 visus
1161 1255 141 64 melior
1246 1255 70 64 est

1116 1215 208 57 (odoratu.

245 1298 179 56 Pulcrius
379 1298 104 56 est
439 1298 119 56 esse
513 1298 179 56 amatorem
647 1298 179 56 sociorum
781 1298 119 56 quam
841 1298 194 56 pecuniarum.

237 1329 146 83 Multa
334 1329 113 83 que
399 1329 243 83 naturaliter
593 1329 113 83 non
658 1329 129 83 sunt
738 1329 259 83 delectabilia
949 1329 113 83 cum
1014 1329 227 83 assuefacta
1175 1329 146 83 fuerint

234 1388 238 48 delectabilia
428 1388 134 48 sunt.
517 1388 119 48 quia
591 1388 208 48 inconsueta
755 1388 104 48 vsu
799 1388 179 48 molliuntur

237 1424 104 49 Quod
302 1424 168 49 consuetum
431 1424 91 49 est
483 1424 117 49 velut
561 1424 143 49 innatum
665 1424 104 49 est.
729 1424 104 49 quia
794 1424 181 49 consuetudo
937 1424 91 49 est
989 1424 143 49 similis
1079 1424 104 49 nature

248 1465 166 57 Diligere
372 1465 97 57 est
428 1465 221 57 delectabile.
607 1465 110 57 quia
676 1465 138 57 nullus
773 1465 152 57 diligit
883 1465 110 57 vnum
952 1465 110 57 nisi
1021 1465 193 57 delectetur
1173 1465 83 57 in
1201 1465 55 57 eo

234 1513 202 46 Addiscere
389 1513 171 46 aliquid
513 1513 233 46 delectabile
699 1513 124 46 est.
776 1513 124 46 Omne
854 1513 202 46 consuetum
1009 1513 109 46 est
1055 1513 217 46 delectabiie.

245 1547 137 70 Iustum
341 1547 96 70 est
396 1547 82 70 ei
437 1547 150 70 gratiam
546 1547 137 70 facere
642 1547 123 70 quaie
724 1547 150 70 gratiam
820 1547 109 70 fecit.

240 1584 167 61 Iustum
357 1584 117 61 est
424 1584 217 61 auxiliare
574 1584 134 61 amicis

268 1638 203 54 Leonardus
423 1638 187 54 Aretinus
564 1638 187 54 Inuenies
704 1638 125 54 apud
782 1638 234 54 Aristotelem
969 1638 140 54 locos
1063 1638 171 54 nulltus
1172 1638 140 54 eloquem

231 1682 113 52 tie
295 1682 177 52 capaces
424 1682 289 52 eloquentissime
665 1682 96 52 ab
713 1682 96 52 eo
761 1682 225 52 tractatos.
938 1682 193 52 rebusque
1067 1682 241 52 obscurissimis

241 1726 189 46 splendorem
389 1726 81 46 et
430 1726 176 46 claritate
565 1726 95 46 per
619 1726 203 46 eloquentiam
781 1726 176 46 attulisse
916 1726 81 46 At
956 1726 122 46 vitio
1037 1726 203 46 traslatorem
1186 1726 122 46 corrup-

240 1766 109 46 tus
303 1766 109 46 est
365 1766 124 46 hinc
443 1766 93 46 me
489 1766 171 46 accinti
614 1766 93 46 vt
660 1766 156 46 eundem
769 1766 93 46 de
816 1766 124 46 nouo
894 1766 171 46 latinum
1002 1766 156 46 redderem

545 1812 204 49 Autoritates
708 1812 150 49 secundi
817 1812 122 49 libro
898 1812 218 49 rhetoricorum
1062 1812 122 49 Aristo.

380 1852 97 57 Ra
428 1852 113 57 est
493 1852 209 57 appetitus
653 1852 113 57 cum
718 1852 209 57 tristicia
879 1852 209 57 punitiuus
1040 1852 177 57 propter
1152 1852 161 57 paruipen

312 1874 95 75 s
350 1874 190 75 sionem
483 1874 228 75 suipsius
653 1874 133 75 vel
710 1874 152 75 suorum

311 1913 106 86 Ad
364 1913 159 86 omnem
470 1913 142 86 iram
559 1913 212 86 sequitur
718 1913 248 86 delectatio
913 1913 195 86 propter
1054 1913 142 86 spem
1125 1913 177 86 puniendi
