1619 2422
255 341 247 49 Conseruatis
452 341 214 49 sanitatis
617 341 165 49 melior
732 341 115 49 est
798 341 132 49 omni
863 341 165 49 medicina

263 375 207 58 Necessitas
426 375 104 58 non
485 375 133 58 habet
574 375 148 58 legem.
677 375 118 58 quia
751 375 192 58 contraria
899 375 133 58 esset
973 375 133 58 rationi

255 427 172 58 Mutatio
381 427 266 58 consuetudinis
600 427 110 58 non
662 427 110 58 est
725 427 156 58 subita
834 427 110 58 sed
881 427 188 58 successiua

255 469 223 55 Interiora
426 469 86 55 a
460 469 274 55 superioribus
666 469 188 55 reguntur.

271 485 164 84 Iusticia
395 485 178 84 regnantis
532 485 151 84 vtilior
641 485 96 84 est
696 485 164 84 subditis
819 485 110 84 quam
888 485 192 84 fertilitas
1025 485 137 84 temporis

255 556 233 48 Consilium
434 556 126 48 est
506 556 179 48 oculus
614 556 197 48 futurorum

266 567 194 79 Nobilissimum
424 567 158 79 animalium
545 567 85 79 est
594 567 109 79 homo.
666 567 97 79 quia
727 567 109 79 nexus
800 567 85 79 dei
848 567 73 79 et
885 567 121 79 mundi.
970 567 73 79 et
1006 567 182 79 participium
1152 567 109 79 omnis
1213 567 121 79 creature

439 641 75 54 â‹
469 641 194 54 Sequuntur
618 641 164 54 autori.
738 641 135 54 libro
828 641 90 54 de
873 641 120 54 pomo
947 641 90 54 et
977 641 120 54 morte.

417 678 125 79 Epius
500 678 111 79 mihi
570 678 111 79 phia
639 678 111 79 visa
709 678 97 79 est
764 678 97 79 res
820 678 153 79 diuina.
931 678 111 79 quia
1000 678 97 79 per
1055 678 97 79 eam
1111 678 83 79 in
1153 678 97 79 dei
1208 678 125 79 atque
1277 678 56 79 na

386 715 145 80 ture
476 715 272 80 cognitionem
676 715 235 80 ascendimus.

415 768 132 62 Mors
497 768 149 62 nihil
596 768 116 62 est
662 768 132 62 nisi
745 768 198 62 recessus
893 768 149 62 anime
992 768 83 62 a
1009 768 149 62 corpore

394 797 156 75 Sapiens
507 797 128 75 debet
593 797 142 75 letari
692 797 85 75 de
735 797 128 75 morte
820 797 99 75 sua
877 797 85 75 et
919 797 99 75 non
976 797 156 75 dolere.
1089 797 85 75 eo
1132 797 114 75 quod
1189 797 156 75 quandoque

262 860 165 58 corporis
386 860 206 58 passionibus
550 860 206 58 liberabitur
715 860 82 58 et
756 860 178 58 immortali
894 860 110 58 vita
948 860 124 58 fruetur

276 891 223 66 Philosophia
455 891 134 66 docet
544 891 164 66 hominem
663 891 208 66 cognoscere
827 891 89 66 et
871 891 89 66 se
916 891 89 66 et
961 891 119 66 suum
1020 891 164 66 creatorem

265 949 199 54 Docentes
415 949 166 54 alios.
531 949 182 54 mentiri
663 949 116 54 non
713 949 149 54 debent.

270 972 130 78 Togica
361 972 91 78 est
413 972 143 78 similis
517 972 169 78 scorpioni
647 972 78 78 in
686 972 143 78 tyriaca
790 972 104 78 quae
856 972 117 78 licet
934 972 78 78 de
973 972 78 78 se
1012 972 91 78 sit
1064 972 156 78 venenum.
1181 972 117 78 tantm
1259 972 78 78 in
1285 972 52 78 ty

270 1036 132 56 riaca
358 1036 175 56 existens
490 1036 175 56 remedium
621 1036 161 56 prestat
738 1036 161 56 dolorem
840 1036 161 56 patienti.

271 1061 125 64 Deata
354 1061 97 64 est
410 1061 125 64 anima
493 1061 111 64 quae
563 1061 97 64 non
618 1061 111 64 fuit
688 1061 153 64 infecta
799 1061 139 64 prauis
896 1061 236 64 operationibus
1090 1061 125 64 huius
1160 1061 97 64 mundi

261 1122 133 46 Homo
345 1122 183 46 moriens
478 1122 150 46 debet
577 1122 216 46 confidere
744 1122 100 46 in
794 1122 200 46 creatore
927 1122 83 46 suo

269 1135 77 79 Ue
308 1135 128 79 animae
397 1135 192 79 peccatrici.
551 1135 102 79 quae
615 1135 90 79 non
666 1135 115 79 habet
743 1135 115 79 posse
820 1135 154 79 redeundi
935 1135 77 79 ad
974 1135 115 79 locum
1050 1135 102 79 suum
1114 1135 90 79 vne
1166 1135 141 79 exiuit.
1255 1135 90 79 quaea

265 1193 143 63 turpia
365 1193 129 63 opora
451 1193 244 63 delectationes
651 1193 172 63 carnales
780 1193 186 63 impediunt
924 1193 115 63 eius
995 1193 172 63 ascensum
1124 1193 158 63 sursum.
1239 1193 86 63 Ex
1267 1193 72 63 hac

265 1238 163 59 sententia
391 1238 138 59 Aristo.
492 1238 126 59 habtur
580 1238 88 59 eum
630 1238 151 59 firmiter
743 1238 176 59 credidisse
881 1238 126 59 animam
969 1238 176 59 rationalem
1108 1238 113 59 aliam
1183 1238 101 59 esse
1233 1238 101 59 habitu

265 1272 84 63 ram
313 1272 119 63 vitam.
396 1272 72 63 Et
432 1272 143 63 quamquam
540 1272 131 63 ratione
635 1272 72 63 id
671 1272 84 63 non
719 1272 227 63 demonstrauerit.
910 1272 72 63 eo
946 1272 119 63 factum
1029 1272 96 63 est.
1089 1272 96 63 quia
1149 1272 143 63 secundum
1244 1272 96 63 Scotum

265 1313 71 66 in
301 1313 130 66 quaerto
395 1313 189 66 sententiarum
549 1313 107 66 solum
620 1313 189 66 probabiliter
774 1313 178 66 prarsuaderi
916 1313 130 66 potest.
1011 1313 71 66 et
1046 1313 83 66 non
1094 1313 189 66 demonstrari.
1247 1313 95 66 Minc
1295 1313 47 66 de

268 1352 168 74 Aristotele
400 1352 132 74 dicitur
496 1352 96 74 quod
556 1352 96 74 vebi
616 1352 180 74 intellectus
760 1352 180 74 Aristotelis
905 1352 132 74 defecit
1001 1352 84 74 ibi
1049 1352 144 74 affectus
1157 1352 96 74 eius
1205 1352 132 74 ascendit.

318 1405 83 76 â‹
352 1405 217 76 Sequuntur
518 1405 250 76 autoritates
718 1405 183 76 morales
852 1405 167 76 Senece
968 1405 100 76 ad
1018 1405 200 76 Cucillum
1168 1405 167 76 balbum
1268 1405 67 76 Et

272 1453 101 63 hoc
329 1453 158 63 congruo
444 1453 144 63 ordine
545 1453 115 63 ante
617 1453 202 63 progressum
775 1453 86 63 ad
819 1453 187 63 logicalia
963 1453 158 63 Aristo.
1078 1453 86 63 et
1106 1453 130 63 aliorum

315 1495 186 79 Urpissima
457 1495 100 79 est
515 1495 157 79 iactura
629 1495 114 79 quae
700 1495 100 79 fit
757 1495 100 79 per
814 1495 214 79 ignorantiam
986 1495 86 79 et
1014 1495 200 79 negligentiam

283 1534 120 74 Ubi
351 1534 189 74 diuersa
489 1534 137 74 sunt
574 1534 189 74 cybaria
712 1534 120 74 ibi
780 1534 223 74 nutrimeta
952 1534 171 74 pauca.
1072 1534 137 74 quia
1157 1534 189 74 diuersa
1277 1534 69 74 mi

1141 1584 135 59 (nus
1208 1584 135 59 alunt-

269 1607 198 54 Peregrini
421 1607 137 54 multa
513 1607 152 54 habent
619 1607 198 54 hospitia.
772 1607 152 54 nullas
863 1607 183 54 amicitias.

278 1624 123 69 Nihil
360 1624 150 69 impedit
469 1624 95 69 ita
524 1624 191 69 sanitatem.
674 1624 123 69 sicut
756 1624 136 69 crebra
851 1624 191 69 remediorum
1001 1624 164 69 tentatio
1124 1624 123 69 autem
1192 1624 150 69 immutaton

262 1671 111 71 Teta
331 1671 180 71 paupertas
470 1671 97 71 est
525 1671 97 71 res
580 1671 166 71 honesta.
705 1671 138 71 verbum
802 1671 97 71 est
857 1671 124 71 apuod
940 1671 180 71 epicureos
1078 1671 69 71 a
1106 1671 138 71 deneca
1189 1671 152 71 inuentum.

280 1724 99 61 Non
336 1724 99 61 qui
393 1724 127 61 parum
477 1724 127 61 habet
562 1724 99 61 est
618 1724 155 61 pauper.
730 1724 99 61 sed
787 1724 99 61 qui
843 1724 113 61 plus
899 1724 99 61 cupit

274 1775 110 49 Cum
337 1775 142 49 amico
432 1775 126 49 omia
511 1775 205 49 delibera.
668 1775 110 49 sed
731 1775 95 49 de
779 1775 142 49 amico
858 1775 110 49 prus.

280 1812 167 58 Utrumque
405 1812 98 58 est
461 1812 139 58 vitium
559 1812 111 58 omni
628 1812 153 58 credere
740 1812 84 58 et
768 1812 111 58 nulli.

278 1838 186 78 Pessimum
417 1838 108 78 est
479 1838 124 78 quod
556 1838 170 78 habemus
680 1838 232 78 autoritates
866 1838 155 78 senum.
974 1838 139 78 vitia
1067 1838 124 78 vero
1129 1838 155 78 puerorum

277 1892 167 64 Nullius
398 1892 106 64 rei
459 1892 167 64 iocunda
581 1892 106 64 est
642 1892 198 64 possessio
794 1892 122 64 sine
855 1892 106 64 socio

277 1915 129 81 Unum
358 1915 194 81 exemplum
503 1915 178 81 luxurie
633 1915 129 81 sine
714 1915 194 81 auaricie
859 1915 146 81 multa
956 1915 129 81 mala
1021 1915 113 81 facit

282 1964 98 74 Cum
338 1964 126 74 illis
422 1964 195 74 conversari
575 1964 126 74 debes
659 1964 98 74 qui
715 1964 84 74 te
757 1964 167 74 iocundum
882 1964 154 74 facturi
994 1964 112 74 sunt
1064 1964 98 74 vel
1105 1964 140 74 meliorem

277 2025 137 61 Nihil
368 2025 153 61 refert
475 2025 153 61 qualis
582 2025 153 61 status
689 2025 122 61 tuus
766 2025 107 61 sit
827 2025 92 61 si
872 2025 168 61 videtur
995 2025 122 61 tibi
1056 2025 122 61 malus.
