<?xml version="1.0" encoding="UTF-8"?>
<alto xmlns:xsi="http://www.w3.org/2001/XMLSchema-instance"
      xmlns="http://www.loc.gov/standards/alto/ns-v2#"
      xmlns:page="http://schema.primaresearch.org/PAGE/gts/pagecontent/2013-07-15"
      xsi:schemaLocation="http://www.loc.gov/standards/alto/ns-v2# http://www.loc.gov/standards/alto/alto.xsd">
   <Description>
      <MeasurementUnit>pixel</MeasurementUnit>
      <OCRProcessing ID="IdOcr">
         <ocrProcessingStep>
            <processingDateTime>2021-01-04T09:53:52.003-05:00</processingDateTime>
            <processingSoftware>
               <softwareCreator>READ COOP</softwareCreator>
               <softwareName>Transkribus</softwareName>
            </processingSoftware>
         </ocrProcessingStep>
      </OCRProcessing>
   </Description>
   <Tags/>
   <Layout>
      <Page ID="Page1" PHYSICAL_IMG_NR="1" HEIGHT="2431" WIDTH="1610">
         <TopMargin HEIGHT="0" WIDTH="1610" VPOS="0" HPOS="0"/>
         <LeftMargin HEIGHT="2431" WIDTH="0" VPOS="0" HPOS="0"/>
         <RightMargin HEIGHT="2431" WIDTH="0" VPOS="0" HPOS="1610"/>
         <BottomMargin HEIGHT="0" WIDTH="1610" VPOS="2431" HPOS="0"/>
         <PrintSpace HEIGHT="2431" WIDTH="1610" VPOS="0" HPOS="0">
            <TextBlock ID="TextRegion_1609547835466_575"
                       HEIGHT="1808"
                       WIDTH="1089"
                       VPOS="225"
                       HPOS="203">
               <Shape>
                  <Polygon POINTS="203,225 1292,225 1292,2033 203,2033"/>
               </Shape>
               <TextLine ID="r3l2"
                         BASELINE="318"
                         HEIGHT="58"
                         WIDTH="909"
                         VPOS="260"
                         HPOS="222">
                  <String HEIGHT="58" WIDTH="152" VPOS="260" HPOS="200" CONTENT="Sic"/>
                  <SP HEIGHT="58" WIDTH="22" VPOS="260" HPOS="352"/>
                  <String HEIGHT="58"
                          WIDTH="173"
                          VPOS="260"
                          HPOS="287"
                          CONTENT="viue"/>
                  <SP HEIGHT="58" WIDTH="22" VPOS="260" HPOS="460"/>
                  <String HEIGHT="58" WIDTH="152" VPOS="260" HPOS="395" CONTENT="cum"/>
                  <SP HEIGHT="58" WIDTH="22" VPOS="260" HPOS="547"/>
                  <String HEIGHT="58"
                          WIDTH="281"
                          VPOS="260"
                          HPOS="482"
                          CONTENT="hominibus"/>
                  <SP HEIGHT="58" WIDTH="22" VPOS="260" HPOS="763"/>
                  <String HEIGHT="58"
                          WIDTH="238"
                          VPOS="260"
                          HPOS="698"
                          CONTENT="tanquam"/>
                  <SP HEIGHT="58" WIDTH="22" VPOS="260" HPOS="936"/>
                  <String HEIGHT="58"
                          WIDTH="173"
                          VPOS="260"
                          HPOS="871"
                          CONTENT="deus"/>
                  <SP HEIGHT="58" WIDTH="22" VPOS="260" HPOS="1044"/>
                  <String HEIGHT="58"
                          WIDTH="173"
                          VPOS="260"
                          HPOS="958"
                          CONTENT="videat"/>
               </TextLine>
               <TextLine ID="r3l4"
                         BASELINE="374"
                         HEIGHT="82"
                         WIDTH="1010"
                         VPOS="292"
                         HPOS="230">
                  <String HEIGHT="82" WIDTH="164" VPOS="292" HPOS="207" CONTENT="Sic"/>
                  <SP HEIGHT="82" WIDTH="23" VPOS="292" HPOS="371"/>
                  <String HEIGHT="82"
                          WIDTH="258"
                          VPOS="292"
                          HPOS="300"
                          CONTENT="loquere"/>
                  <SP HEIGHT="82" WIDTH="23" VPOS="292" HPOS="559"/>
                  <String HEIGHT="82" WIDTH="164" VPOS="292" HPOS="488" CONTENT="cum"/>
                  <SP HEIGHT="82" WIDTH="23" VPOS="292" HPOS="653"/>
                  <String HEIGHT="82" WIDTH="164" VPOS="292" HPOS="582" CONTENT="deo"/>
                  <SP HEIGHT="82" WIDTH="23" VPOS="292" HPOS="747"/>
                  <String HEIGHT="82"
                          WIDTH="258"
                          VPOS="292"
                          HPOS="676"
                          CONTENT="tanquam"/>
                  <SP HEIGHT="82" WIDTH="23" VPOS="292" HPOS="935"/>
                  <String HEIGHT="82"
                          WIDTH="258"
                          VPOS="292"
                          HPOS="864"
                          CONTENT="homines"/>
                  <SP HEIGHT="82" WIDTH="23" VPOS="292" HPOS="1123"/>
                  <String HEIGHT="82"
                          WIDTH="211"
                          VPOS="292"
                          HPOS="1029"
                          CONTENT="audiant"/>
               </TextLine>
               <TextLine ID="r3l5"
                         BASELINE="422"
                         HEIGHT="59"
                         WIDTH="1025"
                         VPOS="363"
                         HPOS="220">
                  <String HEIGHT="59"
                          WIDTH="178"
                          VPOS="363"
                          HPOS="198"
                          CONTENT="Quid"/>
                  <SP HEIGHT="59" WIDTH="22" VPOS="363" HPOS="376"/>
                  <String HEIGHT="59" WIDTH="156" VPOS="363" HPOS="309" CONTENT="est"/>
                  <SP HEIGHT="59" WIDTH="22" VPOS="363" HPOS="465"/>
                  <String HEIGHT="59"
                          WIDTH="245"
                          VPOS="363"
                          HPOS="398"
                          CONTENT="turpius"/>
                  <SP HEIGHT="59" WIDTH="22" VPOS="363" HPOS="643"/>
                  <String HEIGHT="59"
                          WIDTH="178"
                          VPOS="363"
                          HPOS="577"
                          CONTENT="quam"/>
                  <SP HEIGHT="59" WIDTH="22" VPOS="363" HPOS="755"/>
                  <String HEIGHT="59"
                          WIDTH="201"
                          VPOS="363"
                          HPOS="688"
                          CONTENT="senem"/>
                  <SP HEIGHT="59" WIDTH="22" VPOS="363" HPOS="888"/>
                  <String HEIGHT="59"
                          WIDTH="223"
                          VPOS="363"
                          HPOS="822"
                          CONTENT="viuere"/>
                  <SP HEIGHT="59" WIDTH="22" VPOS="363" HPOS="1044"/>
                  <String HEIGHT="59"
                          WIDTH="290"
                          VPOS="363"
                          HPOS="955"
                          CONTENT="insipienter"/>
               </TextLine>
               <TextLine ID="r3l6"
                         BASELINE="456"
                         HEIGHT="53"
                         WIDTH="679"
                         VPOS="403"
                         HPOS="218">
                  <String HEIGHT="53"
                          WIDTH="136"
                          VPOS="403"
                          HPOS="201"
                          CONTENT="dine"/>
                  <SP HEIGHT="53" WIDTH="17" VPOS="403" HPOS="337"/>
                  <String HEIGHT="53"
                          WIDTH="170"
                          VPOS="403"
                          HPOS="286"
                          CONTENT="studio"/>
                  <SP HEIGHT="53" WIDTH="17" VPOS="403" HPOS="456"/>
                  <String HEIGHT="53"
                          WIDTH="255"
                          VPOS="403"
                          HPOS="405"
                          CONTENT="philosophie"/>
                  <SP HEIGHT="53" WIDTH="17" VPOS="403" HPOS="659"/>
                  <String HEIGHT="53"
                          WIDTH="136"
                          VPOS="403"
                          HPOS="608"
                          CONTENT="eger"/>
                  <SP HEIGHT="53" WIDTH="17" VPOS="403" HPOS="744"/>
                  <String HEIGHT="53" WIDTH="119" VPOS="403" HPOS="693" CONTENT="est"/>
                  <SP HEIGHT="53" WIDTH="17" VPOS="403" HPOS="812"/>
                  <String HEIGHT="53"
                          WIDTH="153"
                          VPOS="403"
                          HPOS="744"
                          CONTENT="animus."/>
               </TextLine>
               <TextLine ID="r3l8"
                         BASELINE="521"
                         HEIGHT="85"
                         WIDTH="1063"
                         VPOS="436"
                         HPOS="222">
                  <String HEIGHT="85" WIDTH="108" VPOS="436" HPOS="207" CONTENT="Mon"/>
                  <SP HEIGHT="85" WIDTH="15" VPOS="436" HPOS="314"/>
                  <String HEIGHT="85"
                          WIDTH="139"
                          VPOS="436"
                          HPOS="268"
                          CONTENT="iubeo"/>
                  <SP HEIGHT="85" WIDTH="15" VPOS="436" HPOS="407"/>
                  <String HEIGHT="85" WIDTH="92" VPOS="436" HPOS="361" CONTENT="te"/>
                  <SP HEIGHT="85" WIDTH="15" VPOS="436" HPOS="453"/>
                  <String HEIGHT="85"
                          WIDTH="154"
                          VPOS="436"
                          HPOS="407"
                          CONTENT="semper"/>
                  <SP HEIGHT="85" WIDTH="15" VPOS="436" HPOS="561"/>
                  <String HEIGHT="85"
                          WIDTH="185"
                          VPOS="436"
                          HPOS="515"
                          CONTENT="scribere"/>
                  <SP HEIGHT="85" WIDTH="15" VPOS="436" HPOS="700"/>
                  <String HEIGHT="85"
                          WIDTH="154"
                          VPOS="436"
                          HPOS="653"
                          CONTENT="libros"/>
                  <SP HEIGHT="85" WIDTH="15" VPOS="436" HPOS="807"/>
                  <String HEIGHT="85" WIDTH="92" VPOS="436" HPOS="761" CONTENT="ac"/>
                  <SP HEIGHT="85" WIDTH="15" VPOS="436" HPOS="854"/>
                  <String HEIGHT="85"
                          WIDTH="169"
                          VPOS="436"
                          HPOS="807"
                          CONTENT="tabulas"/>
                  <SP HEIGHT="85" WIDTH="15" VPOS="436" HPOS="977"/>
                  <String HEIGHT="85"
                          WIDTH="246"
                          VPOS="436"
                          HPOS="931"
                          CONTENT="Pugillaribus"/>
                  <SP HEIGHT="85" WIDTH="15" VPOS="436" HPOS="1177"/>
                  <String HEIGHT="85"
                          WIDTH="123"
                          VPOS="436"
                          HPOS="1131"
                          CONTENT="enim"/>
                  <SP HEIGHT="85" WIDTH="15" VPOS="436" HPOS="1254"/>
                  <String HEIGHT="85"
                          WIDTH="92"
                          VPOS="436"
                          HPOS="1193"
                          CONTENT="dan"
                          SUBS_TYPE="HypPart1"
                          SUBS_CONTENT="dandum"/>
                  <HYP CONTENT="-"/>
               </TextLine>
               <TextLine ID="r3l9"
                         BASELINE="542"
                         HEIGHT="61"
                         WIDTH="474"
                         VPOS="481"
                         HPOS="225">
                  <String HEIGHT="61"
                          WIDTH="123"
                          VPOS="481"
                          HPOS="207"
                          CONTENT="dum"
                          SUBS_TYPE="HypPart2"
                          SUBS_CONTENT="dandum"/>
                  <SP HEIGHT="61" WIDTH="18" VPOS="481" HPOS="330"/>
                  <String HEIGHT="61" WIDTH="123" VPOS="481" HPOS="278" CONTENT="est"/>
                  <SP HEIGHT="61" WIDTH="18" VPOS="481" HPOS="401"/>
                  <String HEIGHT="61"
                          WIDTH="263"
                          VPOS="481"
                          HPOS="348"
                          CONTENT="interuallum"/>
                  <SP HEIGHT="61" WIDTH="18" VPOS="481" HPOS="611"/>
                  <String HEIGHT="61"
                          WIDTH="158"
                          VPOS="481"
                          HPOS="541"
                          CONTENT="omnino."/>
               </TextLine>
               <TextLine ID="r3l10"
                         BASELINE="589"
                         HEIGHT="62"
                         WIDTH="1012"
                         VPOS="527"
                         HPOS="228">
                  <String HEIGHT="62"
                          WIDTH="196"
                          VPOS="527"
                          HPOS="213"
                          CONTENT="Pugilibus"/>
                  <SP HEIGHT="62" WIDTH="15" VPOS="527" HPOS="409"/>
                  <String HEIGHT="62"
                          WIDTH="136"
                          VPOS="527"
                          HPOS="364"
                          CONTENT="datur"/>
                  <SP HEIGHT="62" WIDTH="15" VPOS="527" HPOS="500"/>
                  <String HEIGHT="62"
                          WIDTH="181"
                          VPOS="527"
                          HPOS="455"
                          CONTENT="requies."/>
                  <SP HEIGHT="62" WIDTH="15" VPOS="527" HPOS="636"/>
                  <String HEIGHT="62" WIDTH="106" VPOS="527" HPOS="591" CONTENT="non"/>
                  <SP HEIGHT="62" WIDTH="15" VPOS="527" HPOS="696"/>
                  <String HEIGHT="62" WIDTH="91" VPOS="527" HPOS="651" CONTENT="vt"/>
                  <SP HEIGHT="62" WIDTH="15" VPOS="527" HPOS="742"/>
                  <String HEIGHT="62"
                          WIDTH="151"
                          VPOS="527"
                          HPOS="696"
                          CONTENT="virtus"/>
                  <SP HEIGHT="62" WIDTH="15" VPOS="527" HPOS="847"/>
                  <String HEIGHT="62"
                          WIDTH="211"
                          VPOS="527"
                          HPOS="802"
                          CONTENT="spolietur."/>
                  <SP HEIGHT="62" WIDTH="15" VPOS="527" HPOS="1013"/>
                  <String HEIGHT="62" WIDTH="106" VPOS="527" HPOS="968" CONTENT="sed"/>
                  <SP HEIGHT="62" WIDTH="15" VPOS="527" HPOS="1074"/>
                  <String HEIGHT="62"
                          WIDTH="136"
                          VPOS="527"
                          HPOS="1029"
                          CONTENT="magis"/>
                  <SP HEIGHT="62" WIDTH="15" VPOS="527" HPOS="1164"/>
                  <String HEIGHT="62"
                          WIDTH="136"
                          VPOS="527"
                          HPOS="1104"
                          CONTENT="acuatur"/>
               </TextLine>
               <TextLine ID="r3l11"
                         BASELINE="639"
                         HEIGHT="72"
                         WIDTH="873"
                         VPOS="567"
                         HPOS="226">
                  <String HEIGHT="72"
                          WIDTH="123"
                          VPOS="567"
                          HPOS="211"
                          CONTENT="dcio"/>
                  <SP HEIGHT="72" WIDTH="15" VPOS="567" HPOS="333"/>
                  <String HEIGHT="72"
                          WIDTH="168"
                          VPOS="567"
                          HPOS="287"
                          CONTENT="neminem"/>
                  <SP HEIGHT="72" WIDTH="15" VPOS="567" HPOS="456"/>
                  <String HEIGHT="72"
                          WIDTH="138"
                          VPOS="567"
                          HPOS="410"
                          CONTENT="beate"/>
                  <SP HEIGHT="72" WIDTH="15" VPOS="567" HPOS="548"/>
                  <String HEIGHT="72"
                          WIDTH="153"
                          VPOS="567"
                          HPOS="502"
                          CONTENT="viuere"/>
                  <SP HEIGHT="72" WIDTH="15" VPOS="567" HPOS="655"/>
                  <String HEIGHT="72" WIDTH="107" VPOS="567" HPOS="609" CONTENT="non"/>
                  <SP HEIGHT="72" WIDTH="15" VPOS="567" HPOS="716"/>
                  <String HEIGHT="72"
                          WIDTH="138"
                          VPOS="567"
                          HPOS="670"
                          CONTENT="posse"/>
                  <SP HEIGHT="72" WIDTH="15" VPOS="567" HPOS="808"/>
                  <String HEIGHT="72"
                          WIDTH="123"
                          VPOS="567"
                          HPOS="762"
                          CONTENT="sine"/>
                  <SP HEIGHT="72" WIDTH="15" VPOS="567" HPOS="885"/>
                  <String HEIGHT="72"
                          WIDTH="153"
                          VPOS="567"
                          HPOS="839"
                          CONTENT="studio"/>
                  <SP HEIGHT="72" WIDTH="15" VPOS="567" HPOS="992"/>
                  <String HEIGHT="72"
                          WIDTH="168"
                          VPOS="567"
                          HPOS="931"
                          CONTENT="sapientie"/>
               </TextLine>
               <TextLine ID="r3l12"
                         BASELINE="676"
                         HEIGHT="65"
                         WIDTH="633"
                         VPOS="611"
                         HPOS="219">
                  <String HEIGHT="65"
                          WIDTH="146"
                          VPOS="611"
                          HPOS="203"
                          CONTENT="Bonam"/>
                  <SP HEIGHT="65" WIDTH="16" VPOS="611" HPOS="349"/>
                  <String HEIGHT="65"
                          WIDTH="146"
                          VPOS="611"
                          HPOS="300"
                          CONTENT="vitam"/>
                  <SP HEIGHT="65" WIDTH="16" VPOS="611" HPOS="446"/>
                  <String HEIGHT="65"
                          WIDTH="195"
                          VPOS="611"
                          HPOS="398"
                          CONTENT="perfecta"/>
                  <SP HEIGHT="65" WIDTH="16" VPOS="611" HPOS="592"/>
                  <String HEIGHT="65"
                          WIDTH="211"
                          VPOS="611"
                          HPOS="544"
                          CONTENT="sapientia"/>
                  <SP HEIGHT="65" WIDTH="16" VPOS="611" HPOS="755"/>
                  <String HEIGHT="65"
                          WIDTH="162"
                          VPOS="611"
                          HPOS="690"
                          CONTENT="efficit."/>
               </TextLine>
               <TextLine ID="r3l13"
                         BASELINE="718"
                         HEIGHT="66"
                         WIDTH="1075"
                         VPOS="652"
                         HPOS="216">
                  <String HEIGHT="66" WIDTH="100" VPOS="652" HPOS="202" CONTENT="Non"/>
                  <SP HEIGHT="66" WIDTH="14" VPOS="652" HPOS="302"/>
                  <String HEIGHT="66" WIDTH="100" VPOS="652" HPOS="259" CONTENT="sit"/>
                  <SP HEIGHT="66" WIDTH="14" VPOS="652" HPOS="359"/>
                  <String HEIGHT="66"
                          WIDTH="115"
                          VPOS="652"
                          HPOS="316"
                          CONTENT="quod"/>
                  <SP HEIGHT="66" WIDTH="14" VPOS="652" HPOS="431"/>
                  <String HEIGHT="66" WIDTH="100" VPOS="652" HPOS="388" CONTENT="nos"/>
                  <SP HEIGHT="66" WIDTH="14" VPOS="652" HPOS="488"/>
                  <String HEIGHT="66" WIDTH="72" VPOS="652" HPOS="445" CONTENT="a"/>
                  <SP HEIGHT="66" WIDTH="14" VPOS="652" HPOS="517"/>
                  <String HEIGHT="66"
                          WIDTH="115"
                          VPOS="652"
                          HPOS="474"
                          CONTENT="phia"/>
                  <SP HEIGHT="66" WIDTH="14" VPOS="652" HPOS="589"/>
                  <String HEIGHT="66"
                          WIDTH="186"
                          VPOS="652"
                          HPOS="546"
                          CONTENT="remoueat."/>
                  <SP HEIGHT="66" WIDTH="14" VPOS="652" HPOS="732"/>
                  <String HEIGHT="66" WIDTH="100" VPOS="652" HPOS="689" CONTENT="nec"/>
                  <SP HEIGHT="66" WIDTH="14" VPOS="652" HPOS="789"/>
                  <String HEIGHT="66"
                          WIDTH="186"
                          VPOS="652"
                          HPOS="746"
                          CONTENT="paupertas"/>
                  <SP HEIGHT="66" WIDTH="14" VPOS="652" HPOS="933"/>
                  <String HEIGHT="66" WIDTH="100" VPOS="652" HPOS="890" CONTENT="nec"/>
                  <SP HEIGHT="66" WIDTH="14" VPOS="652" HPOS="990"/>
                  <String HEIGHT="66"
                          WIDTH="172"
                          VPOS="652"
                          HPOS="947"
                          CONTENT="alicuius"/>
                  <SP HEIGHT="66" WIDTH="14" VPOS="652" HPOS="1119"/>
                  <String HEIGHT="66"
                          WIDTH="100"
                          VPOS="652"
                          HPOS="1076"
                          CONTENT="rei"/>
                  <SP HEIGHT="66" WIDTH="14" VPOS="652" HPOS="1176"/>
                  <String HEIGHT="66"
                          WIDTH="172"
                          VPOS="652"
                          HPOS="1119"
                          CONTENT="indigentia"/>
               </TextLine>
               <TextLine ID="r3l14"
                         BASELINE="768"
                         HEIGHT="71"
                         WIDTH="687"
                         VPOS="697"
                         HPOS="231">
                  <String HEIGHT="71"
                          WIDTH="131"
                          VPOS="697"
                          HPOS="215"
                          CONTENT="Nemo"/>
                  <SP HEIGHT="71" WIDTH="16" VPOS="697" HPOS="346"/>
                  <String HEIGHT="71"
                          WIDTH="164"
                          VPOS="697"
                          HPOS="296"
                          CONTENT="dignus"/>
                  <SP HEIGHT="71" WIDTH="16" VPOS="697" HPOS="460"/>
                  <String HEIGHT="71" WIDTH="115" VPOS="697" HPOS="411" CONTENT="est"/>
                  <SP HEIGHT="71" WIDTH="16" VPOS="697" HPOS="525"/>
                  <String HEIGHT="71" WIDTH="115" VPOS="697" HPOS="476" CONTENT="deo"/>
                  <SP HEIGHT="71" WIDTH="16" VPOS="697" HPOS="591"/>
                  <String HEIGHT="71"
                          WIDTH="131"
                          VPOS="697"
                          HPOS="542"
                          CONTENT="nisi"/>
                  <SP HEIGHT="71" WIDTH="16" VPOS="697" HPOS="673"/>
                  <String HEIGHT="71"
                          WIDTH="131"
                          VPOS="697"
                          HPOS="624"
                          CONTENT="opes"/>
                  <SP HEIGHT="71" WIDTH="16" VPOS="697" HPOS="754"/>
                  <String HEIGHT="71"
                          WIDTH="229"
                          VPOS="697"
                          HPOS="689"
                          CONTENT="contempserit"/>
               </TextLine>
               <TextLine ID="r3l15"
                         BASELINE="809"
                         HEIGHT="66"
                         WIDTH="688"
                         VPOS="743"
                         HPOS="235">
                  <String HEIGHT="66"
                          WIDTH="240"
                          VPOS="743"
                          HPOS="219"
                          CONTENT="Philosophia"/>
                  <SP HEIGHT="66" WIDTH="16" VPOS="743" HPOS="459"/>
                  <String HEIGHT="66"
                          WIDTH="144"
                          VPOS="743"
                          HPOS="411"
                          CONTENT="docet"/>
                  <SP HEIGHT="66" WIDTH="16" VPOS="743" HPOS="555"/>
                  <String HEIGHT="66" WIDTH="112" VPOS="743" HPOS="507" CONTENT="nos"/>
                  <SP HEIGHT="66" WIDTH="16" VPOS="743" HPOS="619"/>
                  <String HEIGHT="66"
                          WIDTH="160"
                          VPOS="743"
                          HPOS="571"
                          CONTENT="facere"/>
                  <SP HEIGHT="66" WIDTH="16" VPOS="743" HPOS="731"/>
                  <String HEIGHT="66" WIDTH="96" VPOS="743" HPOS="683" CONTENT="et"/>
                  <SP HEIGHT="66" WIDTH="16" VPOS="743" HPOS="779"/>
                  <String HEIGHT="66"
                          WIDTH="208"
                          VPOS="743"
                          HPOS="715"
                          CONTENT="discernere."/>
               </TextLine>
               <TextLine ID="r3l16"
                         BASELINE="842"
                         HEIGHT="59"
                         WIDTH="706"
                         VPOS="783"
                         HPOS="218">
                  <String HEIGHT="59"
                          WIDTH="164"
                          VPOS="783"
                          HPOS="202"
                          CONTENT="Magnus"/>
                  <SP HEIGHT="59" WIDTH="16" VPOS="783" HPOS="366"/>
                  <String HEIGHT="59" WIDTH="115" VPOS="783" HPOS="317" CONTENT="est"/>
                  <SP HEIGHT="59" WIDTH="16" VPOS="783" HPOS="431"/>
                  <String HEIGHT="59"
                          WIDTH="131"
                          VPOS="783"
                          HPOS="382"
                          CONTENT="ille"/>
                  <SP HEIGHT="59" WIDTH="16" VPOS="783" HPOS="514"/>
                  <String HEIGHT="59" WIDTH="115" VPOS="783" HPOS="464" CONTENT="qui"/>
                  <SP HEIGHT="59" WIDTH="16" VPOS="783" HPOS="579"/>
                  <String HEIGHT="59" WIDTH="99" VPOS="783" HPOS="530" CONTENT="in"/>
                  <SP HEIGHT="59" WIDTH="16" VPOS="783" HPOS="628"/>
                  <String HEIGHT="59"
                          WIDTH="197"
                          VPOS="783"
                          HPOS="579"
                          CONTENT="diuitius"/>
                  <SP HEIGHT="59" WIDTH="16" VPOS="783" HPOS="776"/>
                  <String HEIGHT="59"
                          WIDTH="164"
                          VPOS="783"
                          HPOS="727"
                          CONTENT="pauper"/>
                  <SP HEIGHT="59" WIDTH="16" VPOS="783" HPOS="891"/>
                  <String HEIGHT="59" WIDTH="99" VPOS="783" HPOS="825" CONTENT="est."/>
               </TextLine>
               <TextLine ID="line_1609547814279_555"
                         BASELINE="897"
                         HEIGHT="72"
                         WIDTH="954"
                         VPOS="825"
                         HPOS="225">
                  <String HEIGHT="72"
                          WIDTH="159"
                          VPOS="825"
                          HPOS="205"
                          CONTENT="Nemo"/>
                  <SP HEIGHT="72" WIDTH="20" VPOS="825" HPOS="364"/>
                  <String HEIGHT="72"
                          WIDTH="179"
                          VPOS="825"
                          HPOS="305"
                          CONTENT="diues"/>
                  <SP HEIGHT="72" WIDTH="20" VPOS="825" HPOS="483"/>
                  <String HEIGHT="72"
                          WIDTH="378"
                          VPOS="825"
                          HPOS="424"
                          CONTENT="nasciturPeiores"/>
                  <SP HEIGHT="72" WIDTH="20" VPOS="825" HPOS="801"/>
                  <String HEIGHT="72"
                          WIDTH="219"
                          VPOS="825"
                          HPOS="742"
                          CONTENT="morimur"/>
                  <SP HEIGHT="72" WIDTH="20" VPOS="825" HPOS="960"/>
                  <String HEIGHT="72"
                          WIDTH="159"
                          VPOS="825"
                          HPOS="901"
                          CONTENT="quam"/>
                  <SP HEIGHT="72" WIDTH="20" VPOS="825" HPOS="1060"/>
                  <String HEIGHT="72"
                          WIDTH="199"
                          VPOS="825"
                          HPOS="980"
                          CONTENT="nascimur"/>
               </TextLine>
               <TextLine ID="r3l21"
                         BASELINE="938"
                         HEIGHT="75"
                         WIDTH="983"
                         VPOS="863"
                         HPOS="217">
                  <String HEIGHT="75"
                          WIDTH="164"
                          VPOS="863"
                          HPOS="203"
                          CONTENT="Incertum"/>
                  <SP HEIGHT="75" WIDTH="14" VPOS="863" HPOS="367"/>
                  <String HEIGHT="75" WIDTH="96" VPOS="863" HPOS="326" CONTENT="est"/>
                  <SP HEIGHT="75" WIDTH="14" VPOS="863" HPOS="422"/>
                  <String HEIGHT="75" WIDTH="96" VPOS="863" HPOS="381" CONTENT="qui"/>
                  <SP HEIGHT="75" WIDTH="14" VPOS="863" HPOS="476"/>
                  <String HEIGHT="75"
                          WIDTH="109"
                          VPOS="863"
                          HPOS="435"
                          CONTENT="loco"/>
                  <SP HEIGHT="75" WIDTH="14" VPOS="863" HPOS="545"/>
                  <String HEIGHT="75"
                          WIDTH="109"
                          VPOS="863"
                          HPOS="504"
                          CONTENT="mors"/>
                  <SP HEIGHT="75" WIDTH="14" VPOS="863" HPOS="613"/>
                  <String HEIGHT="75" WIDTH="82" VPOS="863" HPOS="572" CONTENT="te"/>
                  <SP HEIGHT="75" WIDTH="14" VPOS="863" HPOS="654"/>
                  <String HEIGHT="75"
                          WIDTH="177"
                          VPOS="863"
                          HPOS="613"
                          CONTENT="expectat."/>
                  <SP HEIGHT="75" WIDTH="14" VPOS="863" HPOS="790"/>
                  <String HEIGHT="75"
                          WIDTH="137"
                          VPOS="863"
                          HPOS="749"
                          CONTENT="itaque"/>
                  <SP HEIGHT="75" WIDTH="14" VPOS="863" HPOS="886"/>
                  <String HEIGHT="75" WIDTH="96" VPOS="863" HPOS="845" CONTENT="tum"/>
                  <SP HEIGHT="75" WIDTH="14" VPOS="863" HPOS="941"/>
                  <String HEIGHT="75" WIDTH="96" VPOS="863" HPOS="900" CONTENT="eam"/>
                  <SP HEIGHT="75" WIDTH="14" VPOS="863" HPOS="995"/>
                  <String HEIGHT="75" WIDTH="82" VPOS="863" HPOS="954" CONTENT="in"/>
                  <SP HEIGHT="75" WIDTH="14" VPOS="863" HPOS="1036"/>
                  <String HEIGHT="75"
                          WIDTH="109"
                          VPOS="863"
                          HPOS="995"
                          CONTENT="omni"/>
                  <SP HEIGHT="75" WIDTH="14" VPOS="863" HPOS="1104"/>
                  <String HEIGHT="75"
                          WIDTH="150"
                          VPOS="863"
                          HPOS="1050"
                          CONTENT="expectes."/>
               </TextLine>
               <TextLine ID="r3l22"
                         BASELINE="982"
                         HEIGHT="84"
                         WIDTH="924"
                         VPOS="898"
                         HPOS="215">
                  <String HEIGHT="84" WIDTH="91" VPOS="898" HPOS="200" CONTENT="di"/>
                  <SP HEIGHT="84" WIDTH="15" VPOS="898" HPOS="291"/>
                  <String HEIGHT="84"
                          WIDTH="121"
                          VPOS="898"
                          HPOS="245"
                          CONTENT="quis"/>
                  <SP HEIGHT="84" WIDTH="15" VPOS="898" HPOS="366"/>
                  <String HEIGHT="84"
                          WIDTH="182"
                          VPOS="898"
                          HPOS="321"
                          CONTENT="percipit"/>
                  <SP HEIGHT="84" WIDTH="15" VPOS="898" HPOS="503"/>
                  <String HEIGHT="84"
                          WIDTH="167"
                          VPOS="898"
                          HPOS="457"
                          CONTENT="prhiam."/>
                  <SP HEIGHT="84" WIDTH="15" VPOS="898" HPOS="624"/>
                  <String HEIGHT="84" WIDTH="106" VPOS="898" HPOS="579" CONTENT="ita"/>
                  <SP HEIGHT="84" WIDTH="15" VPOS="898" HPOS="685"/>
                  <String HEIGHT="84"
                          WIDTH="182"
                          VPOS="898"
                          HPOS="639"
                          CONTENT="securuis"/>
                  <SP HEIGHT="84" WIDTH="15" VPOS="898" HPOS="821"/>
                  <String HEIGHT="84"
                          WIDTH="167"
                          VPOS="898"
                          HPOS="775"
                          CONTENT="moritur"/>
                  <SP HEIGHT="84" WIDTH="15" VPOS="898" HPOS="942"/>
                  <String HEIGHT="84"
                          WIDTH="136"
                          VPOS="898"
                          HPOS="897"
                          CONTENT="sicut"/>
                  <SP HEIGHT="84" WIDTH="15" VPOS="898" HPOS="1033"/>
                  <String HEIGHT="84"
                          WIDTH="167"
                          VPOS="898"
                          HPOS="972"
                          CONTENT="nascitur."/>
               </TextLine>
               <TextLine ID="r3l23"
                         BASELINE="1012"
                         HEIGHT="63"
                         WIDTH="731"
                         VPOS="949"
                         HPOS="215">
                  <String HEIGHT="63"
                          WIDTH="122"
                          VPOS="949"
                          HPOS="200"
                          CONTENT="Sola"/>
                  <SP HEIGHT="63" WIDTH="15" VPOS="949" HPOS="322"/>
                  <String HEIGHT="63"
                          WIDTH="152"
                          VPOS="949"
                          HPOS="276"
                          CONTENT="virtus"/>
                  <SP HEIGHT="63" WIDTH="15" VPOS="949" HPOS="428"/>
                  <String HEIGHT="63"
                          WIDTH="168"
                          VPOS="949"
                          HPOS="383"
                          CONTENT="prestat"/>
                  <SP HEIGHT="63" WIDTH="15" VPOS="949" HPOS="550"/>
                  <String HEIGHT="63"
                          WIDTH="168"
                          VPOS="949"
                          HPOS="504"
                          CONTENT="gaudium"/>
                  <SP HEIGHT="63" WIDTH="15" VPOS="949" HPOS="672"/>
                  <String HEIGHT="63"
                          WIDTH="198"
                          VPOS="949"
                          HPOS="626"
                          CONTENT="perpetuum"/>
                  <SP HEIGHT="63" WIDTH="15" VPOS="949" HPOS="824"/>
                  <String HEIGHT="63" WIDTH="91" VPOS="949" HPOS="778" CONTENT="et"/>
                  <SP HEIGHT="63" WIDTH="15" VPOS="949" HPOS="870"/>
                  <String HEIGHT="63"
                          WIDTH="137"
                          VPOS="949"
                          HPOS="809"
                          CONTENT="securum"/>
               </TextLine>
               <TextLine ID="line_1609547835525_578"
                         BASELINE="1072"
                         HEIGHT="75"
                         WIDTH="1093"
                         VPOS="997"
                         HPOS="206">
                  <String HEIGHT="75"
                          WIDTH="137"
                          VPOS="997"
                          HPOS="189"
                          CONTENT="Mens"/>
                  <SP HEIGHT="75" WIDTH="17" VPOS="997" HPOS="326"/>
                  <String HEIGHT="75"
                          WIDTH="137"
                          VPOS="997"
                          HPOS="274"
                          CONTENT="bona"/>
                  <SP HEIGHT="75" WIDTH="17" VPOS="997" HPOS="411"/>
                  <String HEIGHT="75" WIDTH="120" VPOS="997" HPOS="360" CONTENT="non"/>
                  <SP HEIGHT="75" WIDTH="17" VPOS="997" HPOS="479"/>
                  <String HEIGHT="75"
                          WIDTH="273"
                          VPOS="997"
                          HPOS="428"
                          CONTENT="accommodatur"/>
                  <SP HEIGHT="75" WIDTH="17" VPOS="997" HPOS="701"/>
                  <String HEIGHT="75" WIDTH="120" VPOS="997" HPOS="650" CONTENT="nec"/>
                  <SP HEIGHT="75" WIDTH="17" VPOS="997" HPOS="770"/>
                  <String HEIGHT="75"
                          WIDTH="171"
                          VPOS="997"
                          HPOS="718"
                          CONTENT="emitur"/>
                  <SP HEIGHT="75" WIDTH="17" VPOS="997" HPOS="889"/>
                  <String HEIGHT="75" WIDTH="102" VPOS="997" HPOS="838" CONTENT="et"/>
                  <SP HEIGHT="75" WIDTH="17" VPOS="997" HPOS="940"/>
                  <String HEIGHT="75" WIDTH="102" VPOS="997" HPOS="889" CONTENT="si"/>
                  <SP HEIGHT="75" WIDTH="17" VPOS="997" HPOS="992"/>
                  <String HEIGHT="75"
                          WIDTH="188"
                          VPOS="997"
                          HPOS="940"
                          CONTENT="venalis"/>
                  <SP HEIGHT="75" WIDTH="17" VPOS="997" HPOS="1128"/>
                  <String HEIGHT="75"
                          WIDTH="154"
                          VPOS="997"
                          HPOS="1077"
                          CONTENT="esset"/>
                  <SP HEIGHT="75" WIDTH="17" VPOS="997" HPOS="1231"/>
                  <String HEIGHT="75"
                          WIDTH="120"
                          VPOS="997"
                          HPOS="1179"
                          CONTENT="non"/>
                  <SP HEIGHT="75" WIDTH="17" VPOS="997" HPOS="1299"/>
                  <String HEIGHT="75" WIDTH="68" VPOS="997" HPOS="1231" CONTENT="ha"/>
               </TextLine>
               <TextLine ID="r3l25"
                         BASELINE="1102"
                         HEIGHT="66"
                         WIDTH="650"
                         VPOS="1036"
                         HPOS="204">
                  <String HEIGHT="66"
                          WIDTH="146"
                          VPOS="1036"
                          HPOS="188"
                          CONTENT="deret"/>
                  <SP HEIGHT="66" WIDTH="16" VPOS="1036" HPOS="334"/>
                  <String HEIGHT="66"
                          WIDTH="211"
                          VPOS="1036"
                          HPOS="285"
                          CONTENT="emptorem."/>
                  <SP HEIGHT="66" WIDTH="16" VPOS="1036" HPOS="497"/>
                  <String HEIGHT="66"
                          WIDTH="114"
                          VPOS="1036"
                          HPOS="448"
                          CONTENT="sed"/>
                  <SP HEIGHT="66" WIDTH="16" VPOS="1036" HPOS="562"/>
                  <String HEIGHT="66"
                          WIDTH="130"
                          VPOS="1036"
                          HPOS="513"
                          CONTENT="mala"/>
                  <SP HEIGHT="66" WIDTH="16" VPOS="1036" HPOS="643"/>
                  <String HEIGHT="66"
                          WIDTH="195"
                          VPOS="1036"
                          HPOS="594"
                          CONTENT="quotidie"/>
                  <SP HEIGHT="66" WIDTH="16" VPOS="1036" HPOS="789"/>
                  <String HEIGHT="66"
                          WIDTH="130"
                          VPOS="1036"
                          HPOS="724"
                          CONTENT="emitur"/>
               </TextLine>
               <TextLine ID="r3l26"
                         BASELINE="1142"
                         HEIGHT="61"
                         WIDTH="602"
                         VPOS="1081"
                         HPOS="215">
                  <String HEIGHT="61"
                          WIDTH="174"
                          VPOS="1081"
                          HPOS="199"
                          CONTENT="Initium"/>
                  <SP HEIGHT="61" WIDTH="16" VPOS="1081" HPOS="373"/>
                  <String HEIGHT="61"
                          WIDTH="206"
                          VPOS="1081"
                          HPOS="326"
                          CONTENT="sapientie"/>
                  <SP HEIGHT="61" WIDTH="16" VPOS="1081" HPOS="532"/>
                  <String HEIGHT="61"
                          WIDTH="111"
                          VPOS="1081"
                          HPOS="484"
                          CONTENT="est"/>
                  <SP HEIGHT="61" WIDTH="16" VPOS="1081" HPOS="595"/>
                  <String HEIGHT="61"
                          WIDTH="190"
                          VPOS="1081"
                          HPOS="548"
                          CONTENT="cognitio"/>
                  <SP HEIGHT="61" WIDTH="16" VPOS="1081" HPOS="738"/>
                  <String HEIGHT="61"
                          WIDTH="143"
                          VPOS="1081"
                          HPOS="674"
                          CONTENT="peccati"/>
               </TextLine>
               <TextLine ID="r3l28"
                         BASELINE="1187"
                         HEIGHT="64"
                         WIDTH="619"
                         VPOS="1123"
                         HPOS="214">
                  <String HEIGHT="64"
                          WIDTH="111"
                          VPOS="1123"
                          HPOS="198"
                          CONTENT="Qui"/>
                  <SP HEIGHT="64" WIDTH="16" VPOS="1123" HPOS="309"/>
                  <String HEIGHT="64"
                          WIDTH="175"
                          VPOS="1123"
                          HPOS="262"
                          CONTENT="peccare"/>
                  <SP HEIGHT="64" WIDTH="16" VPOS="1123" HPOS="436"/>
                  <String HEIGHT="64" WIDTH="95" VPOS="1123" HPOS="389" CONTENT="se"/>
                  <SP HEIGHT="64" WIDTH="16" VPOS="1123" HPOS="484"/>
                  <String HEIGHT="64"
                          WIDTH="159"
                          VPOS="1123"
                          HPOS="436"
                          CONTENT="nescit"/>
                  <SP HEIGHT="64" WIDTH="16" VPOS="1123" HPOS="595"/>
                  <String HEIGHT="64"
                          WIDTH="175"
                          VPOS="1123"
                          HPOS="547"
                          CONTENT="corrigi"/>
                  <SP HEIGHT="64" WIDTH="16" VPOS="1123" HPOS="722"/>
                  <String HEIGHT="64"
                          WIDTH="111"
                          VPOS="1123"
                          HPOS="674"
                          CONTENT="non"/>
                  <SP HEIGHT="64" WIDTH="16" VPOS="1123" HPOS="785"/>
                  <String HEIGHT="64"
                          WIDTH="111"
                          VPOS="1123"
                          HPOS="722"
                          CONTENT="vult."/>
               </TextLine>
               <TextLine ID="r3l30"
                         BASELINE="1226"
                         HEIGHT="63"
                         WIDTH="677"
                         VPOS="1163"
                         HPOS="210">
                  <String HEIGHT="63"
                          WIDTH="232"
                          VPOS="1163"
                          HPOS="192"
                          CONTENT="Benerosus"/>
                  <SP HEIGHT="63" WIDTH="18" VPOS="1163" HPOS="424"/>
                  <String HEIGHT="63"
                          WIDTH="178"
                          VPOS="1163"
                          HPOS="370"
                          CONTENT="animus"/>
                  <SP HEIGHT="63" WIDTH="18" VPOS="1163" HPOS="549"/>
                  <String HEIGHT="63"
                          WIDTH="249"
                          VPOS="1163"
                          HPOS="495"
                          CONTENT="concitatur"/>
                  <SP HEIGHT="63" WIDTH="18" VPOS="1163" HPOS="744"/>
                  <String HEIGHT="63" WIDTH="107" VPOS="1163" HPOS="691" CONTENT="ad"/>
                  <SP HEIGHT="63" WIDTH="18" VPOS="1163" HPOS="798"/>
                  <String HEIGHT="63"
                          WIDTH="160"
                          VPOS="1163"
                          HPOS="727"
                          CONTENT="honesta"/>
               </TextLine>
               <TextLine ID="r3l31"
                         BASELINE="1278"
                         HEIGHT="70"
                         WIDTH="963"
                         VPOS="1208"
                         HPOS="202">
                  <String HEIGHT="70"
                          WIDTH="152"
                          VPOS="1208"
                          HPOS="185"
                          CONTENT="Magni"/>
                  <SP HEIGHT="70" WIDTH="17" VPOS="1208" HPOS="337"/>
                  <String HEIGHT="70"
                          WIDTH="152"
                          VPOS="1208"
                          HPOS="286"
                          CONTENT="animi"/>
                  <SP HEIGHT="70" WIDTH="17" VPOS="1208" HPOS="439"/>
                  <String HEIGHT="70"
                          WIDTH="118"
                          VPOS="1208"
                          HPOS="388"
                          CONTENT="est"/>
                  <SP HEIGHT="70" WIDTH="17" VPOS="1208" HPOS="506"/>
                  <String HEIGHT="70"
                          WIDTH="152"
                          VPOS="1208"
                          HPOS="455"
                          CONTENT="magna"/>
                  <SP HEIGHT="70" WIDTH="17" VPOS="1208" HPOS="607"/>
                  <String HEIGHT="70"
                          WIDTH="237"
                          VPOS="1208"
                          HPOS="557"
                          CONTENT="contennere"/>
                  <SP HEIGHT="70" WIDTH="17" VPOS="1208" HPOS="793"/>
                  <String HEIGHT="70"
                          WIDTH="135"
                          VPOS="1208"
                          HPOS="743"
                          CONTENT="Memo"/>
                  <SP HEIGHT="70" WIDTH="17" VPOS="1208" HPOS="878"/>
                  <String HEIGHT="70"
                          WIDTH="152"
                          VPOS="1208"
                          HPOS="827"
                          CONTENT="bonus"/>
                  <SP HEIGHT="70" WIDTH="17" VPOS="1208" HPOS="979"/>
                  <String HEIGHT="70"
                          WIDTH="118"
                          VPOS="1208"
                          HPOS="928"
                          CONTENT="est"/>
                  <SP HEIGHT="70" WIDTH="17" VPOS="1208" HPOS="1047"/>
                  <String HEIGHT="70"
                          WIDTH="135"
                          VPOS="1208"
                          HPOS="996"
                          CONTENT="sine"/>
                  <SP HEIGHT="70" WIDTH="17" VPOS="1208" HPOS="1131"/>
                  <String HEIGHT="70"
                          WIDTH="101"
                          VPOS="1208"
                          HPOS="1064"
                          CONTENT="deo."/>
               </TextLine>
               <TextLine ID="r3l32"
                         BASELINE="1321"
                         HEIGHT="66"
                         WIDTH="1082"
                         VPOS="1255"
                         HPOS="210">
                  <String HEIGHT="66"
                          WIDTH="157"
                          VPOS="1255"
                          HPOS="190"
                          CONTENT="Quid"/>
                  <SP HEIGHT="66" WIDTH="20" VPOS="1255" HPOS="348"/>
                  <String HEIGHT="66"
                          WIDTH="138"
                          VPOS="1255"
                          HPOS="289"
                          CONTENT="est"/>
                  <SP HEIGHT="66" WIDTH="20" VPOS="1255" HPOS="426"/>
                  <String HEIGHT="66"
                          WIDTH="256"
                          VPOS="1255"
                          HPOS="367"
                          CONTENT="facilius."/>
                  <SP HEIGHT="66" WIDTH="20" VPOS="1255" HPOS="623"/>
                  <String HEIGHT="66"
                          WIDTH="216"
                          VPOS="1255"
                          HPOS="564"
                          CONTENT="propria"/>
                  <SP HEIGHT="66" WIDTH="20" VPOS="1255" HPOS="781"/>
                  <String HEIGHT="66" WIDTH="118" VPOS="1255" HPOS="721" CONTENT="in"/>
                  <SP HEIGHT="66" WIDTH="20" VPOS="1255" HPOS="840"/>
                  <String HEIGHT="66"
                          WIDTH="197"
                          VPOS="1255"
                          HPOS="781"
                          CONTENT="homine"/>
                  <SP HEIGHT="66" WIDTH="20" VPOS="1255" HPOS="977"/>
                  <String HEIGHT="66"
                          WIDTH="138"
                          VPOS="1255"
                          HPOS="918"
                          CONTENT="aut"/>
                  <SP HEIGHT="66" WIDTH="20" VPOS="1255" HPOS="1056"/>
                  <String HEIGHT="66"
                          WIDTH="197"
                          VPOS="1255"
                          HPOS="997"
                          CONTENT="aliena"/>
                  <SP HEIGHT="66" WIDTH="20" VPOS="1255" HPOS="1194"/>
                  <String HEIGHT="66"
                          WIDTH="177"
                          VPOS="1255"
                          HPOS="1115"
                          CONTENT="laudare"/>
               </TextLine>
               <TextLine ID="r3l33"
                         BASELINE="1355"
                         HEIGHT="58"
                         WIDTH="636"
                         VPOS="1297"
                         HPOS="213">
                  <String HEIGHT="58"
                          WIDTH="120"
                          VPOS="1297"
                          HPOS="196"
                          CONTENT="Non"/>
                  <SP HEIGHT="58" WIDTH="17" VPOS="1297" HPOS="316"/>
                  <String HEIGHT="58"
                          WIDTH="189"
                          VPOS="1297"
                          HPOS="265"
                          CONTENT="faciunt"/>
                  <SP HEIGHT="58" WIDTH="17" VPOS="1297" HPOS="454"/>
                  <String HEIGHT="58"
                          WIDTH="189"
                          VPOS="1297"
                          HPOS="402"
                          CONTENT="meliore"/>
                  <SP HEIGHT="58" WIDTH="17" VPOS="1297" HPOS="591"/>
                  <String HEIGHT="58"
                          WIDTH="155"
                          VPOS="1297"
                          HPOS="540"
                          CONTENT="equum"/>
                  <SP HEIGHT="58" WIDTH="17" VPOS="1297" HPOS="694"/>
                  <String HEIGHT="58"
                          WIDTH="155"
                          VPOS="1297"
                          HPOS="643"
                          CONTENT="aurei"/>
                  <SP HEIGHT="58" WIDTH="17" VPOS="1297" HPOS="797"/>
                  <String HEIGHT="58"
                          WIDTH="120"
                          VPOS="1297"
                          HPOS="729"
                          CONTENT="freni"/>
               </TextLine>
               <TextLine ID="r3l34"
                         BASELINE="1389"
                         HEIGHT="51"
                         WIDTH="501"
                         VPOS="1338"
                         HPOS="207">
                  <String HEIGHT="51"
                          WIDTH="129"
                          VPOS="1338"
                          HPOS="191"
                          CONTENT="Nemo"/>
                  <SP HEIGHT="51" WIDTH="16" VPOS="1338" HPOS="320"/>
                  <String HEIGHT="51"
                          WIDTH="194"
                          VPOS="1338"
                          HPOS="272"
                          CONTENT="gloriari"/>
                  <SP HEIGHT="51" WIDTH="16" VPOS="1338" HPOS="466"/>
                  <String HEIGHT="51"
                          WIDTH="145"
                          VPOS="1338"
                          HPOS="417"
                          CONTENT="debet"/>
                  <SP HEIGHT="51" WIDTH="16" VPOS="1338" HPOS="563"/>
                  <String HEIGHT="51"
                          WIDTH="129"
                          VPOS="1338"
                          HPOS="514"
                          CONTENT="nisi"/>
                  <SP HEIGHT="51" WIDTH="16" VPOS="1338" HPOS="643"/>
                  <String HEIGHT="51" WIDTH="97" VPOS="1338" HPOS="595" CONTENT="de"/>
                  <SP HEIGHT="51" WIDTH="16" VPOS="1338" HPOS="692"/>
                  <String HEIGHT="51" WIDTH="81" VPOS="1338" HPOS="627" CONTENT="suo"/>
               </TextLine>
               <TextLine ID="r3l37"
                         BASELINE="1436"
                         HEIGHT="56"
                         WIDTH="1071"
                         VPOS="1380"
                         HPOS="198">
                  <String HEIGHT="56"
                          WIDTH="132"
                          VPOS="1380"
                          HPOS="183"
                          CONTENT="Lauda"/>
                  <SP HEIGHT="56" WIDTH="15" VPOS="1380" HPOS="315"/>
                  <String HEIGHT="56"
                          WIDTH="161"
                          VPOS="1380"
                          HPOS="271"
                          CONTENT="hominem"/>
                  <SP HEIGHT="56" WIDTH="15" VPOS="1380" HPOS="433"/>
                  <String HEIGHT="56" WIDTH="88" VPOS="1380" HPOS="389" CONTENT="in"/>
                  <SP HEIGHT="56" WIDTH="15" VPOS="1380" HPOS="477"/>
                  <String HEIGHT="56"
                          WIDTH="176"
                          VPOS="1380"
                          HPOS="433"
                          CONTENT="illoquod"/>
                  <SP HEIGHT="56" WIDTH="15" VPOS="1380" HPOS="609"/>
                  <String HEIGHT="56"
                          WIDTH="103"
                          VPOS="1380"
                          HPOS="565"
                          CONTENT="nec"/>
                  <SP HEIGHT="56" WIDTH="15" VPOS="1380" HPOS="667"/>
                  <String HEIGHT="56"
                          WIDTH="117"
                          VPOS="1380"
                          HPOS="623"
                          CONTENT="dari"/>
                  <SP HEIGHT="56" WIDTH="15" VPOS="1380" HPOS="741"/>
                  <String HEIGHT="56"
                          WIDTH="103"
                          VPOS="1380"
                          HPOS="697"
                          CONTENT="nec"/>
                  <SP HEIGHT="56" WIDTH="15" VPOS="1380" HPOS="800"/>
                  <String HEIGHT="56"
                          WIDTH="132"
                          VPOS="1380"
                          HPOS="756"
                          CONTENT="eripi"/>
                  <SP HEIGHT="56" WIDTH="15" VPOS="1380" HPOS="888"/>
                  <String HEIGHT="56"
                          WIDTH="161"
                          VPOS="1380"
                          HPOS="844"
                          CONTENT="potest."/>
                  <SP HEIGHT="56" WIDTH="15" VPOS="1380" HPOS="1005"/>
                  <String HEIGHT="56"
                          WIDTH="103"
                          VPOS="1380"
                          HPOS="961"
                          CONTENT="sed"/>
                  <SP HEIGHT="56" WIDTH="15" VPOS="1380" HPOS="1064"/>
                  <String HEIGHT="56"
                          WIDTH="117"
                          VPOS="1380"
                          HPOS="1020"
                          CONTENT="quod"/>
                  <SP HEIGHT="56" WIDTH="15" VPOS="1380" HPOS="1137"/>
                  <String HEIGHT="56"
                          WIDTH="176"
                          VPOS="1380"
                          HPOS="1093"
                          CONTENT="proprium"/>
                  <SP HEIGHT="56" WIDTH="15" VPOS="1380" HPOS="1269"/>
                  <String HEIGHT="56" WIDTH="59" VPOS="1380" HPOS="1210" CONTENT="ho"/>
               </TextLine>
               <TextLine ID="r3l38"
                         BASELINE="1488"
                         HEIGHT="63"
                         WIDTH="1068"
                         VPOS="1425"
                         HPOS="198">
                  <String HEIGHT="63"
                          WIDTH="141"
                          VPOS="1425"
                          HPOS="182"
                          CONTENT="minis"/>
                  <SP HEIGHT="63" WIDTH="16" VPOS="1425" HPOS="324"/>
                  <String HEIGHT="63"
                          WIDTH="126"
                          VPOS="1425"
                          HPOS="277"
                          CONTENT="est."/>
                  <SP HEIGHT="63" WIDTH="16" VPOS="1425" HPOS="402"/>
                  <String HEIGHT="63"
                          WIDTH="110"
                          VPOS="1425"
                          HPOS="355"
                          CONTENT="sed"/>
                  <SP HEIGHT="63" WIDTH="16" VPOS="1425" HPOS="465"/>
                  <String HEIGHT="63"
                          WIDTH="110"
                          VPOS="1425"
                          HPOS="418"
                          CONTENT="hoc"/>
                  <SP HEIGHT="63" WIDTH="16" VPOS="1425" HPOS="528"/>
                  <String HEIGHT="63"
                          WIDTH="110"
                          VPOS="1425"
                          HPOS="481"
                          CONTENT="non"/>
                  <SP HEIGHT="63" WIDTH="16" VPOS="1425" HPOS="591"/>
                  <String HEIGHT="63"
                          WIDTH="110"
                          VPOS="1425"
                          HPOS="544"
                          CONTENT="est"/>
                  <SP HEIGHT="63" WIDTH="16" VPOS="1425" HPOS="653"/>
                  <String HEIGHT="63"
                          WIDTH="141"
                          VPOS="1425"
                          HPOS="606"
                          CONTENT="domus"/>
                  <SP HEIGHT="63" WIDTH="16" VPOS="1425" HPOS="748"/>
                  <String HEIGHT="63"
                          WIDTH="110"
                          VPOS="1425"
                          HPOS="701"
                          CONTENT="vel"/>
                  <SP HEIGHT="63" WIDTH="16" VPOS="1425" HPOS="811"/>
                  <String HEIGHT="63"
                          WIDTH="157"
                          VPOS="1425"
                          HPOS="763"
                          CONTENT="vestis"/>
                  <SP HEIGHT="63" WIDTH="16" VPOS="1425" HPOS="920"/>
                  <String HEIGHT="63"
                          WIDTH="157"
                          VPOS="1425"
                          HPOS="873"
                          CONTENT="pulera"/>
                  <SP HEIGHT="63" WIDTH="16" VPOS="1425" HPOS="1030"/>
                  <String HEIGHT="63"
                          WIDTH="110"
                          VPOS="1425"
                          HPOS="983"
                          CONTENT="vel"/>
                  <SP HEIGHT="63" WIDTH="16" VPOS="1425" HPOS="1093"/>
                  <String HEIGHT="63"
                          WIDTH="173"
                          VPOS="1425"
                          HPOS="1046"
                          CONTENT="familia"/>
                  <SP HEIGHT="63" WIDTH="16" VPOS="1425" HPOS="1219"/>
                  <String HEIGHT="63"
                          WIDTH="110"
                          VPOS="1425"
                          HPOS="1156"
                          CONTENT="multa"/>
               </TextLine>
               <TextLine ID="r3l39"
                         BASELINE="1522"
                         HEIGHT="52"
                         WIDTH="747"
                         VPOS="1470"
                         HPOS="207">
                  <String HEIGHT="52"
                          WIDTH="109"
                          VPOS="1470"
                          HPOS="191"
                          CONTENT="vel"/>
                  <SP HEIGHT="52" WIDTH="16" VPOS="1470" HPOS="300"/>
                  <String HEIGHT="52"
                          WIDTH="156"
                          VPOS="1470"
                          HPOS="254"
                          CONTENT="femina"/>
                  <SP HEIGHT="52" WIDTH="16" VPOS="1470" HPOS="409"/>
                  <String HEIGHT="52"
                          WIDTH="187"
                          VPOS="1470"
                          HPOS="363"
                          CONTENT="formosa."/>
                  <SP HEIGHT="52" WIDTH="16" VPOS="1470" HPOS="549"/>
                  <String HEIGHT="52"
                          WIDTH="109"
                          VPOS="1470"
                          HPOS="503"
                          CONTENT="sed"/>
                  <SP HEIGHT="52" WIDTH="16" VPOS="1470" HPOS="612"/>
                  <String HEIGHT="52"
                          WIDTH="156"
                          VPOS="1470"
                          HPOS="565"
                          CONTENT="animus"/>
                  <SP HEIGHT="52" WIDTH="16" VPOS="1470" HPOS="721"/>
                  <String HEIGHT="52" WIDTH="93" VPOS="1470" HPOS="674" CONTENT="et"/>
                  <SP HEIGHT="52" WIDTH="16" VPOS="1470" HPOS="767"/>
                  <String HEIGHT="52"
                          WIDTH="140"
                          VPOS="1470"
                          HPOS="721"
                          CONTENT="ratio"/>
                  <SP HEIGHT="52" WIDTH="16" VPOS="1470" HPOS="861"/>
                  <String HEIGHT="52"
                          WIDTH="156"
                          VPOS="1470"
                          HPOS="798"
                          CONTENT="perfecta"/>
               </TextLine>
               <TextLine ID="r3l40"
                         BASELINE="1562"
                         HEIGHT="61"
                         WIDTH="1067"
                         VPOS="1501"
                         HPOS="204">
                  <String HEIGHT="61"
                          WIDTH="254"
                          VPOS="1501"
                          HPOS="187"
                          CONTENT="Philosophia"/>
                  <SP HEIGHT="61" WIDTH="17" VPOS="1501" HPOS="441"/>
                  <String HEIGHT="61"
                          WIDTH="203"
                          VPOS="1501"
                          HPOS="390"
                          CONTENT="platonem"/>
                  <SP HEIGHT="61" WIDTH="17" VPOS="1501" HPOS="594"/>
                  <String HEIGHT="61"
                          WIDTH="186"
                          VPOS="1501"
                          HPOS="543"
                          CONTENT="nobilem"/>
                  <SP HEIGHT="61" WIDTH="17" VPOS="1501" HPOS="729"/>
                  <String HEIGHT="61"
                          WIDTH="119"
                          VPOS="1501"
                          HPOS="678"
                          CONTENT="non"/>
                  <SP HEIGHT="61" WIDTH="17" VPOS="1501" HPOS="797"/>
                  <String HEIGHT="61"
                          WIDTH="203"
                          VPOS="1501"
                          HPOS="746"
                          CONTENT="accepit."/>
                  <SP HEIGHT="61" WIDTH="17" VPOS="1501" HPOS="949"/>
                  <String HEIGHT="61"
                          WIDTH="119"
                          VPOS="1501"
                          HPOS="898"
                          CONTENT="sed"/>
                  <SP HEIGHT="61" WIDTH="17" VPOS="1501" HPOS="1017"/>
                  <String HEIGHT="61"
                          WIDTH="119"
                          VPOS="1501"
                          HPOS="966"
                          CONTENT="eum"/>
                  <SP HEIGHT="61" WIDTH="17" VPOS="1501" HPOS="1085"/>
                  <String HEIGHT="61"
                          WIDTH="186"
                          VPOS="1501"
                          HPOS="1034"
                          CONTENT="nobilem"/>
                  <SP HEIGHT="61" WIDTH="17" VPOS="1501" HPOS="1220"/>
                  <String HEIGHT="61"
                          WIDTH="119"
                          VPOS="1501"
                          HPOS="1152"
                          CONTENT="fecit"/>
               </TextLine>
               <TextLine ID="r3l41"
                         BASELINE="1607"
                         HEIGHT="55"
                         WIDTH="569"
                         VPOS="1552"
                         HPOS="208">
                  <String HEIGHT="55"
                          WIDTH="120"
                          VPOS="1552"
                          HPOS="193"
                          CONTENT="Phia"/>
                  <SP HEIGHT="55" WIDTH="15" VPOS="1552" HPOS="313"/>
                  <String HEIGHT="55"
                          WIDTH="150"
                          VPOS="1552"
                          HPOS="268"
                          CONTENT="nullum"/>
                  <SP HEIGHT="55" WIDTH="15" VPOS="1552" HPOS="418"/>
                  <String HEIGHT="55"
                          WIDTH="180"
                          VPOS="1552"
                          HPOS="373"
                          CONTENT="reiicit."/>
                  <SP HEIGHT="55" WIDTH="15" VPOS="1552" HPOS="552"/>
                  <String HEIGHT="55"
                          WIDTH="105"
                          VPOS="1552"
                          HPOS="507"
                          CONTENT="sed"/>
                  <SP HEIGHT="55" WIDTH="15" VPOS="1552" HPOS="612"/>
                  <String HEIGHT="55"
                          WIDTH="135"
                          VPOS="1552"
                          HPOS="567"
                          CONTENT="lucet"/>
                  <SP HEIGHT="55" WIDTH="15" VPOS="1552" HPOS="702"/>
                  <String HEIGHT="55"
                          WIDTH="135"
                          VPOS="1552"
                          HPOS="642"
                          CONTENT="omnibus"/>
               </TextLine>
               <TextLine ID="r3l46"
                         BASELINE="1670"
                         HEIGHT="78"
                         WIDTH="1044"
                         VPOS="1592"
                         HPOS="202">
                  <String HEIGHT="78"
                          WIDTH="112"
                          VPOS="1592"
                          HPOS="186"
                          CONTENT="Sic"/>
                  <SP HEIGHT="78" WIDTH="16" VPOS="1592" HPOS="298"/>
                  <String HEIGHT="78"
                          WIDTH="112"
                          VPOS="1592"
                          HPOS="250"
                          CONTENT="cum"/>
                  <SP HEIGHT="78" WIDTH="16" VPOS="1592" HPOS="363"/>
                  <String HEIGHT="78"
                          WIDTH="209"
                          VPOS="1592"
                          HPOS="314"
                          CONTENT="inferiori"/>
                  <SP HEIGHT="78" WIDTH="16" VPOS="1592" HPOS="523"/>
                  <String HEIGHT="78"
                          WIDTH="145"
                          VPOS="1592"
                          HPOS="475"
                          CONTENT="viuas"/>
                  <SP HEIGHT="78" WIDTH="16" VPOS="1592" HPOS="620"/>
                  <String HEIGHT="78"
                          WIDTH="241"
                          VPOS="1592"
                          HPOS="571"
                          CONTENT="quemadmodum"/>
                  <SP HEIGHT="78" WIDTH="16" VPOS="1592" HPOS="812"/>
                  <String HEIGHT="78"
                          WIDTH="145"
                          VPOS="1592"
                          HPOS="764"
                          CONTENT="tecum"/>
                  <SP HEIGHT="78" WIDTH="16" VPOS="1592" HPOS="909"/>
                  <String HEIGHT="78"
                          WIDTH="225"
                          VPOS="1592"
                          HPOS="861"
                          CONTENT="superiorem"/>
                  <SP HEIGHT="78" WIDTH="16" VPOS="1592" HPOS="1085"/>
                  <String HEIGHT="78"
                          WIDTH="161"
                          VPOS="1592"
                          HPOS="1037"
                          CONTENT="viuere"/>
                  <SP HEIGHT="78" WIDTH="16" VPOS="1592" HPOS="1198"/>
                  <String HEIGHT="78"
                          WIDTH="112"
                          VPOS="1592"
                          HPOS="1134"
                          CONTENT="velis"/>
               </TextLine>
               <TextLine ID="r3l47"
                         BASELINE="1689"
                         HEIGHT="54"
                         WIDTH="608"
                         VPOS="1635"
                         HPOS="207">
                  <String HEIGHT="54"
                          WIDTH="144"
                          VPOS="1635"
                          HPOS="191"
                          CONTENT="Nulla"/>
                  <SP HEIGHT="54" WIDTH="16" VPOS="1635" HPOS="335"/>
                  <String HEIGHT="54"
                          WIDTH="192"
                          VPOS="1635"
                          HPOS="287"
                          CONTENT="seruitus"/>
                  <SP HEIGHT="54" WIDTH="16" VPOS="1635" HPOS="479"/>
                  <String HEIGHT="54"
                          WIDTH="176"
                          VPOS="1635"
                          HPOS="431"
                          CONTENT="turpior"/>
                  <SP HEIGHT="54" WIDTH="16" VPOS="1635" HPOS="607"/>
                  <String HEIGHT="54"
                          WIDTH="128"
                          VPOS="1635"
                          HPOS="559"
                          CONTENT="quam"/>
                  <SP HEIGHT="54" WIDTH="16" VPOS="1635" HPOS="687"/>
                  <String HEIGHT="54"
                          WIDTH="192"
                          VPOS="1635"
                          HPOS="623"
                          CONTENT="voluntaria"/>
               </TextLine>
               <TextLine ID="line_1609547835530_586"
                         BASELINE="1752"
                         HEIGHT="81"
                         WIDTH="1090"
                         VPOS="1671"
                         HPOS="210">
                  <String HEIGHT="81"
                          WIDTH="126"
                          VPOS="1671"
                          HPOS="196"
                          CONTENT="Nihil"/>
                  <SP HEIGHT="81" WIDTH="14" VPOS="1671" HPOS="322"/>
                  <String HEIGHT="81" WIDTH="98" VPOS="1671" HPOS="280" CONTENT="est"/>
                  <SP HEIGHT="81" WIDTH="14" VPOS="1671" HPOS="378"/>
                  <String HEIGHT="81" WIDTH="98" VPOS="1671" HPOS="336" CONTENT="tam"/>
                  <SP HEIGHT="81" WIDTH="14" VPOS="1671" HPOS="434"/>
                  <String HEIGHT="81"
                          WIDTH="168"
                          VPOS="1671"
                          HPOS="392"
                          CONTENT="pertinax"/>
                  <SP HEIGHT="81" WIDTH="14" VPOS="1671" HPOS="559"/>
                  <String HEIGHT="81"
                          WIDTH="112"
                          VPOS="1671"
                          HPOS="517"
                          CONTENT="quod"/>
                  <SP HEIGHT="81" WIDTH="14" VPOS="1671" HPOS="629"/>
                  <String HEIGHT="81"
                          WIDTH="154"
                          VPOS="1671"
                          HPOS="587"
                          CONTENT="pruigil"/>
                  <SP HEIGHT="81" WIDTH="14" VPOS="1671" HPOS="741"/>
                  <String HEIGHT="81"
                          WIDTH="168"
                          VPOS="1671"
                          HPOS="699"
                          CONTENT="operatio"/>
                  <SP HEIGHT="81" WIDTH="14" VPOS="1671" HPOS="867"/>
                  <String HEIGHT="81" WIDTH="84" VPOS="1671" HPOS="825" CONTENT="et"/>
                  <SP HEIGHT="81" WIDTH="14" VPOS="1671" HPOS="909"/>
                  <String HEIGHT="81"
                          WIDTH="168"
                          VPOS="1671"
                          HPOS="867"
                          CONTENT="diligens"/>
                  <SP HEIGHT="81" WIDTH="14" VPOS="1671" HPOS="1034"/>
                  <String HEIGHT="81"
                          WIDTH="112"
                          VPOS="1671"
                          HPOS="993"
                          CONTENT="cura"/>
                  <SP HEIGHT="81" WIDTH="14" VPOS="1671" HPOS="1104"/>
                  <String HEIGHT="81"
                          WIDTH="98"
                          VPOS="1671"
                          HPOS="1062"
                          CONTENT="non"/>
                  <SP HEIGHT="81" WIDTH="14" VPOS="1671" HPOS="1160"/>
                  <String HEIGHT="81"
                          WIDTH="168"
                          VPOS="1671"
                          HPOS="1118"
                          CONTENT="expugnat"/>
                  <SP HEIGHT="81" WIDTH="14" VPOS="1671" HPOS="1286"/>
                  <String HEIGHT="81"
                          WIDTH="70"
                          VPOS="1671"
                          HPOS="1230"
                          CONTENT="vel"/>
               </TextLine>
               <TextLine ID="r3l51"
                         BASELINE="1797"
                         HEIGHT="70"
                         WIDTH="163"
                         VPOS="1727"
                         HPOS="1105">
                  <String HEIGHT="70"
                          WIDTH="199"
                          VPOS="1727"
                          HPOS="1069"
                          CONTENT="(pemollit"/>
               </TextLine>
               <TextLine ID="r3l50"
                         BASELINE="1794"
                         HEIGHT="72"
                         WIDTH="606"
                         VPOS="1722"
                         HPOS="209">
                  <String HEIGHT="72"
                          WIDTH="110"
                          VPOS="1722"
                          HPOS="195"
                          CONTENT="Phie"/>
                  <SP HEIGHT="72" WIDTH="14" VPOS="1722" HPOS="305"/>
                  <String HEIGHT="72"
                          WIDTH="165"
                          VPOS="1722"
                          HPOS="264"
                          CONTENT="seruias."/>
                  <SP HEIGHT="72" WIDTH="14" VPOS="1722" HPOS="429"/>
                  <String HEIGHT="72"
                          WIDTH="110"
                          VPOS="1722"
                          HPOS="388"
                          CONTENT="quia"/>
                  <SP HEIGHT="72" WIDTH="14" VPOS="1722" HPOS="498"/>
                  <String HEIGHT="72"
                          WIDTH="110"
                          VPOS="1722"
                          HPOS="457"
                          CONTENT="ipsi"/>
                  <SP HEIGHT="72" WIDTH="14" VPOS="1722" HPOS="567"/>
                  <String HEIGHT="72"
                          WIDTH="152"
                          VPOS="1722"
                          HPOS="526"
                          CONTENT="seruire"/>
                  <SP HEIGHT="72" WIDTH="14" VPOS="1722" HPOS="677"/>
                  <String HEIGHT="72"
                          WIDTH="165"
                          VPOS="1722"
                          HPOS="636"
                          CONTENT="libertas"/>
                  <SP HEIGHT="72" WIDTH="14" VPOS="1722" HPOS="801"/>
                  <String HEIGHT="72" WIDTH="69" VPOS="1722" HPOS="746" CONTENT="est"/>
               </TextLine>
               <TextLine ID="r3l54"
                         BASELINE="1817"
                         HEIGHT="55"
                         WIDTH="410"
                         VPOS="1762"
                         HPOS="201">
                  <String HEIGHT="55" WIDTH="112" VPOS="1762" HPOS="182" CONTENT="Si"/>
                  <SP HEIGHT="55" WIDTH="19" VPOS="1762" HPOS="294"/>
                  <String HEIGHT="55"
                          WIDTH="130"
                          VPOS="1762"
                          HPOS="238"
                          CONTENT="vis"/>
                  <SP HEIGHT="55" WIDTH="19" VPOS="1762" HPOS="369"/>
                  <String HEIGHT="55"
                          WIDTH="168"
                          VPOS="1762"
                          HPOS="313"
                          CONTENT="amari"/>
                  <SP HEIGHT="55" WIDTH="19" VPOS="1762" HPOS="481"/>
                  <String HEIGHT="55"
                          WIDTH="149"
                          VPOS="1762"
                          HPOS="425"
                          CONTENT="tunc"/>
                  <SP HEIGHT="55" WIDTH="19" VPOS="1762" HPOS="574"/>
                  <String HEIGHT="55"
                          WIDTH="112"
                          VPOS="1762"
                          HPOS="499"
                          CONTENT="ama."/>
               </TextLine>
               <TextLine ID="r3l55"
                         BASELINE="1862"
                         HEIGHT="56"
                         WIDTH="818"
                         VPOS="1806"
                         HPOS="196">
                  <String HEIGHT="56"
                          WIDTH="192"
                          VPOS="1806"
                          HPOS="180"
                          CONTENT="Quicquid"/>
                  <SP HEIGHT="56" WIDTH="16" VPOS="1806" HPOS="372"/>
                  <String HEIGHT="56"
                          WIDTH="112"
                          VPOS="1806"
                          HPOS="324"
                          CONTENT="est"/>
                  <SP HEIGHT="56" WIDTH="16" VPOS="1806" HPOS="437"/>
                  <String HEIGHT="56"
                          WIDTH="209"
                          VPOS="1806"
                          HPOS="388"
                          CONTENT="ingenitum"/>
                  <SP HEIGHT="56" WIDTH="16" VPOS="1806" HPOS="597"/>
                  <String HEIGHT="56"
                          WIDTH="160"
                          VPOS="1806"
                          HPOS="549"
                          CONTENT="alicui"/>
                  <SP HEIGHT="56" WIDTH="16" VPOS="1806" HPOS="709"/>
                  <String HEIGHT="56"
                          WIDTH="176"
                          VPOS="1806"
                          HPOS="661"
                          CONTENT="nouleue"/>
                  <SP HEIGHT="56" WIDTH="16" VPOS="1806" HPOS="838"/>
                  <String HEIGHT="56"
                          WIDTH="128"
                          VPOS="1806"
                          HPOS="789"
                          CONTENT="arte"/>
                  <SP HEIGHT="56" WIDTH="16" VPOS="1806" HPOS="918"/>
                  <String HEIGHT="56"
                          WIDTH="160"
                          VPOS="1806"
                          HPOS="854"
                          CONTENT="vincitur"/>
               </TextLine>
               <TextLine ID="r3l56"
                         BASELINE="1919"
                         HEIGHT="70"
                         WIDTH="1056"
                         VPOS="1849"
                         HPOS="208">
                  <String HEIGHT="70"
                          WIDTH="104"
                          VPOS="1849"
                          HPOS="195"
                          CONTENT="Ille"/>
                  <SP HEIGHT="70" WIDTH="13" VPOS="1849" HPOS="299"/>
                  <String HEIGHT="70"
                          WIDTH="169"
                          VPOS="1849"
                          HPOS="260"
                          CONTENT="btissimus"/>
                  <SP HEIGHT="70" WIDTH="13" VPOS="1849" HPOS="430"/>
                  <String HEIGHT="70" WIDTH="91" VPOS="1849" HPOS="391" CONTENT="est"/>
                  <SP HEIGHT="70" WIDTH="13" VPOS="1849" HPOS="482"/>
                  <String HEIGHT="70" WIDTH="78" VPOS="1849" HPOS="443" CONTENT="et"/>
                  <SP HEIGHT="70" WIDTH="13" VPOS="1849" HPOS="521"/>
                  <String HEIGHT="70"
                          WIDTH="143"
                          VPOS="1849"
                          HPOS="482"
                          CONTENT="securus"/>
                  <SP HEIGHT="70" WIDTH="13" VPOS="1849" HPOS="625"/>
                  <String HEIGHT="70" WIDTH="91" VPOS="1849" HPOS="586" CONTENT="sui"/>
                  <SP HEIGHT="70" WIDTH="13" VPOS="1849" HPOS="677"/>
                  <String HEIGHT="70"
                          WIDTH="169"
                          VPOS="1849"
                          HPOS="638"
                          CONTENT="possessor"/>
                  <SP HEIGHT="70" WIDTH="13" VPOS="1849" HPOS="808"/>
                  <String HEIGHT="70" WIDTH="91" VPOS="1849" HPOS="769" CONTENT="qui"/>
                  <SP HEIGHT="70" WIDTH="13" VPOS="1849" HPOS="860"/>
                  <String HEIGHT="70"
                          WIDTH="169"
                          VPOS="1849"
                          HPOS="821"
                          CONTENT="crastinum"/>
                  <SP HEIGHT="70" WIDTH="13" VPOS="1849" HPOS="990"/>
                  <String HEIGHT="70"
                          WIDTH="104"
                          VPOS="1849"
                          HPOS="951"
                          CONTENT="diem"/>
                  <SP HEIGHT="70" WIDTH="13" VPOS="1849" HPOS="1055"/>
                  <String HEIGHT="70"
                          WIDTH="104"
                          VPOS="1849"
                          HPOS="1016"
                          CONTENT="sine"/>
                  <SP HEIGHT="70" WIDTH="13" VPOS="1849" HPOS="1121"/>
                  <String HEIGHT="70"
                          WIDTH="196"
                          VPOS="1849"
                          HPOS="1068"
                          CONTENT="sollicitudine"/>
               </TextLine>
               <TextLine ID="r3l58"
                         BASELINE="1969"
                         HEIGHT="63"
                         WIDTH="166"
                         VPOS="1906"
                         HPOS="1101">
                  <String HEIGHT="63"
                          WIDTH="203"
                          VPOS="1906"
                          HPOS="1064"
                          CONTENT="expectat."/>
               </TextLine>
               <TextLine ID="r3l57"
                         BASELINE="1951"
                         HEIGHT="56"
                         WIDTH="846"
                         VPOS="1895"
                         HPOS="207">
                  <String HEIGHT="56"
                          WIDTH="143"
                          VPOS="1895"
                          HPOS="194"
                          CONTENT="Numquam"/>
                  <SP HEIGHT="56" WIDTH="13" VPOS="1895" HPOS="337"/>
                  <String HEIGHT="56"
                          WIDTH="104"
                          VPOS="1895"
                          HPOS="298"
                          CONTENT="enim"/>
                  <SP HEIGHT="56" WIDTH="13" VPOS="1895" HPOS="402"/>
                  <String HEIGHT="56"
                          WIDTH="143"
                          VPOS="1895"
                          HPOS="363"
                          CONTENT="intatum"/>
                  <SP HEIGHT="56" WIDTH="13" VPOS="1895" HPOS="506"/>
                  <String HEIGHT="56"
                          WIDTH="130"
                          VPOS="1895"
                          HPOS="467"
                          CONTENT="contra"/>
                  <SP HEIGHT="56" WIDTH="13" VPOS="1895" HPOS="597"/>
                  <String HEIGHT="56"
                          WIDTH="143"
                          VPOS="1895"
                          HPOS="558"
                          CONTENT="vrtutes"/>
                  <SP HEIGHT="56" WIDTH="13" VPOS="1895" HPOS="702"/>
                  <String HEIGHT="56"
                          WIDTH="156"
                          VPOS="1895"
                          HPOS="663"
                          CONTENT="nequitia"/>
                  <SP HEIGHT="56" WIDTH="13" VPOS="1895" HPOS="819"/>
                  <String HEIGHT="56"
                          WIDTH="182"
                          VPOS="1895"
                          HPOS="780"
                          CONTENT="inualescit"/>
                  <SP HEIGHT="56" WIDTH="13" VPOS="1895" HPOS="962"/>
                  <String HEIGHT="56" WIDTH="78" VPOS="1895" HPOS="923" CONTENT="vt"/>
                  <SP HEIGHT="56" WIDTH="13" VPOS="1895" HPOS="1001"/>
                  <String HEIGHT="56"
                          WIDTH="104"
                          VPOS="1895"
                          HPOS="949"
                          CONTENT="nullum"/>
               </TextLine>
               <TextLine ID="r3l59"
                         BASELINE="1996"
                         HEIGHT="60"
                         WIDTH="890"
                         VPOS="1936"
                         HPOS="205">
                  <String HEIGHT="60"
                          WIDTH="127"
                          VPOS="1936"
                          HPOS="189"
                          CONTENT="phie"/>
                  <SP HEIGHT="60" WIDTH="16" VPOS="1936" HPOS="316"/>
                  <String HEIGHT="60"
                          WIDTH="159"
                          VPOS="1936"
                          HPOS="269"
                          CONTENT="sacrum"/>
                  <SP HEIGHT="60" WIDTH="16" VPOS="1936" HPOS="428"/>
                  <String HEIGHT="60" WIDTH="95" VPOS="1936" HPOS="380" CONTENT="et"/>
                  <SP HEIGHT="60" WIDTH="16" VPOS="1936" HPOS="475"/>
                  <String HEIGHT="60"
                          WIDTH="223"
                          VPOS="1936"
                          HPOS="428"
                          CONTENT="vencrabile"/>
                  <SP HEIGHT="60" WIDTH="16" VPOS="1936" HPOS="650"/>
                  <String HEIGHT="60"
                          WIDTH="207"
                          VPOS="1936"
                          HPOS="602"
                          CONTENT="vestigium"/>
                  <SP HEIGHT="60" WIDTH="16" VPOS="1936" HPOS="809"/>
                  <String HEIGHT="60"
                          WIDTH="111"
                          VPOS="1936"
                          HPOS="761"
                          CONTENT="aut"/>
                  <SP HEIGHT="60" WIDTH="16" VPOS="1936" HPOS="873"/>
                  <String HEIGHT="60"
                          WIDTH="143"
                          VPOS="1936"
                          HPOS="825"
                          CONTENT="nomen"/>
                  <SP HEIGHT="60" WIDTH="16" VPOS="1936" HPOS="968"/>
                  <String HEIGHT="60"
                          WIDTH="191"
                          VPOS="1936"
                          HPOS="904"
                          CONTENT="permaneat."/>
               </TextLine>
               <TextLine ID="line_1609547835534_588"
                         BASELINE="2037"
                         HEIGHT="59"
                         WIDTH="1094"
                         VPOS="1978"
                         HPOS="205">
                  <String HEIGHT="59"
                          WIDTH="356"
                          VPOS="1978"
                          HPOS="178"
                          CONTENT="Aubulitas"/>
                  <SP HEIGHT="59" WIDTH="27" VPOS="1978" HPOS="533"/>
                  <String HEIGHT="59"
                          WIDTH="246"
                          VPOS="1978"
                          HPOS="451"
                          CONTENT="anime"/>
                  <SP HEIGHT="59" WIDTH="27" VPOS="1978" HPOS="697"/>
                  <String HEIGHT="59"
                          WIDTH="246"
                          VPOS="1978"
                          HPOS="615"
                          CONTENT="copia"/>
                  <SP HEIGHT="59" WIDTH="27" VPOS="1978" HPOS="861"/>
                  <String HEIGHT="59"
                          WIDTH="301"
                          VPOS="1978"
                          HPOS="779"
                          CONTENT="ciborum"/>
                  <SP HEIGHT="59" WIDTH="27" VPOS="1978" HPOS="1080"/>
                  <String HEIGHT="59"
                          WIDTH="328"
                          VPOS="1978"
                          HPOS="971"
                          CONTENT="impeditur."/>
               </TextLine>
            </TextBlock>
         </PrintSpace>
      </Page>
   </Layout>
</alto>
