<?xml version="1.0" encoding="UTF-8"?>
<alto xmlns:xsi="http://www.w3.org/2001/XMLSchema-instance"
      xmlns="http://www.loc.gov/standards/alto/ns-v2#"
      xmlns:page="http://schema.primaresearch.org/PAGE/gts/pagecontent/2013-07-15"
      xsi:schemaLocation="http://www.loc.gov/standards/alto/ns-v2# http://www.loc.gov/standards/alto/alto.xsd">
   <Description>
      <MeasurementUnit>pixel</MeasurementUnit>
      <OCRProcessing ID="IdOcr">
         <ocrProcessingStep>
            <processingDateTime>2021-01-04T09:53:52.384-05:00</processingDateTime>
            <processingSoftware>
               <softwareCreator>READ COOP</softwareCreator>
               <softwareName>Transkribus</softwareName>
            </processingSoftware>
         </ocrProcessingStep>
      </OCRProcessing>
   </Description>
   <Tags/>
   <Layout>
      <Page ID="Page1" PHYSICAL_IMG_NR="1" HEIGHT="2423" WIDTH="1621">
         <TopMargin HEIGHT="0" WIDTH="1621" VPOS="0" HPOS="0"/>
         <LeftMargin HEIGHT="2423" WIDTH="0" VPOS="0" HPOS="0"/>
         <RightMargin HEIGHT="2423" WIDTH="0" VPOS="0" HPOS="1621"/>
         <BottomMargin HEIGHT="0" WIDTH="1621" VPOS="2423" HPOS="0"/>
         <PrintSpace HEIGHT="2423" WIDTH="1621" VPOS="0" HPOS="0">
            <TextBlock ID="TextRegion_1609593596872_25"
                       HEIGHT="1801"
                       WIDTH="1075"
                       VPOS="218"
                       HPOS="295">
               <Shape>
                  <Polygon POINTS="295,218 1370,218 1370,2019 295,2019"/>
               </Shape>
               <TextLine ID="r1l2"
                         BASELINE="328"
                         HEIGHT="61"
                         WIDTH="1058"
                         VPOS="267"
                         HPOS="294">
                  <String HEIGHT="61" WIDTH="103" VPOS="267" HPOS="279" CONTENT="Non"/>
                  <SP HEIGHT="61" WIDTH="15" VPOS="267" HPOS="382"/>
                  <String HEIGHT="61"
                          WIDTH="147"
                          VPOS="267"
                          HPOS="338"
                          CONTENT="semper"/>
                  <SP HEIGHT="61" WIDTH="15" VPOS="267" HPOS="485"/>
                  <String HEIGHT="61" WIDTH="103" VPOS="267" HPOS="441" CONTENT="sis"/>
                  <SP HEIGHT="61" WIDTH="15" VPOS="267" HPOS="544"/>
                  <String HEIGHT="61" WIDTH="88" VPOS="267" HPOS="500" CONTENT="in"/>
                  <SP HEIGHT="61" WIDTH="15" VPOS="267" HPOS="588"/>
                  <String HEIGHT="61"
                          WIDTH="132"
                          VPOS="267"
                          HPOS="544"
                          CONTENT="actu."/>
                  <SP HEIGHT="61" WIDTH="15" VPOS="267" HPOS="676"/>
                  <String HEIGHT="61" WIDTH="103" VPOS="267" HPOS="632" CONTENT="sed"/>
                  <SP HEIGHT="61" WIDTH="15" VPOS="267" HPOS="735"/>
                  <String HEIGHT="61"
                          WIDTH="176"
                          VPOS="267"
                          HPOS="691"
                          CONTENT="interdum"/>
                  <SP HEIGHT="61" WIDTH="15" VPOS="267" HPOS="867"/>
                  <String HEIGHT="61"
                          WIDTH="132"
                          VPOS="267"
                          HPOS="823"
                          CONTENT="animo"/>
                  <SP HEIGHT="61" WIDTH="15" VPOS="267" HPOS="955"/>
                  <String HEIGHT="61" WIDTH="103" VPOS="267" HPOS="911" CONTENT="tuo"/>
                  <SP HEIGHT="61" WIDTH="15" VPOS="267" HPOS="1014"/>
                  <String HEIGHT="61"
                          WIDTH="162"
                          VPOS="267"
                          HPOS="970"
                          CONTENT="requiem"/>
                  <SP HEIGHT="61" WIDTH="15" VPOS="267" HPOS="1132"/>
                  <String HEIGHT="61"
                          WIDTH="132"
                          VPOS="267"
                          HPOS="1088"
                          CONTENT="dato."/>
                  <SP HEIGHT="61" WIDTH="15" VPOS="267" HPOS="1220"/>
                  <String HEIGHT="61" WIDTH="88" VPOS="267" HPOS="1176" CONTENT="et"/>
                  <SP HEIGHT="61" WIDTH="15" VPOS="267" HPOS="1264"/>
                  <String HEIGHT="61"
                          WIDTH="118"
                          VPOS="267"
                          HPOS="1220"
                          CONTENT="ipsa"/>
                  <SP HEIGHT="61" WIDTH="15" VPOS="267" HPOS="1337"/>
                  <String HEIGHT="61"
                          WIDTH="73"
                          VPOS="267"
                          HPOS="1279"
                          CONTENT="re"
                          SUBS_TYPE="HypPart1"
                          SUBS_CONTENT="requies"/>
                  <HYP CONTENT="-"/>
               </TextLine>
               <TextLine ID="r1l3"
                         BASELINE="355"
                         HEIGHT="55"
                         WIDTH="881"
                         VPOS="300"
                         HPOS="301">
                  <String HEIGHT="55"
                          WIDTH="130"
                          VPOS="300"
                          HPOS="287"
                          CONTENT="quies"
                          SUBS_TYPE="HypPart2"
                          SUBS_CONTENT="requies"/>
                  <SP HEIGHT="55" WIDTH="14" VPOS="300" HPOS="417"/>
                  <String HEIGHT="55"
                          WIDTH="116"
                          VPOS="300"
                          HPOS="373"
                          CONTENT="data"/>
                  <SP HEIGHT="55" WIDTH="14" VPOS="300" HPOS="489"/>
                  <String HEIGHT="55"
                          WIDTH="130"
                          VPOS="300"
                          HPOS="445"
                          CONTENT="plena"/>
                  <SP HEIGHT="55" WIDTH="14" VPOS="300" HPOS="575"/>
                  <String HEIGHT="55" WIDTH="101" VPOS="300" HPOS="532" CONTENT="sit"/>
                  <SP HEIGHT="55" WIDTH="14" VPOS="300" HPOS="633"/>
                  <String HEIGHT="55"
                          WIDTH="188"
                          VPOS="300"
                          HPOS="590"
                          CONTENT="sapientie"/>
                  <SP HEIGHT="55" WIDTH="14" VPOS="300" HPOS="778"/>
                  <String HEIGHT="55"
                          WIDTH="144"
                          VPOS="300"
                          HPOS="734"
                          CONTENT="studus"/>
                  <SP HEIGHT="55" WIDTH="14" VPOS="300" HPOS="879"/>
                  <String HEIGHT="55" WIDTH="87" VPOS="300" HPOS="835" CONTENT="et"/>
                  <SP HEIGHT="55" WIDTH="14" VPOS="300" HPOS="922"/>
                  <String HEIGHT="55"
                          WIDTH="260"
                          VPOS="300"
                          HPOS="879"
                          CONTENT="cogitationibus"/>
                  <SP HEIGHT="55" WIDTH="14" VPOS="300" HPOS="1139"/>
                  <String HEIGHT="55"
                          WIDTH="101"
                          VPOS="300"
                          HPOS="1081"
                          CONTENT="bonis"/>
               </TextLine>
               <TextLine ID="r1l4"
                         BASELINE="399"
                         HEIGHT="52"
                         WIDTH="1011"
                         VPOS="347"
                         HPOS="299">
                  <String HEIGHT="52" WIDTH="96" VPOS="347" HPOS="285" CONTENT="Non"/>
                  <SP HEIGHT="52" WIDTH="14" VPOS="347" HPOS="381"/>
                  <String HEIGHT="52" WIDTH="82" VPOS="347" HPOS="340" CONTENT="te"/>
                  <SP HEIGHT="52" WIDTH="14" VPOS="347" HPOS="422"/>
                  <String HEIGHT="52"
                          WIDTH="137"
                          VPOS="347"
                          HPOS="381"
                          CONTENT="moueat"/>
                  <SP HEIGHT="52" WIDTH="14" VPOS="347" HPOS="518"/>
                  <String HEIGHT="52"
                          WIDTH="164"
                          VPOS="347"
                          HPOS="477"
                          CONTENT="dicentis"/>
                  <SP HEIGHT="52" WIDTH="14" VPOS="347" HPOS="641"/>
                  <String HEIGHT="52"
                          WIDTH="191"
                          VPOS="347"
                          HPOS="600"
                          CONTENT="autoritas."/>
                  <SP HEIGHT="52" WIDTH="14" VPOS="347" HPOS="791"/>
                  <String HEIGHT="52" WIDTH="96" VPOS="347" HPOS="750" CONTENT="nec"/>
                  <SP HEIGHT="52" WIDTH="14" VPOS="347" HPOS="845"/>
                  <String HEIGHT="52"
                          WIDTH="109"
                          VPOS="347"
                          HPOS="805"
                          CONTENT="quis"/>
                  <SP HEIGHT="52" WIDTH="14" VPOS="347" HPOS="914"/>
                  <String HEIGHT="52"
                          WIDTH="137"
                          VPOS="347"
                          HPOS="873"
                          CONTENT="dicat:"/>
                  <SP HEIGHT="52" WIDTH="14" VPOS="347" HPOS="1009"/>
                  <String HEIGHT="52" WIDTH="96" VPOS="347" HPOS="968" CONTENT="sed"/>
                  <SP HEIGHT="52" WIDTH="14" VPOS="347" HPOS="1064"/>
                  <String HEIGHT="52"
                          WIDTH="109"
                          VPOS="347"
                          HPOS="1023"
                          CONTENT="quid"/>
                  <SP HEIGHT="52" WIDTH="14" VPOS="347" HPOS="1132"/>
                  <String HEIGHT="52"
                          WIDTH="150"
                          VPOS="347"
                          HPOS="1091"
                          CONTENT="dicatur"/>
                  <SP HEIGHT="52" WIDTH="14" VPOS="347" HPOS="1242"/>
                  <String HEIGHT="52"
                          WIDTH="123"
                          VPOS="347"
                          HPOS="1187"
                          CONTENT="attende"/>
               </TextLine>
               <TextLine ID="r1l6"
                         BASELINE="443"
                         HEIGHT="45"
                         WIDTH="637"
                         VPOS="398"
                         HPOS="304">
                  <String HEIGHT="45"
                          WIDTH="186"
                          VPOS="398"
                          HPOS="288"
                          CONTENT="Honestum"/>
                  <SP HEIGHT="45" WIDTH="16" VPOS="398" HPOS="475"/>
                  <String HEIGHT="45" WIDTH="93" VPOS="398" HPOS="428" CONTENT="et"/>
                  <SP HEIGHT="45" WIDTH="16" VPOS="398" HPOS="522"/>
                  <String HEIGHT="45"
                          WIDTH="155"
                          VPOS="398"
                          HPOS="475"
                          CONTENT="magnum"/>
                  <SP HEIGHT="45" WIDTH="16" VPOS="398" HPOS="630"/>
                  <String HEIGHT="45" WIDTH="109" VPOS="398" HPOS="584" CONTENT="est"/>
                  <SP HEIGHT="45" WIDTH="16" VPOS="398" HPOS="692"/>
                  <String HEIGHT="45"
                          WIDTH="186"
                          VPOS="398"
                          HPOS="646"
                          CONTENT="vindicte"/>
                  <SP HEIGHT="45" WIDTH="16" VPOS="398" HPOS="832"/>
                  <String HEIGHT="45"
                          WIDTH="171"
                          VPOS="398"
                          HPOS="770"
                          CONTENT="ignoscere"/>
               </TextLine>
               <TextLine ID="r1l7"
                         BASELINE="488"
                         HEIGHT="48"
                         WIDTH="942"
                         VPOS="440"
                         HPOS="300">
                  <String HEIGHT="48" WIDTH="100" VPOS="440" HPOS="286" CONTENT="Non"/>
                  <SP HEIGHT="48" WIDTH="14" VPOS="440" HPOS="386"/>
                  <String HEIGHT="48"
                          WIDTH="171"
                          VPOS="440"
                          HPOS="343"
                          CONTENT="ascribas"/>
                  <SP HEIGHT="48" WIDTH="14" VPOS="440" HPOS="514"/>
                  <String HEIGHT="48"
                          WIDTH="114"
                          VPOS="440"
                          HPOS="471"
                          CONTENT="tibi"/>
                  <SP HEIGHT="48" WIDTH="14" VPOS="440" HPOS="585"/>
                  <String HEIGHT="48"
                          WIDTH="114"
                          VPOS="440"
                          HPOS="543"
                          CONTENT="quod"/>
                  <SP HEIGHT="48" WIDTH="14" VPOS="440" HPOS="657"/>
                  <String HEIGHT="48" WIDTH="100" VPOS="440" HPOS="614" CONTENT="non"/>
                  <SP HEIGHT="48" WIDTH="14" VPOS="440" HPOS="714"/>
                  <String HEIGHT="48" WIDTH="100" VPOS="440" HPOS="671" CONTENT="es."/>
                  <SP HEIGHT="48" WIDTH="14" VPOS="440" HPOS="771"/>
                  <String HEIGHT="48" WIDTH="100" VPOS="440" HPOS="728" CONTENT="nec"/>
                  <SP HEIGHT="48" WIDTH="14" VPOS="440" HPOS="828"/>
                  <String HEIGHT="48"
                          WIDTH="128"
                          VPOS="440"
                          HPOS="785"
                          CONTENT="maior"/>
                  <SP HEIGHT="48" WIDTH="14" VPOS="440" HPOS="914"/>
                  <String HEIGHT="48"
                          WIDTH="114"
                          VPOS="440"
                          HPOS="871"
                          CONTENT="quam"/>
                  <SP HEIGHT="48" WIDTH="14" VPOS="440" HPOS="985"/>
                  <String HEIGHT="48" WIDTH="86" VPOS="440" HPOS="942" CONTENT="es"/>
                  <SP HEIGHT="48" WIDTH="14" VPOS="440" HPOS="1028"/>
                  <String HEIGHT="48" WIDTH="100" VPOS="440" HPOS="985" CONTENT="aut"/>
                  <SP HEIGHT="48" WIDTH="14" VPOS="440" HPOS="1085"/>
                  <String HEIGHT="48"
                          WIDTH="143"
                          VPOS="440"
                          HPOS="1042"
                          CONTENT="videri"/>
                  <SP HEIGHT="48" WIDTH="14" VPOS="440" HPOS="1185"/>
                  <String HEIGHT="48"
                          WIDTH="114"
                          VPOS="440"
                          HPOS="1128"
                          CONTENT="velis."/>
               </TextLine>
               <TextLine ID="r1l8"
                         BASELINE="548"
                         HEIGHT="69"
                         WIDTH="1013"
                         VPOS="479"
                         HPOS="300">
                  <String HEIGHT="69"
                          WIDTH="186"
                          VPOS="479"
                          HPOS="283"
                          CONTENT="Averbis"/>
                  <SP HEIGHT="69" WIDTH="17" VPOS="479" HPOS="469"/>
                  <String HEIGHT="69"
                          WIDTH="203"
                          VPOS="479"
                          HPOS="418"
                          CONTENT="turpibus"/>
                  <SP HEIGHT="69" WIDTH="17" VPOS="479" HPOS="621"/>
                  <String HEIGHT="69" WIDTH="101" VPOS="479" HPOS="570" CONTENT="te"/>
                  <SP HEIGHT="69" WIDTH="17" VPOS="479" HPOS="671"/>
                  <String HEIGHT="69"
                          WIDTH="236"
                          VPOS="479"
                          HPOS="621"
                          CONTENT="abstineas."/>
                  <SP HEIGHT="69" WIDTH="17" VPOS="479" HPOS="857"/>
                  <String HEIGHT="69"
                          WIDTH="152"
                          VPOS="479"
                          HPOS="807"
                          CONTENT="Risus"/>
                  <SP HEIGHT="69" WIDTH="17" VPOS="479" HPOS="958"/>
                  <String HEIGHT="69"
                          WIDTH="135"
                          VPOS="479"
                          HPOS="908"
                          CONTENT="tuus"/>
                  <SP HEIGHT="69" WIDTH="17" VPOS="479" HPOS="1043"/>
                  <String HEIGHT="69"
                          WIDTH="135"
                          VPOS="479"
                          HPOS="992"
                          CONTENT="erit"/>
                  <SP HEIGHT="69" WIDTH="17" VPOS="479" HPOS="1127"/>
                  <String HEIGHT="69"
                          WIDTH="135"
                          VPOS="479"
                          HPOS="1077"
                          CONTENT="sine"/>
                  <SP HEIGHT="69" WIDTH="17" VPOS="479" HPOS="1212"/>
                  <String HEIGHT="69"
                          WIDTH="169"
                          VPOS="479"
                          HPOS="1144"
                          CONTENT="cachinno"/>
               </TextLine>
               <TextLine ID="r1l9"
                         BASELINE="575"
                         HEIGHT="49"
                         WIDTH="818"
                         VPOS="526"
                         HPOS="296">
                  <String HEIGHT="49"
                          WIDTH="192"
                          VPOS="526"
                          HPOS="280"
                          CONTENT="Interdum"/>
                  <SP HEIGHT="49" WIDTH="16" VPOS="526" HPOS="472"/>
                  <String HEIGHT="49"
                          WIDTH="160"
                          VPOS="526"
                          HPOS="424"
                          CONTENT="seriis"/>
                  <SP HEIGHT="49" WIDTH="16" VPOS="526" HPOS="585"/>
                  <String HEIGHT="49"
                          WIDTH="192"
                          VPOS="526"
                          HPOS="537"
                          CONTENT="miscebis"/>
                  <SP HEIGHT="49" WIDTH="16" VPOS="526" HPOS="729"/>
                  <String HEIGHT="49"
                          WIDTH="160"
                          VPOS="526"
                          HPOS="681"
                          CONTENT="iocos."/>
                  <SP HEIGHT="49" WIDTH="16" VPOS="526" HPOS="841"/>
                  <String HEIGHT="49" WIDTH="112" VPOS="526" HPOS="793" CONTENT="sed"/>
                  <SP HEIGHT="49" WIDTH="16" VPOS="526" HPOS="905"/>
                  <String HEIGHT="49"
                          WIDTH="144"
                          VPOS="526"
                          HPOS="857"
                          CONTENT="tamen"/>
                  <SP HEIGHT="49" WIDTH="16" VPOS="526" HPOS="1002"/>
                  <String HEIGHT="49"
                          WIDTH="176"
                          VPOS="526"
                          HPOS="938"
                          CONTENT="moderatos"/>
               </TextLine>
               <TextLine ID="r1l10"
                         BASELINE="627"
                         HEIGHT="65"
                         WIDTH="965"
                         VPOS="562"
                         HPOS="290">
                  <String HEIGHT="65"
                          WIDTH="110"
                          VPOS="562"
                          HPOS="276"
                          CONTENT="Esto"/>
                  <SP HEIGHT="65" WIDTH="14" VPOS="562" HPOS="387"/>
                  <String HEIGHT="65"
                          WIDTH="124"
                          VPOS="562"
                          HPOS="345"
                          CONTENT="fugax"/>
                  <SP HEIGHT="65" WIDTH="14" VPOS="562" HPOS="469"/>
                  <String HEIGHT="65"
                          WIDTH="165"
                          VPOS="562"
                          HPOS="428"
                          CONTENT="vitiorum"/>
                  <SP HEIGHT="65" WIDTH="14" VPOS="562" HPOS="593"/>
                  <String HEIGHT="65"
                          WIDTH="152"
                          VPOS="562"
                          HPOS="552"
                          CONTENT="tuorum."/>
                  <SP HEIGHT="65" WIDTH="14" VPOS="562" HPOS="704"/>
                  <String HEIGHT="65"
                          WIDTH="152"
                          VPOS="562"
                          HPOS="662"
                          CONTENT="aliorum"/>
                  <SP HEIGHT="65" WIDTH="14" VPOS="562" HPOS="814"/>
                  <String HEIGHT="65" WIDTH="97" VPOS="562" HPOS="773" CONTENT="non"/>
                  <SP HEIGHT="65" WIDTH="14" VPOS="562" HPOS="869"/>
                  <String HEIGHT="65"
                          WIDTH="179"
                          VPOS="562"
                          HPOS="828"
                          CONTENT="scrutator"/>
                  <SP HEIGHT="65" WIDTH="14" VPOS="562" HPOS="1007"/>
                  <String HEIGHT="65" WIDTH="97" VPOS="562" HPOS="966" CONTENT="nec"/>
                  <SP HEIGHT="65" WIDTH="14" VPOS="562" HPOS="1062"/>
                  <String HEIGHT="65"
                          WIDTH="110"
                          VPOS="562"
                          HPOS="1021"
                          CONTENT="acer"/>
                  <SP HEIGHT="65" WIDTH="14" VPOS="562" HPOS="1131"/>
                  <String HEIGHT="65"
                          WIDTH="179"
                          VPOS="562"
                          HPOS="1076"
                          CONTENT="reprehensor"/>
               </TextLine>
               <TextLine ID="r1l11"
                         BASELINE="651"
                         HEIGHT="45"
                         WIDTH="599"
                         VPOS="606"
                         HPOS="292">
                  <String HEIGHT="45" WIDTH="127" VPOS="606" HPOS="274" CONTENT="Mon"/>
                  <SP HEIGHT="45" WIDTH="18" VPOS="606" HPOS="401"/>
                  <String HEIGHT="45"
                          WIDTH="218"
                          VPOS="606"
                          HPOS="346"
                          CONTENT="extollas"/>
                  <SP HEIGHT="45" WIDTH="18" VPOS="606" HPOS="564"/>
                  <String HEIGHT="45"
                          WIDTH="200"
                          VPOS="606"
                          HPOS="510"
                          CONTENT="aliquem"/>
                  <SP HEIGHT="45" WIDTH="18" VPOS="606" HPOS="709"/>
                  <String HEIGHT="45" WIDTH="127" VPOS="606" HPOS="655" CONTENT="nec"/>
                  <SP HEIGHT="45" WIDTH="18" VPOS="606" HPOS="782"/>
                  <String HEIGHT="45"
                          WIDTH="182"
                          VPOS="606"
                          HPOS="709"
                          CONTENT="deprimas"/>
               </TextLine>
               <TextLine ID="r1l12"
                         BASELINE="707"
                         HEIGHT="62"
                         WIDTH="518"
                         VPOS="645"
                         HPOS="297">
                  <String HEIGHT="62"
                          WIDTH="183"
                          VPOS="645"
                          HPOS="282"
                          CONTENT="Deuerior"/>
                  <SP HEIGHT="62" WIDTH="15" VPOS="645" HPOS="465"/>
                  <String HEIGHT="62"
                          WIDTH="122"
                          VPOS="645"
                          HPOS="419"
                          CONTENT="esto"/>
                  <SP HEIGHT="62" WIDTH="15" VPOS="645" HPOS="541"/>
                  <String HEIGHT="62"
                          WIDTH="168"
                          VPOS="645"
                          HPOS="495"
                          CONTENT="iudicio"/>
                  <SP HEIGHT="62" WIDTH="15" VPOS="645" HPOS="663"/>
                  <String HEIGHT="62"
                          WIDTH="122"
                          VPOS="645"
                          HPOS="617"
                          CONTENT="quam"/>
                  <SP HEIGHT="62" WIDTH="15" VPOS="645" HPOS="739"/>
                  <String HEIGHT="62"
                          WIDTH="137"
                          VPOS="645"
                          HPOS="678"
                          CONTENT="sermone"/>
               </TextLine>
               <TextLine ID="r1l13"
                         BASELINE="733"
                         HEIGHT="50"
                         WIDTH="629"
                         VPOS="683"
                         HPOS="300">
                  <String HEIGHT="50"
                          WIDTH="195"
                          VPOS="683"
                          HPOS="285"
                          CONTENT="Clementie"/>
                  <SP HEIGHT="50" WIDTH="15" VPOS="683" HPOS="480"/>
                  <String HEIGHT="50"
                          WIDTH="120"
                          VPOS="683"
                          HPOS="435"
                          CONTENT="esto"/>
                  <SP HEIGHT="50" WIDTH="15" VPOS="683" HPOS="555"/>
                  <String HEIGHT="50"
                          WIDTH="165"
                          VPOS="683"
                          HPOS="510"
                          CONTENT="cultor."/>
                  <SP HEIGHT="50" WIDTH="15" VPOS="683" HPOS="674"/>
                  <String HEIGHT="50"
                          WIDTH="165"
                          VPOS="683"
                          HPOS="629"
                          CONTENT="seuicie"/>
                  <SP HEIGHT="50" WIDTH="15" VPOS="683" HPOS="794"/>
                  <String HEIGHT="50"
                          WIDTH="195"
                          VPOS="683"
                          HPOS="734"
                          CONTENT="detestator."/>
               </TextLine>
               <TextLine ID="r1l15"
                         BASELINE="788"
                         HEIGHT="60"
                         WIDTH="1061"
                         VPOS="728"
                         HPOS="302">
                  <String HEIGHT="60"
                          WIDTH="152"
                          VPOS="728"
                          HPOS="287"
                          CONTENT="Cuctis"/>
                  <SP HEIGHT="60" WIDTH="15" VPOS="728" HPOS="438"/>
                  <String HEIGHT="60"
                          WIDTH="121"
                          VPOS="728"
                          HPOS="393"
                          CONTENT="esto"/>
                  <SP HEIGHT="60" WIDTH="15" VPOS="728" HPOS="514"/>
                  <String HEIGHT="60"
                          WIDTH="197"
                          VPOS="728"
                          HPOS="469"
                          CONTENT="benignus."/>
                  <SP HEIGHT="60" WIDTH="15" VPOS="728" HPOS="666"/>
                  <String HEIGHT="60"
                          WIDTH="152"
                          VPOS="728"
                          HPOS="620"
                          CONTENT="nemini"/>
                  <SP HEIGHT="60" WIDTH="15" VPOS="728" HPOS="772"/>
                  <String HEIGHT="60"
                          WIDTH="167"
                          VPOS="728"
                          HPOS="726"
                          CONTENT="blandus"/>
                  <SP HEIGHT="60" WIDTH="15" VPOS="728" HPOS="893"/>
                  <String HEIGHT="60"
                          WIDTH="152"
                          VPOS="728"
                          HPOS="848"
                          CONTENT="paucis"/>
                  <SP HEIGHT="60" WIDTH="15" VPOS="728" HPOS="999"/>
                  <String HEIGHT="60"
                          WIDTH="227"
                          VPOS="728"
                          HPOS="954"
                          CONTENT="familiaris."/>
                  <SP HEIGHT="60" WIDTH="15" VPOS="728" HPOS="1181"/>
                  <String HEIGHT="60" WIDTH="91" VPOS="728" HPOS="1136" CONTENT="ad"/>
                  <SP HEIGHT="60" WIDTH="15" VPOS="728" HPOS="1227"/>
                  <String HEIGHT="60"
                          WIDTH="121"
                          VPOS="728"
                          HPOS="1181"
                          CONTENT="iram"/>
                  <SP HEIGHT="60" WIDTH="15" VPOS="728" HPOS="1302"/>
                  <String HEIGHT="60"
                          WIDTH="121"
                          VPOS="728"
                          HPOS="1242"
                          CONTENT="tardus"/>
               </TextLine>
               <TextLine ID="r1l16"
                         BASELINE="822"
                         HEIGHT="48"
                         WIDTH="1035"
                         VPOS="774"
                         HPOS="302">
                  <String HEIGHT="48" WIDTH="87" VPOS="774" HPOS="287" CONTENT="ad"/>
                  <SP HEIGHT="48" WIDTH="15" VPOS="774" HPOS="375"/>
                  <String HEIGHT="48"
                          WIDTH="204"
                          VPOS="774"
                          HPOS="331"
                          CONTENT="miscioniam"/>
                  <SP HEIGHT="48" WIDTH="15" VPOS="774" HPOS="535"/>
                  <String HEIGHT="48"
                          WIDTH="160"
                          VPOS="774"
                          HPOS="492"
                          CONTENT="pronus."/>
                  <SP HEIGHT="48" WIDTH="15" VPOS="774" HPOS="652"/>
                  <String HEIGHT="48" WIDTH="87" VPOS="774" HPOS="608" CONTENT="in"/>
                  <SP HEIGHT="48" WIDTH="15" VPOS="774" HPOS="696"/>
                  <String HEIGHT="48"
                          WIDTH="175"
                          VPOS="774"
                          HPOS="652"
                          CONTENT="aduersis"/>
                  <SP HEIGHT="48" WIDTH="15" VPOS="774" HPOS="827"/>
                  <String HEIGHT="48"
                          WIDTH="160"
                          VPOS="774"
                          HPOS="783"
                          CONTENT="firmns."/>
                  <SP HEIGHT="48" WIDTH="15" VPOS="774" HPOS="943"/>
                  <String HEIGHT="48" WIDTH="87" VPOS="774" HPOS="900" CONTENT="in"/>
                  <SP HEIGHT="48" WIDTH="15" VPOS="774" HPOS="987"/>
                  <String HEIGHT="48"
                          WIDTH="190"
                          VPOS="774"
                          HPOS="943"
                          CONTENT="prosperis"/>
                  <SP HEIGHT="48" WIDTH="15" VPOS="774" HPOS="1133"/>
                  <String HEIGHT="48"
                          WIDTH="146"
                          VPOS="774"
                          HPOS="1089"
                          CONTENT="cautus"/>
                  <SP HEIGHT="48" WIDTH="15" VPOS="774" HPOS="1235"/>
                  <String HEIGHT="48" WIDTH="87" VPOS="774" HPOS="1191" CONTENT="et"/>
                  <SP HEIGHT="48" WIDTH="15" VPOS="774" HPOS="1279"/>
                  <String HEIGHT="48"
                          WIDTH="117"
                          VPOS="774"
                          HPOS="1220"
                          CONTENT="humili"/>
               </TextLine>
               <TextLine ID="r1l17"
                         BASELINE="869"
                         HEIGHT="53"
                         WIDTH="641"
                         VPOS="816"
                         HPOS="304">
                  <String HEIGHT="53"
                          WIDTH="243"
                          VPOS="816"
                          HPOS="287"
                          CONTENT="Inferiores"/>
                  <SP HEIGHT="53" WIDTH="17" VPOS="816" HPOS="529"/>
                  <String HEIGHT="53" WIDTH="121" VPOS="816" HPOS="477" CONTENT="non"/>
                  <SP HEIGHT="53" WIDTH="17" VPOS="816" HPOS="599"/>
                  <String HEIGHT="53"
                          WIDTH="225"
                          VPOS="816"
                          HPOS="547"
                          CONTENT="contemnas"/>
                  <SP HEIGHT="53" WIDTH="17" VPOS="816" HPOS="772"/>
                  <String HEIGHT="53"
                          WIDTH="243"
                          VPOS="816"
                          HPOS="702"
                          CONTENT="superbiendo."/>
               </TextLine>
               <TextLine ID="r1l19"
                         BASELINE="920"
                         HEIGHT="50"
                         WIDTH="775"
                         VPOS="870"
                         HPOS="297">
                  <String HEIGHT="50"
                          WIDTH="310"
                          VPOS="870"
                          HPOS="275"
                          CONTENT="Superiores"/>
                  <SP HEIGHT="50" WIDTH="22" VPOS="870" HPOS="585"/>
                  <String HEIGHT="50"
                          WIDTH="199"
                          VPOS="870"
                          HPOS="518"
                          CONTENT="recte"/>
                  <SP HEIGHT="50" WIDTH="22" VPOS="870" HPOS="718"/>
                  <String HEIGHT="50"
                          WIDTH="244"
                          VPOS="870"
                          HPOS="651"
                          CONTENT="viuendo"/>
                  <SP HEIGHT="50" WIDTH="22" VPOS="870" HPOS="895"/>
                  <String HEIGHT="50" WIDTH="155" VPOS="870" HPOS="828" CONTENT="non"/>
                  <SP HEIGHT="50" WIDTH="22" VPOS="870" HPOS="983"/>
                  <String HEIGHT="50"
                          WIDTH="177"
                          VPOS="870"
                          HPOS="895"
                          CONTENT="timeas"/>
               </TextLine>
               <TextLine ID="r1l20"
                         BASELINE="955"
                         HEIGHT="52"
                         WIDTH="1048"
                         VPOS="903"
                         HPOS="309">
                  <String HEIGHT="52"
                          WIDTH="216"
                          VPOS="903"
                          HPOS="292"
                          CONTENT="Rumoribus"/>
                  <SP HEIGHT="52" WIDTH="17" VPOS="903" HPOS="509"/>
                  <String HEIGHT="52"
                          WIDTH="166"
                          VPOS="903"
                          HPOS="459"
                          CONTENT="minime"/>
                  <SP HEIGHT="52" WIDTH="17" VPOS="903" HPOS="625"/>
                  <String HEIGHT="52" WIDTH="116" VPOS="903" HPOS="575" CONTENT="sis"/>
                  <SP HEIGHT="52" WIDTH="17" VPOS="903" HPOS="692"/>
                  <String HEIGHT="52"
                          WIDTH="216"
                          VPOS="903"
                          HPOS="642"
                          CONTENT="credulus."/>
                  <SP HEIGHT="52" WIDTH="17" VPOS="903" HPOS="858"/>
                  <String HEIGHT="52"
                          WIDTH="200"
                          VPOS="903"
                          HPOS="808"
                          CONTENT="Scientie"/>
                  <SP HEIGHT="52" WIDTH="17" VPOS="903" HPOS="1008"/>
                  <String HEIGHT="52"
                          WIDTH="183"
                          VPOS="903"
                          HPOS="958"
                          CONTENT="cupidus"/>
                  <SP HEIGHT="52" WIDTH="17" VPOS="903" HPOS="1141"/>
                  <String HEIGHT="52"
                          WIDTH="116"
                          VPOS="903"
                          HPOS="1091"
                          CONTENT="sis"/>
                  <SP HEIGHT="52" WIDTH="17" VPOS="903" HPOS="1207"/>
                  <String HEIGHT="52" WIDTH="100" VPOS="903" HPOS="1157" CONTENT="et"/>
                  <SP HEIGHT="52" WIDTH="17" VPOS="903" HPOS="1257"/>
                  <String HEIGHT="52"
                          WIDTH="166"
                          VPOS="903"
                          HPOS="1191"
                          CONTENT="docilis."/>
               </TextLine>
               <TextLine ID="r1l21"
                         BASELINE="1003"
                         HEIGHT="53"
                         WIDTH="1052"
                         VPOS="950"
                         HPOS="296">
                  <String HEIGHT="53" WIDTH="98" VPOS="950" HPOS="282" CONTENT="Que"/>
                  <SP HEIGHT="53" WIDTH="14" VPOS="950" HPOS="380"/>
                  <String HEIGHT="53"
                          WIDTH="126"
                          VPOS="950"
                          HPOS="338"
                          CONTENT="nosti"/>
                  <SP HEIGHT="53" WIDTH="14" VPOS="950" HPOS="464"/>
                  <String HEIGHT="53"
                          WIDTH="112"
                          VPOS="950"
                          HPOS="422"
                          CONTENT="sine"/>
                  <SP HEIGHT="53" WIDTH="14" VPOS="950" HPOS="534"/>
                  <String HEIGHT="53"
                          WIDTH="196"
                          VPOS="950"
                          HPOS="492"
                          CONTENT="arrogantia"/>
                  <SP HEIGHT="53" WIDTH="14" VPOS="950" HPOS="689"/>
                  <String HEIGHT="53"
                          WIDTH="196"
                          VPOS="950"
                          HPOS="647"
                          CONTENT="postulanti"/>
                  <SP HEIGHT="53" WIDTH="14" VPOS="950" HPOS="843"/>
                  <String HEIGHT="53"
                          WIDTH="182"
                          VPOS="950"
                          HPOS="801"
                          CONTENT="impartire"/>
                  <SP HEIGHT="53" WIDTH="14" VPOS="950" HPOS="983"/>
                  <String HEIGHT="53"
                          WIDTH="112"
                          VPOS="950"
                          HPOS="941"
                          CONTENT="quae"/>
                  <SP HEIGHT="53" WIDTH="14" VPOS="950" HPOS="1053"/>
                  <String HEIGHT="53"
                          WIDTH="140"
                          VPOS="950"
                          HPOS="1011"
                          CONTENT="nescis"/>
                  <SP HEIGHT="53" WIDTH="14" VPOS="950" HPOS="1152"/>
                  <String HEIGHT="53"
                          WIDTH="224"
                          VPOS="950"
                          HPOS="1110"
                          CONTENT="occultatione"/>
                  <SP HEIGHT="53" WIDTH="14" VPOS="950" HPOS="1334"/>
                  <String HEIGHT="53"
                          WIDTH="70"
                          VPOS="950"
                          HPOS="1278"
                          CONTENT="ig"
                          SUBS_TYPE="HypPart1"
                          SUBS_CONTENT="ig(norantie"/>
                  <HYP CONTENT="-"/>
               </TextLine>
               <TextLine ID="r1l22"
                         BASELINE="1049"
                         HEIGHT="65"
                         WIDTH="503"
                         VPOS="984"
                         HPOS="860">
                  <String HEIGHT="65"
                          WIDTH="204"
                          VPOS="984"
                          HPOS="844"
                          CONTENT="(norantie"
                          SUBS_TYPE="HypPart2"
                          SUBS_CONTENT="ig(norantie"/>
                  <SP HEIGHT="65" WIDTH="16" VPOS="984" HPOS="1049"/>
                  <String HEIGHT="65"
                          WIDTH="126"
                          VPOS="984"
                          HPOS="1001"
                          CONTENT="tibi"/>
                  <SP HEIGHT="65" WIDTH="16" VPOS="984" HPOS="1127"/>
                  <String HEIGHT="65"
                          WIDTH="173"
                          VPOS="984"
                          HPOS="1080"
                          CONTENT="postula"/>
                  <SP HEIGHT="65" WIDTH="16" VPOS="984" HPOS="1253"/>
                  <String HEIGHT="65"
                          WIDTH="173"
                          VPOS="984"
                          HPOS="1190"
                          CONTENT="impartiri"/>
               </TextLine>
               <TextLine ID="r1l23"
                         BASELINE="1043"
                         HEIGHT="57"
                         WIDTH="322"
                         VPOS="986"
                         HPOS="294">
                  <String HEIGHT="57"
                          WIDTH="143"
                          VPOS="986"
                          HPOS="276"
                          CONTENT="Caue"/>
                  <SP HEIGHT="57" WIDTH="18" VPOS="986" HPOS="419"/>
                  <String HEIGHT="57" WIDTH="107" VPOS="986" HPOS="366" CONTENT="ne"/>
                  <SP HEIGHT="57" WIDTH="18" VPOS="986" HPOS="473"/>
                  <String HEIGHT="57" WIDTH="125" VPOS="986" HPOS="419" CONTENT="sis"/>
                  <SP HEIGHT="57" WIDTH="18" VPOS="986" HPOS="544"/>
                  <String HEIGHT="57"
                          WIDTH="143"
                          VPOS="986"
                          HPOS="473"
                          CONTENT="parcus"/>
               </TextLine>
               <TextLine ID="r1l24"
                         BASELINE="1084"
                         HEIGHT="54"
                         WIDTH="648"
                         VPOS="1030"
                         HPOS="298">
                  <String HEIGHT="54"
                          WIDTH="144"
                          VPOS="1030"
                          HPOS="280"
                          CONTENT="Deum"/>
                  <SP HEIGHT="54" WIDTH="18" VPOS="1030" HPOS="424"/>
                  <String HEIGHT="54"
                          WIDTH="180"
                          VPOS="1030"
                          HPOS="370"
                          CONTENT="amabis"/>
                  <SP HEIGHT="54" WIDTH="18" VPOS="1030" HPOS="550"/>
                  <String HEIGHT="54" WIDTH="108" VPOS="1030" HPOS="496" CONTENT="si"/>
                  <SP HEIGHT="54" WIDTH="18" VPOS="1030" HPOS="604"/>
                  <String HEIGHT="54"
                          WIDTH="162"
                          VPOS="1030"
                          HPOS="550"
                          CONTENT="opere"/>
                  <SP HEIGHT="54" WIDTH="18" VPOS="1030" HPOS="712"/>
                  <String HEIGHT="54"
                          WIDTH="126"
                          VPOS="1030"
                          HPOS="658"
                          CONTENT="eum"/>
                  <SP HEIGHT="54" WIDTH="18" VPOS="1030" HPOS="784"/>
                  <String HEIGHT="54"
                          WIDTH="234"
                          VPOS="1030"
                          HPOS="712"
                          CONTENT="imitaberis."/>
               </TextLine>
               <TextLine ID="r1l25"
                         BASELINE="1123"
                         HEIGHT="50"
                         WIDTH="749"
                         VPOS="1073"
                         HPOS="302">
                  <String HEIGHT="50" WIDTH="90" VPOS="1073" HPOS="287" CONTENT="di"/>
                  <SP HEIGHT="50" WIDTH="15" VPOS="1073" HPOS="377"/>
                  <String HEIGHT="50"
                          WIDTH="105"
                          VPOS="1073"
                          HPOS="332"
                          CONTENT="non"/>
                  <SP HEIGHT="50" WIDTH="15" VPOS="1073" HPOS="437"/>
                  <String HEIGHT="50"
                          WIDTH="135"
                          VPOS="1073"
                          HPOS="392"
                          CONTENT="velis"/>
                  <SP HEIGHT="50" WIDTH="15" VPOS="1073" HPOS="527"/>
                  <String HEIGHT="50"
                          WIDTH="165"
                          VPOS="1073"
                          HPOS="482"
                          CONTENT="omnibus"/>
                  <SP HEIGHT="50" WIDTH="15" VPOS="1073" HPOS="647"/>
                  <String HEIGHT="50"
                          WIDTH="195"
                          VPOS="1073"
                          HPOS="602"
                          CONTENT="prodesse."/>
                  <SP HEIGHT="50" WIDTH="15" VPOS="1073" HPOS="796"/>
                  <String HEIGHT="50"
                          WIDTH="105"
                          VPOS="1073"
                          HPOS="751"
                          CONTENT="non"/>
                  <SP HEIGHT="50" WIDTH="15" VPOS="1073" HPOS="856"/>
                  <String HEIGHT="50"
                          WIDTH="135"
                          VPOS="1073"
                          HPOS="811"
                          CONTENT="velis"/>
                  <SP HEIGHT="50" WIDTH="15" VPOS="1073" HPOS="946"/>
                  <String HEIGHT="50" WIDTH="90" VPOS="1073" HPOS="901" CONTENT="et"/>
                  <SP HEIGHT="50" WIDTH="15" VPOS="1073" HPOS="991"/>
                  <String HEIGHT="50"
                          WIDTH="120"
                          VPOS="1073"
                          HPOS="931"
                          CONTENT="nocere"/>
               </TextLine>
               <TextLine ID="r1l26"
                         BASELINE="1170"
                         HEIGHT="48"
                         WIDTH="1065"
                         VPOS="1122"
                         HPOS="298">
                  <String HEIGHT="48" WIDTH="78" VPOS="1122" HPOS="282" CONTENT="â‹"/>
                  <SP HEIGHT="48" WIDTH="16" VPOS="1122" HPOS="361"/>
                  <String HEIGHT="48"
                          WIDTH="157"
                          VPOS="1122"
                          HPOS="314"
                          CONTENT="Cicero"/>
                  <SP HEIGHT="48" WIDTH="16" VPOS="1122" HPOS="470"/>
                  <String HEIGHT="48"
                          WIDTH="188"
                          VPOS="1122"
                          HPOS="423"
                          CONTENT="testatur"/>
                  <SP HEIGHT="48" WIDTH="16" VPOS="1122" HPOS="611"/>
                  <String HEIGHT="48"
                          WIDTH="172"
                          VPOS="1122"
                          HPOS="564"
                          CONTENT="Romanos"/>
                  <SP HEIGHT="48" WIDTH="16" VPOS="1122" HPOS="737"/>
                  <String HEIGHT="48"
                          WIDTH="141"
                          VPOS="1122"
                          HPOS="690"
                          CONTENT="autem"/>
                  <SP HEIGHT="48" WIDTH="16" VPOS="1122" HPOS="831"/>
                  <String HEIGHT="48"
                          WIDTH="141"
                          VPOS="1122"
                          HPOS="784"
                          CONTENT="nihil"/>
                  <SP HEIGHT="48" WIDTH="16" VPOS="1122" HPOS="924"/>
                  <String HEIGHT="48" WIDTH="78" VPOS="1122" HPOS="877" CONTENT="a"/>
                  <SP HEIGHT="48" WIDTH="16" VPOS="1122" HPOS="956"/>
                  <String HEIGHT="48"
                          WIDTH="157"
                          VPOS="1122"
                          HPOS="909"
                          CONTENT="grecis"/>
                  <SP HEIGHT="48" WIDTH="16" VPOS="1122" HPOS="1065"/>
                  <String HEIGHT="48"
                          WIDTH="219"
                          VPOS="1122"
                          HPOS="1018"
                          CONTENT="suscepisse"/>
                  <SP HEIGHT="48" WIDTH="16" VPOS="1122" HPOS="1238"/>
                  <String HEIGHT="48"
                          WIDTH="110"
                          VPOS="1122"
                          HPOS="1191"
                          CONTENT="aut"/>
                  <SP HEIGHT="48" WIDTH="16" VPOS="1122" HPOS="1300"/>
                  <String HEIGHT="48" WIDTH="94" VPOS="1122" HPOS="1253" CONTENT="ab"/>
                  <SP HEIGHT="48" WIDTH="16" VPOS="1122" HPOS="1347"/>
                  <String HEIGHT="48"
                          WIDTH="78"
                          VPOS="1122"
                          HPOS="1285"
                          CONTENT="eis"/>
               </TextLine>
               <TextLine ID="r1l28"
                         BASELINE="1218"
                         HEIGHT="64"
                         WIDTH="352"
                         VPOS="1154"
                         HPOS="303">
                  <String HEIGHT="64"
                          WIDTH="168"
                          VPOS="1154"
                          HPOS="288"
                          CONTENT="recepta"/>
                  <SP HEIGHT="64" WIDTH="15" VPOS="1154" HPOS="456"/>
                  <String HEIGHT="64"
                          WIDTH="168"
                          VPOS="1154"
                          HPOS="410"
                          CONTENT="fecisse"/>
                  <SP HEIGHT="64" WIDTH="15" VPOS="1154" HPOS="578"/>
                  <String HEIGHT="64"
                          WIDTH="138"
                          VPOS="1154"
                          HPOS="517"
                          CONTENT="meliora"/>
               </TextLine>
               <TextLine ID="r1l30"
                         BASELINE="1257"
                         HEIGHT="64"
                         WIDTH="739"
                         VPOS="1193"
                         HPOS="439">
                  <String HEIGHT="64" WIDTH="67" VPOS="1193" HPOS="426" CONTENT="â‹"/>
                  <SP HEIGHT="64" WIDTH="13" VPOS="1193" HPOS="493"/>
                  <String HEIGHT="64"
                          WIDTH="134"
                          VPOS="1193"
                          HPOS="452"
                          CONTENT="deneca"/>
                  <SP HEIGHT="64" WIDTH="13" VPOS="1193" HPOS="587"/>
                  <String HEIGHT="64" WIDTH="81" VPOS="1193" HPOS="546" CONTENT="de"/>
                  <SP HEIGHT="64" WIDTH="13" VPOS="1193" HPOS="627"/>
                  <String HEIGHT="64"
                          WIDTH="188"
                          VPOS="1193"
                          HPOS="587"
                          CONTENT="beneficiis"/>
                  <SP HEIGHT="64" WIDTH="13" VPOS="1193" HPOS="775"/>
                  <String HEIGHT="64" WIDTH="81" VPOS="1193" HPOS="735" CONTENT="ad"/>
                  <SP HEIGHT="64" WIDTH="13" VPOS="1193" HPOS="815"/>
                  <String HEIGHT="64"
                          WIDTH="161"
                          VPOS="1193"
                          HPOS="775"
                          CONTENT="ebuchium"/>
                  <SP HEIGHT="64" WIDTH="13" VPOS="1193" HPOS="936"/>
                  <String HEIGHT="64"
                          WIDTH="175"
                          VPOS="1193"
                          HPOS="896"
                          CONTENT="liberalem"/>
                  <SP HEIGHT="64" WIDTH="13" VPOS="1193" HPOS="1071"/>
                  <String HEIGHT="64"
                          WIDTH="121"
                          VPOS="1193"
                          HPOS="1030"
                          CONTENT="libro"/>
                  <SP HEIGHT="64" WIDTH="13" VPOS="1193" HPOS="1151"/>
                  <String HEIGHT="64"
                          WIDTH="81"
                          VPOS="1193"
                          HPOS="1097"
                          CONTENT="tres"/>
               </TextLine>
               <TextLine ID="r1l32"
                         BASELINE="1296"
                         HEIGHT="52"
                         WIDTH="633"
                         VPOS="1244"
                         HPOS="459">
                  <String HEIGHT="52"
                          WIDTH="142"
                          VPOS="1244"
                          HPOS="443"
                          CONTENT="Ullum"/>
                  <SP HEIGHT="52" WIDTH="16" VPOS="1244" HPOS="586"/>
                  <String HEIGHT="52"
                          WIDTH="222"
                          VPOS="1244"
                          HPOS="538"
                          CONTENT="beneficium"/>
                  <SP HEIGHT="52" WIDTH="16" VPOS="1244" HPOS="760"/>
                  <String HEIGHT="52"
                          WIDTH="158"
                          VPOS="1244"
                          HPOS="712"
                          CONTENT="dandum"/>
                  <SP HEIGHT="52" WIDTH="16" VPOS="1244" HPOS="870"/>
                  <String HEIGHT="52"
                          WIDTH="111"
                          VPOS="1244"
                          HPOS="823"
                          CONTENT="est"/>
                  <SP HEIGHT="52" WIDTH="16" VPOS="1244" HPOS="934"/>
                  <String HEIGHT="52"
                          WIDTH="222"
                          VPOS="1244"
                          HPOS="870"
                          CONTENT="negligenter."/>
               </TextLine>
               <TextLine ID="r1l33"
                         BASELINE="1334"
                         HEIGHT="53"
                         WIDTH="830"
                         VPOS="1281"
                         HPOS="454">
                  <String HEIGHT="53"
                          WIDTH="154"
                          VPOS="1281"
                          HPOS="439"
                          CONTENT="Dignus"/>
                  <SP HEIGHT="53" WIDTH="15" VPOS="1281" HPOS="592"/>
                  <String HEIGHT="53"
                          WIDTH="108"
                          VPOS="1281"
                          HPOS="546"
                          CONTENT="est"/>
                  <SP HEIGHT="53" WIDTH="15" VPOS="1281" HPOS="654"/>
                  <String HEIGHT="53"
                          WIDTH="154"
                          VPOS="1281"
                          HPOS="608"
                          CONTENT="decipi"/>
                  <SP HEIGHT="53" WIDTH="15" VPOS="1281" HPOS="761"/>
                  <String HEIGHT="53"
                          WIDTH="108"
                          VPOS="1281"
                          HPOS="715"
                          CONTENT="qui"/>
                  <SP HEIGHT="53" WIDTH="15" VPOS="1281" HPOS="823"/>
                  <String HEIGHT="53" WIDTH="92" VPOS="1281" HPOS="777" CONTENT="de"/>
                  <SP HEIGHT="53" WIDTH="15" VPOS="1281" HPOS="869"/>
                  <String HEIGHT="53"
                          WIDTH="200"
                          VPOS="1281"
                          HPOS="823"
                          CONTENT="recipiedo"/>
                  <SP HEIGHT="53" WIDTH="15" VPOS="1281" HPOS="1023"/>
                  <String HEIGHT="53"
                          WIDTH="200"
                          VPOS="1281"
                          HPOS="977"
                          CONTENT="cogitauit"/>
                  <SP HEIGHT="53" WIDTH="15" VPOS="1281" HPOS="1176"/>
                  <String HEIGHT="53"
                          WIDTH="108"
                          VPOS="1281"
                          HPOS="1130"
                          CONTENT="cum"/>
                  <SP HEIGHT="53" WIDTH="15" VPOS="1281" HPOS="1238"/>
                  <String HEIGHT="53"
                          WIDTH="108"
                          VPOS="1281"
                          HPOS="1176"
                          CONTENT="daret"/>
               </TextLine>
               <TextLine ID="r1l35"
                         BASELINE="1375"
                         HEIGHT="58"
                         WIDTH="764"
                         VPOS="1317"
                         HPOS="428">
                  <String HEIGHT="58" WIDTH="61" VPOS="1317" HPOS="413" CONTENT=""/>
                  <SP HEIGHT="58" WIDTH="15" VPOS="1317" HPOS="474"/>
                  <String HEIGHT="58"
                          WIDTH="138"
                          VPOS="1317"
                          HPOS="428"
                          CONTENT="Multi"/>
                  <SP HEIGHT="58" WIDTH="15" VPOS="1317" HPOS="566"/>
                  <String HEIGHT="58"
                          WIDTH="122"
                          VPOS="1317"
                          HPOS="520"
                          CONTENT="sunt"/>
                  <SP HEIGHT="58" WIDTH="15" VPOS="1317" HPOS="642"/>
                  <String HEIGHT="58"
                          WIDTH="168"
                          VPOS="1317"
                          HPOS="596"
                          CONTENT="indigni"/>
                  <SP HEIGHT="58" WIDTH="15" VPOS="1317" HPOS="764"/>
                  <String HEIGHT="58"
                          WIDTH="138"
                          VPOS="1317"
                          HPOS="718"
                          CONTENT="luce."/>
                  <SP HEIGHT="58" WIDTH="15" VPOS="1317" HPOS="856"/>
                  <String HEIGHT="58" WIDTH="92" VPOS="1317" HPOS="810" CONTENT="et"/>
                  <SP HEIGHT="58" WIDTH="15" VPOS="1317" HPOS="902"/>
                  <String HEIGHT="58"
                          WIDTH="138"
                          VPOS="1317"
                          HPOS="856"
                          CONTENT="tamen"/>
                  <SP HEIGHT="58" WIDTH="15" VPOS="1317" HPOS="993"/>
                  <String HEIGHT="58"
                          WIDTH="122"
                          VPOS="1317"
                          HPOS="948"
                          CONTENT="dies"/>
                  <SP HEIGHT="58" WIDTH="15" VPOS="1317" HPOS="1070"/>
                  <String HEIGHT="58"
                          WIDTH="153"
                          VPOS="1317"
                          HPOS="1024"
                          CONTENT="oritur"/>
                  <SP HEIGHT="58" WIDTH="15" VPOS="1317" HPOS="1177"/>
                  <String HEIGHT="58"
                          WIDTH="76"
                          VPOS="1317"
                          HPOS="1116"
                          CONTENT="eis"/>
               </TextLine>
               <TextLine ID="r1l36"
                         BASELINE="1422"
                         HEIGHT="57"
                         WIDTH="939"
                         VPOS="1365"
                         HPOS="364">
                  <String HEIGHT="57" WIDTH="73" VPOS="1365" HPOS="349" CONTENT="t"/>
                  <SP HEIGHT="57" WIDTH="15" VPOS="1365" HPOS="423"/>
                  <String HEIGHT="57"
                          WIDTH="249"
                          VPOS="1365"
                          HPOS="379"
                          CONTENT="Quibeneficium"/>
                  <SP HEIGHT="57" WIDTH="15" VPOS="1365" HPOS="628"/>
                  <String HEIGHT="57"
                          WIDTH="103"
                          VPOS="1365"
                          HPOS="584"
                          CONTENT="non"/>
                  <SP HEIGHT="57" WIDTH="15" VPOS="1365" HPOS="687"/>
                  <String HEIGHT="57"
                          WIDTH="147"
                          VPOS="1365"
                          HPOS="643"
                          CONTENT="reddit"/>
                  <SP HEIGHT="57" WIDTH="15" VPOS="1365" HPOS="789"/>
                  <String HEIGHT="57"
                          WIDTH="132"
                          VPOS="1365"
                          HPOS="745"
                          CONTENT="magis"/>
                  <SP HEIGHT="57" WIDTH="15" VPOS="1365" HPOS="878"/>
                  <String HEIGHT="57"
                          WIDTH="147"
                          VPOS="1365"
                          HPOS="834"
                          CONTENT="peccat"/>
                  <SP HEIGHT="57" WIDTH="15" VPOS="1365" HPOS="980"/>
                  <String HEIGHT="57"
                          WIDTH="117"
                          VPOS="1365"
                          HPOS="936"
                          CONTENT="quam"/>
                  <SP HEIGHT="57" WIDTH="15" VPOS="1365" HPOS="1054"/>
                  <String HEIGHT="57"
                          WIDTH="117"
                          VPOS="1365"
                          HPOS="1010"
                          CONTENT="quae"/>
                  <SP HEIGHT="57" WIDTH="15" VPOS="1365" HPOS="1127"/>
                  <String HEIGHT="57"
                          WIDTH="103"
                          VPOS="1365"
                          HPOS="1083"
                          CONTENT="non"/>
                  <SP HEIGHT="57" WIDTH="15" VPOS="1365" HPOS="1186"/>
                  <String HEIGHT="57"
                          WIDTH="103"
                          VPOS="1365"
                          HPOS="1142"
                          CONTENT="dat"/>
                  <SP HEIGHT="57" WIDTH="15" VPOS="1365" HPOS="1244"/>
                  <String HEIGHT="57"
                          WIDTH="117"
                          VPOS="1365"
                          HPOS="1186"
                          CONTENT="citius"/>
               </TextLine>
               <TextLine ID="r1l37"
                         BASELINE="1459"
                         HEIGHT="43"
                         WIDTH="881"
                         VPOS="1416"
                         HPOS="305">
                  <String HEIGHT="43"
                          WIDTH="208"
                          VPOS="1416"
                          HPOS="289"
                          CONTENT="Beneficio"/>
                  <SP HEIGHT="43" WIDTH="16" VPOS="1416" HPOS="497"/>
                  <String HEIGHT="43"
                          WIDTH="128"
                          VPOS="1416"
                          HPOS="449"
                          CONTENT="bene"/>
                  <SP HEIGHT="43" WIDTH="16" VPOS="1416" HPOS="577"/>
                  <String HEIGHT="43"
                          WIDTH="128"
                          VPOS="1416"
                          HPOS="529"
                          CONTENT="dato"/>
                  <SP HEIGHT="43" WIDTH="16" VPOS="1416" HPOS="657"/>
                  <String HEIGHT="43"
                          WIDTH="192"
                          VPOS="1416"
                          HPOS="609"
                          CONTENT="multorum"/>
                  <SP HEIGHT="43" WIDTH="16" VPOS="1416" HPOS="802"/>
                  <String HEIGHT="43"
                          WIDTH="224"
                          VPOS="1416"
                          HPOS="754"
                          CONTENT="ammissorum"/>
                  <SP HEIGHT="43" WIDTH="16" VPOS="1416" HPOS="978"/>
                  <String HEIGHT="43"
                          WIDTH="144"
                          VPOS="1416"
                          HPOS="930"
                          CONTENT="damna"/>
                  <SP HEIGHT="43" WIDTH="16" VPOS="1416" HPOS="1074"/>
                  <String HEIGHT="43"
                          WIDTH="176"
                          VPOS="1416"
                          HPOS="1010"
                          CONTENT="soluutur."/>
               </TextLine>
               <TextLine ID="r1l38"
                         BASELINE="1505"
                         HEIGHT="54"
                         WIDTH="884"
                         VPOS="1451"
                         HPOS="300">
                  <String HEIGHT="54"
                          WIDTH="213"
                          VPOS="1451"
                          HPOS="285"
                          CONTENT="Beneficium"/>
                  <SP HEIGHT="54" WIDTH="15" VPOS="1451" HPOS="498"/>
                  <String HEIGHT="54"
                          WIDTH="137"
                          VPOS="1451"
                          HPOS="452"
                          CONTENT="manum"/>
                  <SP HEIGHT="54" WIDTH="15" VPOS="1451" HPOS="590"/>
                  <String HEIGHT="54"
                          WIDTH="137"
                          VPOS="1451"
                          HPOS="544"
                          CONTENT="tangi"/>
                  <SP HEIGHT="54" WIDTH="15" VPOS="1451" HPOS="681"/>
                  <String HEIGHT="54"
                          WIDTH="107"
                          VPOS="1451"
                          HPOS="635"
                          CONTENT="non"/>
                  <SP HEIGHT="54" WIDTH="15" VPOS="1451" HPOS="742"/>
                  <String HEIGHT="54"
                          WIDTH="168"
                          VPOS="1451"
                          HPOS="696"
                          CONTENT="potest."/>
                  <SP HEIGHT="54" WIDTH="15" VPOS="1451" HPOS="864"/>
                  <String HEIGHT="54"
                          WIDTH="107"
                          VPOS="1451"
                          HPOS="818"
                          CONTENT="sed"/>
                  <SP HEIGHT="54" WIDTH="15" VPOS="1451" HPOS="925"/>
                  <String HEIGHT="54" WIDTH="91" VPOS="1451" HPOS="879" CONTENT="in"/>
                  <SP HEIGHT="54" WIDTH="15" VPOS="1451" HPOS="971"/>
                  <String HEIGHT="54"
                          WIDTH="137"
                          VPOS="1451"
                          HPOS="925"
                          CONTENT="anima"/>
                  <SP HEIGHT="54" WIDTH="15" VPOS="1451" HPOS="1062"/>
                  <String HEIGHT="54"
                          WIDTH="183"
                          VPOS="1451"
                          HPOS="1001"
                          CONTENT="generatur."/>
               </TextLine>
               <TextLine ID="r1l39"
                         BASELINE="1544"
                         HEIGHT="54"
                         WIDTH="856"
                         VPOS="1490"
                         HPOS="312">
                  <String HEIGHT="54"
                          WIDTH="107"
                          VPOS="1490"
                          HPOS="297"
                          CONTENT="Nec"/>
                  <SP HEIGHT="54" WIDTH="15" VPOS="1490" HPOS="404"/>
                  <String HEIGHT="54"
                          WIDTH="138"
                          VPOS="1490"
                          HPOS="358"
                          CONTENT="aurum"/>
                  <SP HEIGHT="54" WIDTH="15" VPOS="1490" HPOS="495"/>
                  <String HEIGHT="54"
                          WIDTH="107"
                          VPOS="1490"
                          HPOS="450"
                          CONTENT="nec"/>
                  <SP HEIGHT="54" WIDTH="15" VPOS="1490" HPOS="557"/>
                  <String HEIGHT="54"
                          WIDTH="183"
                          VPOS="1490"
                          HPOS="511"
                          CONTENT="argentum"/>
                  <SP HEIGHT="54" WIDTH="15" VPOS="1490" HPOS="694"/>
                  <String HEIGHT="54"
                          WIDTH="107"
                          VPOS="1490"
                          HPOS="648"
                          CONTENT="nec"/>
                  <SP HEIGHT="54" WIDTH="15" VPOS="1490" HPOS="755"/>
                  <String HEIGHT="54"
                          WIDTH="168"
                          VPOS="1490"
                          HPOS="709"
                          CONTENT="aliquod"/>
                  <SP HEIGHT="54" WIDTH="15" VPOS="1490" HPOS="878"/>
                  <String HEIGHT="54"
                          WIDTH="153"
                          VPOS="1490"
                          HPOS="832"
                          CONTENT="talium"/>
                  <SP HEIGHT="54" WIDTH="15" VPOS="1490" HPOS="985"/>
                  <String HEIGHT="54"
                          WIDTH="214"
                          VPOS="1490"
                          HPOS="939"
                          CONTENT="beneficium"/>
                  <SP HEIGHT="54" WIDTH="15" VPOS="1490" HPOS="1153"/>
                  <String HEIGHT="54"
                          WIDTH="76"
                          VPOS="1490"
                          HPOS="1092"
                          CONTENT="est"/>
               </TextLine>
               <TextLine ID="line_1609593596955_28"
                         BASELINE="1602"
                         HEIGHT="65"
                         WIDTH="1074"
                         VPOS="1537"
                         HPOS="288">
                  <String HEIGHT="65"
                          WIDTH="100"
                          VPOS="1537"
                          HPOS="274"
                          CONTENT="Non"/>
                  <SP HEIGHT="65" WIDTH="14" VPOS="1537" HPOS="374"/>
                  <String HEIGHT="65"
                          WIDTH="143"
                          VPOS="1537"
                          HPOS="331"
                          CONTENT="refert"/>
                  <SP HEIGHT="65" WIDTH="14" VPOS="1537" HPOS="474"/>
                  <String HEIGHT="65"
                          WIDTH="115"
                          VPOS="1537"
                          HPOS="431"
                          CONTENT="quid"/>
                  <SP HEIGHT="65" WIDTH="14" VPOS="1537" HPOS="546"/>
                  <String HEIGHT="65"
                          WIDTH="100"
                          VPOS="1537"
                          HPOS="503"
                          CONTENT="vel"/>
                  <SP HEIGHT="65" WIDTH="14" VPOS="1537" HPOS="603"/>
                  <String HEIGHT="65"
                          WIDTH="158"
                          VPOS="1537"
                          HPOS="560"
                          CONTENT="quantum"/>
                  <SP HEIGHT="65" WIDTH="14" VPOS="1537" HPOS="718"/>
                  <String HEIGHT="65"
                          WIDTH="143"
                          VPOS="1537"
                          HPOS="675"
                          CONTENT="detur."/>
                  <SP HEIGHT="65" WIDTH="14" VPOS="1537" HPOS="818"/>
                  <String HEIGHT="65"
                          WIDTH="100"
                          VPOS="1537"
                          HPOS="775"
                          CONTENT="sed"/>
                  <SP HEIGHT="65" WIDTH="14" VPOS="1537" HPOS="875"/>
                  <String HEIGHT="65"
                          WIDTH="100"
                          VPOS="1537"
                          HPOS="832"
                          CONTENT="quo"/>
                  <SP HEIGHT="65" WIDTH="14" VPOS="1537" HPOS="932"/>
                  <String HEIGHT="65"
                          WIDTH="129"
                          VPOS="1537"
                          HPOS="889"
                          CONTENT="animo"/>
                  <SP HEIGHT="65" WIDTH="14" VPOS="1537" HPOS="1018"/>
                  <String HEIGHT="65"
                          WIDTH="143"
                          VPOS="1537"
                          HPOS="975"
                          CONTENT="detur."/>
                  <SP HEIGHT="65" WIDTH="14" VPOS="1537" HPOS="1119"/>
                  <String HEIGHT="65"
                          WIDTH="115"
                          VPOS="1537"
                          HPOS="1076"
                          CONTENT="quia"/>
                  <SP HEIGHT="65" WIDTH="14" VPOS="1537" HPOS="1190"/>
                  <String HEIGHT="65"
                          WIDTH="200"
                          VPOS="1537"
                          HPOS="1147"
                          CONTENT="beneficium"/>
                  <SP HEIGHT="65" WIDTH="14" VPOS="1537" HPOS="1348"/>
                  <String HEIGHT="65"
                          WIDTH="72"
                          VPOS="1537"
                          HPOS="1290"
                          CONTENT="non"/>
               </TextLine>
               <TextLine ID="line_1609593596957_30"
                         BASELINE="1635"
                         HEIGHT="52"
                         WIDTH="780"
                         VPOS="1583"
                         HPOS="288">
                  <String HEIGHT="52" WIDTH="88" VPOS="1583" HPOS="273" CONTENT="in"/>
                  <SP HEIGHT="52" WIDTH="15" VPOS="1583" HPOS="362"/>
                  <String HEIGHT="52"
                          WIDTH="147"
                          VPOS="1583"
                          HPOS="317"
                          CONTENT="eoquod"/>
                  <SP HEIGHT="52" WIDTH="15" VPOS="1583" HPOS="465"/>
                  <String HEIGHT="52"
                          WIDTH="132"
                          VPOS="1583"
                          HPOS="420"
                          CONTENT="datur"/>
                  <SP HEIGHT="52" WIDTH="15" VPOS="1583" HPOS="553"/>
                  <String HEIGHT="52"
                          WIDTH="206"
                          VPOS="1583"
                          HPOS="509"
                          CONTENT="consistit."/>
                  <SP HEIGHT="52" WIDTH="15" VPOS="1583" HPOS="715"/>
                  <String HEIGHT="52"
                          WIDTH="103"
                          VPOS="1583"
                          HPOS="671"
                          CONTENT="sed"/>
                  <SP HEIGHT="52" WIDTH="15" VPOS="1583" HPOS="774"/>
                  <String HEIGHT="52" WIDTH="88" VPOS="1583" HPOS="730" CONTENT="in"/>
                  <SP HEIGHT="52" WIDTH="15" VPOS="1583" HPOS="818"/>
                  <String HEIGHT="52"
                          WIDTH="147"
                          VPOS="1583"
                          HPOS="774"
                          CONTENT="ipsius"/>
                  <SP HEIGHT="52" WIDTH="15" VPOS="1583" HPOS="921"/>
                  <String HEIGHT="52"
                          WIDTH="147"
                          VPOS="1583"
                          HPOS="877"
                          CONTENT="dantis"/>
                  <SP HEIGHT="52" WIDTH="15" VPOS="1583" HPOS="1024"/>
                  <String HEIGHT="52"
                          WIDTH="103"
                          VPOS="1583"
                          HPOS="965"
                          CONTENT="animo"/>
               </TextLine>
               <TextLine ID="r1l43"
                         BASELINE="1679"
                         HEIGHT="62"
                         WIDTH="1047"
                         VPOS="1617"
                         HPOS="312">
                  <String HEIGHT="62"
                          WIDTH="131"
                          VPOS="1617"
                          HPOS="297"
                          CONTENT="Primo"/>
                  <SP HEIGHT="62" WIDTH="15" VPOS="1617" HPOS="428"/>
                  <String HEIGHT="62"
                          WIDTH="204"
                          VPOS="1617"
                          HPOS="385"
                          CONTENT="necessaria"/>
                  <SP HEIGHT="62" WIDTH="15" VPOS="1617" HPOS="588"/>
                  <String HEIGHT="62"
                          WIDTH="116"
                          VPOS="1617"
                          HPOS="545"
                          CONTENT="sunt"/>
                  <SP HEIGHT="62" WIDTH="15" VPOS="1617" HPOS="661"/>
                  <String HEIGHT="62"
                          WIDTH="145"
                          VPOS="1617"
                          HPOS="617"
                          CONTENT="danda."/>
                  <SP HEIGHT="62" WIDTH="15" VPOS="1617" HPOS="763"/>
                  <String HEIGHT="62"
                          WIDTH="247"
                          VPOS="1617"
                          HPOS="719"
                          CONTENT="deindevtilia."/>
                  <SP HEIGHT="62" WIDTH="15" VPOS="1617" HPOS="966"/>
                  <String HEIGHT="62" WIDTH="87" VPOS="1617" HPOS="923" CONTENT="et"/>
                  <SP HEIGHT="62" WIDTH="15" VPOS="1617" HPOS="1010"/>
                  <String HEIGHT="62"
                          WIDTH="145"
                          VPOS="1617"
                          HPOS="966"
                          CONTENT="deinde"/>
                  <SP HEIGHT="62" WIDTH="15" VPOS="1617" HPOS="1112"/>
                  <String HEIGHT="62"
                          WIDTH="175"
                          VPOS="1617"
                          HPOS="1068"
                          CONTENT="iocumda."/>
                  <SP HEIGHT="62" WIDTH="15" VPOS="1617" HPOS="1243"/>
                  <String HEIGHT="62" WIDTH="87" VPOS="1617" HPOS="1199" CONTENT="et"/>
                  <SP HEIGHT="62" WIDTH="15" VPOS="1617" HPOS="1286"/>
                  <String HEIGHT="62"
                          WIDTH="131"
                          VPOS="1617"
                          HPOS="1228"
                          CONTENT="honesta"/>
               </TextLine>
               <TextLine ID="r1l45"
                         BASELINE="1716"
                         HEIGHT="46"
                         WIDTH="1052"
                         VPOS="1670"
                         HPOS="309">
                  <String HEIGHT="46"
                          WIDTH="183"
                          VPOS="1670"
                          HPOS="294"
                          CONTENT="Uideamus"/>
                  <SP HEIGHT="46" WIDTH="15" VPOS="1670" HPOS="477"/>
                  <String HEIGHT="46" WIDTH="91" VPOS="1670" HPOS="431" CONTENT="ne"/>
                  <SP HEIGHT="46" WIDTH="15" VPOS="1670" HPOS="522"/>
                  <String HEIGHT="46"
                          WIDTH="183"
                          VPOS="1670"
                          HPOS="477"
                          CONTENT="mittamus"/>
                  <SP HEIGHT="46" WIDTH="15" VPOS="1670" HPOS="660"/>
                  <String HEIGHT="46"
                          WIDTH="137"
                          VPOS="1670"
                          HPOS="614"
                          CONTENT="muera"/>
                  <SP HEIGHT="46" WIDTH="15" VPOS="1670" HPOS="751"/>
                  <String HEIGHT="46"
                          WIDTH="229"
                          VPOS="1670"
                          HPOS="705"
                          CONTENT="superuacua:"/>
                  <SP HEIGHT="46" WIDTH="15" VPOS="1670" HPOS="934"/>
                  <String HEIGHT="46" WIDTH="91" VPOS="1670" HPOS="888" CONTENT="vt"/>
                  <SP HEIGHT="46" WIDTH="15" VPOS="1670" HPOS="980"/>
                  <String HEIGHT="46"
                          WIDTH="122"
                          VPOS="1670"
                          HPOS="934"
                          CONTENT="feie"/>
                  <SP HEIGHT="46" WIDTH="15" VPOS="1670" HPOS="1056"/>
                  <String HEIGHT="46"
                          WIDTH="122"
                          VPOS="1670"
                          HPOS="1010"
                          CONTENT="arma"/>
                  <SP HEIGHT="46" WIDTH="15" VPOS="1670" HPOS="1132"/>
                  <String HEIGHT="46" WIDTH="91" VPOS="1670" HPOS="1087" CONTENT="et"/>
                  <SP HEIGHT="46" WIDTH="15" VPOS="1670" HPOS="1178"/>
                  <String HEIGHT="46"
                          WIDTH="168"
                          VPOS="1670"
                          HPOS="1132"
                          CONTENT="rustico"/>
                  <SP HEIGHT="46" WIDTH="15" VPOS="1670" HPOS="1300"/>
                  <String HEIGHT="46"
                          WIDTH="122"
                          VPOS="1670"
                          HPOS="1239"
                          CONTENT="libros"/>
               </TextLine>
               <TextLine ID="r1l48"
                         BASELINE="1765"
                         HEIGHT="52"
                         WIDTH="1038"
                         VPOS="1713"
                         HPOS="321">
                  <String HEIGHT="52"
                          WIDTH="163"
                          VPOS="1713"
                          HPOS="306"
                          CONTENT="Pecunia"/>
                  <SP HEIGHT="52" WIDTH="15" VPOS="1713" HPOS="469"/>
                  <String HEIGHT="52"
                          WIDTH="163"
                          VPOS="1713"
                          HPOS="425"
                          CONTENT="ingens."/>
                  <SP HEIGHT="52" WIDTH="15" VPOS="1713" HPOS="588"/>
                  <String HEIGHT="52"
                          WIDTH="104"
                          VPOS="1713"
                          HPOS="543"
                          CONTENT="sed"/>
                  <SP HEIGHT="52" WIDTH="15" VPOS="1713" HPOS="647"/>
                  <String HEIGHT="52"
                          WIDTH="104"
                          VPOS="1713"
                          HPOS="603"
                          CONTENT="non"/>
                  <SP HEIGHT="52" WIDTH="15" VPOS="1713" HPOS="707"/>
                  <String HEIGHT="52"
                          WIDTH="104"
                          VPOS="1713"
                          HPOS="662"
                          CONTENT="cum"/>
                  <SP HEIGHT="52" WIDTH="15" VPOS="1713" HPOS="766"/>
                  <String HEIGHT="52"
                          WIDTH="133"
                          VPOS="1713"
                          HPOS="721"
                          CONTENT="recta"/>
                  <SP HEIGHT="52" WIDTH="15" VPOS="1713" HPOS="855"/>
                  <String HEIGHT="52"
                          WIDTH="163"
                          VPOS="1713"
                          HPOS="810"
                          CONTENT="ratione"/>
                  <SP HEIGHT="52" WIDTH="15" VPOS="1713" HPOS="973"/>
                  <String HEIGHT="52" WIDTH="89" VPOS="1713" HPOS="929" CONTENT="et"/>
                  <SP HEIGHT="52" WIDTH="15" VPOS="1713" HPOS="1018"/>
                  <String HEIGHT="52"
                          WIDTH="193"
                          VPOS="1713"
                          HPOS="973"
                          CONTENT="voluntate"/>
                  <SP HEIGHT="52" WIDTH="15" VPOS="1713" HPOS="1166"/>
                  <String HEIGHT="52"
                          WIDTH="119"
                          VPOS="1713"
                          HPOS="1122"
                          CONTENT="data"/>
                  <SP HEIGHT="52" WIDTH="15" VPOS="1713" HPOS="1240"/>
                  <String HEIGHT="52"
                          WIDTH="104"
                          VPOS="1713"
                          HPOS="1196"
                          CONTENT="non"/>
                  <SP HEIGHT="52" WIDTH="15" VPOS="1713" HPOS="1300"/>
                  <String HEIGHT="52"
                          WIDTH="104"
                          VPOS="1713"
                          HPOS="1255"
                          CONTENT="est"/>
                  <SP HEIGHT="52" WIDTH="15" VPOS="1713" HPOS="1359"/>
                  <String HEIGHT="52" WIDTH="59" VPOS="1713" HPOS="1300" CONTENT="he"/>
               </TextLine>
               <TextLine ID="r1l50"
                         BASELINE="1805"
                         HEIGHT="52"
                         WIDTH="388"
                         VPOS="1753"
                         HPOS="308">
                  <String HEIGHT="52"
                          WIDTH="222"
                          VPOS="1753"
                          HPOS="290"
                          CONTENT="neficium"/>
                  <SP HEIGHT="52" WIDTH="18" VPOS="1753" HPOS="511"/>
                  <String HEIGHT="52"
                          WIDTH="129"
                          VPOS="1753"
                          HPOS="456"
                          CONTENT="sed"/>
                  <SP HEIGHT="52" WIDTH="18" VPOS="1753" HPOS="585"/>
                  <String HEIGHT="52"
                          WIDTH="185"
                          VPOS="1753"
                          HPOS="511"
                          CONTENT="theaurus"/>
               </TextLine>
               <TextLine ID="r1l52"
                         BASELINE="1843"
                         HEIGHT="44"
                         WIDTH="828"
                         VPOS="1799"
                         HPOS="319">
                  <String HEIGHT="44"
                          WIDTH="176"
                          VPOS="1799"
                          HPOS="301"
                          CONTENT="demper"/>
                  <SP HEIGHT="44" WIDTH="18" VPOS="1799" HPOS="478"/>
                  <String HEIGHT="44"
                          WIDTH="194"
                          VPOS="1799"
                          HPOS="425"
                          CONTENT="debemus"/>
                  <SP HEIGHT="44" WIDTH="18" VPOS="1799" HPOS="618"/>
                  <String HEIGHT="44"
                          WIDTH="141"
                          VPOS="1799"
                          HPOS="566"
                          CONTENT="dare"/>
                  <SP HEIGHT="44" WIDTH="18" VPOS="1799" HPOS="707"/>
                  <String HEIGHT="44"
                          WIDTH="123"
                          VPOS="1799"
                          HPOS="654"
                          CONTENT="quo"/>
                  <SP HEIGHT="44" WIDTH="18" VPOS="1799" HPOS="777"/>
                  <String HEIGHT="44"
                          WIDTH="141"
                          VPOS="1799"
                          HPOS="724"
                          CONTENT="modo"/>
                  <SP HEIGHT="44" WIDTH="18" VPOS="1799" HPOS="865"/>
                  <String HEIGHT="44"
                          WIDTH="211"
                          VPOS="1799"
                          HPOS="812"
                          CONTENT="vellemus"/>
                  <SP HEIGHT="44" WIDTH="18" VPOS="1799" HPOS="1024"/>
                  <String HEIGHT="44"
                          WIDTH="194"
                          VPOS="1799"
                          HPOS="953"
                          CONTENT="accipere."/>
               </TextLine>
               <TextLine ID="r1l54"
                         BASELINE="1893"
                         HEIGHT="67"
                         WIDTH="872"
                         VPOS="1826"
                         HPOS="305">
                  <String HEIGHT="67"
                          WIDTH="190"
                          VPOS="1826"
                          HPOS="289"
                          CONTENT="Ingratum"/>
                  <SP HEIGHT="67" WIDTH="16" VPOS="1826" HPOS="479"/>
                  <String HEIGHT="67"
                          WIDTH="111"
                          VPOS="1826"
                          HPOS="432"
                          CONTENT="est"/>
                  <SP HEIGHT="67" WIDTH="16" VPOS="1826" HPOS="543"/>
                  <String HEIGHT="67"
                          WIDTH="222"
                          VPOS="1826"
                          HPOS="495"
                          CONTENT="heneficium"/>
                  <SP HEIGHT="67" WIDTH="16" VPOS="1826" HPOS="717"/>
                  <String HEIGHT="67"
                          WIDTH="127"
                          VPOS="1826"
                          HPOS="670"
                          CONTENT="quod"/>
                  <SP HEIGHT="67" WIDTH="16" VPOS="1826" HPOS="796"/>
                  <String HEIGHT="67"
                          WIDTH="111"
                          VPOS="1826"
                          HPOS="749"
                          CONTENT="diu"/>
                  <SP HEIGHT="67" WIDTH="16" VPOS="1826" HPOS="860"/>
                  <String HEIGHT="67"
                          WIDTH="174"
                          VPOS="1826"
                          HPOS="812"
                          CONTENT="manibus"/>
                  <SP HEIGHT="67" WIDTH="16" VPOS="1826" HPOS="987"/>
                  <String HEIGHT="67"
                          WIDTH="159"
                          VPOS="1826"
                          HPOS="939"
                          CONTENT="dantis"/>
                  <SP HEIGHT="67" WIDTH="16" VPOS="1826" HPOS="1098"/>
                  <String HEIGHT="67"
                          WIDTH="143"
                          VPOS="1826"
                          HPOS="1034"
                          CONTENT="adhesit"/>
               </TextLine>
               <TextLine ID="r1l55"
                         BASELINE="1932"
                         HEIGHT="56"
                         WIDTH="1051"
                         VPOS="1876"
                         HPOS="311">
                  <String HEIGHT="56"
                          WIDTH="188"
                          VPOS="1876"
                          HPOS="295"
                          CONTENT="Laueamus"/>
                  <SP HEIGHT="56" WIDTH="16" VPOS="1876" HPOS="484"/>
                  <String HEIGHT="56" WIDTH="94" VPOS="1876" HPOS="436" CONTENT="ne"/>
                  <SP HEIGHT="56" WIDTH="16" VPOS="1876" HPOS="531"/>
                  <String HEIGHT="56"
                          WIDTH="173"
                          VPOS="1876"
                          HPOS="484"
                          CONTENT="aliquid"/>
                  <SP HEIGHT="56" WIDTH="16" VPOS="1876" HPOS="656"/>
                  <String HEIGHT="56"
                          WIDTH="125"
                          VPOS="1876"
                          HPOS="609"
                          CONTENT="more"/>
                  <SP HEIGHT="56" WIDTH="16" VPOS="1876" HPOS="735"/>
                  <String HEIGHT="56"
                          WIDTH="220"
                          VPOS="1876"
                          HPOS="687"
                          CONTENT="iterueniat"/>
                  <SP HEIGHT="56" WIDTH="16" VPOS="1876" HPOS="907"/>
                  <String HEIGHT="56" WIDTH="94" VPOS="1876" HPOS="860" CONTENT="in"/>
                  <SP HEIGHT="56" WIDTH="16" VPOS="1876" HPOS="954"/>
                  <String HEIGHT="56"
                          WIDTH="125"
                          VPOS="1876"
                          HPOS="907"
                          CONTENT="dado"/>
                  <SP HEIGHT="56" WIDTH="16" VPOS="1876" HPOS="1033"/>
                  <String HEIGHT="56" WIDTH="94" VPOS="1876" HPOS="986" CONTENT="ne"/>
                  <SP HEIGHT="56" WIDTH="16" VPOS="1876" HPOS="1080"/>
                  <String HEIGHT="56"
                          WIDTH="220"
                          VPOS="1876"
                          HPOS="1033"
                          CONTENT="deliberare"/>
                  <SP HEIGHT="56" WIDTH="16" VPOS="1876" HPOS="1252"/>
                  <String HEIGHT="56"
                          WIDTH="173"
                          VPOS="1876"
                          HPOS="1189"
                          CONTENT="videamur."/>
               </TextLine>
               <TextLine ID="r1l56"
                         BASELINE="1978"
                         HEIGHT="44"
                         WIDTH="1064"
                         VPOS="1934"
                         HPOS="300">
                  <String HEIGHT="44"
                          WIDTH="210"
                          VPOS="1934"
                          HPOS="285"
                          CONTENT="Bratissima"/>
                  <SP HEIGHT="44" WIDTH="15" VPOS="1934" HPOS="495"/>
                  <String HEIGHT="44"
                          WIDTH="120"
                          VPOS="1934"
                          HPOS="450"
                          CONTENT="sunt"/>
                  <SP HEIGHT="44" WIDTH="15" VPOS="1934" HPOS="570"/>
                  <String HEIGHT="44"
                          WIDTH="195"
                          VPOS="1934"
                          HPOS="525"
                          CONTENT="beneficia"/>
                  <SP HEIGHT="44" WIDTH="15" VPOS="1934" HPOS="720"/>
                  <String HEIGHT="44"
                          WIDTH="105"
                          VPOS="1934"
                          HPOS="675"
                          CONTENT="que"/>
                  <SP HEIGHT="44" WIDTH="15" VPOS="1934" HPOS="780"/>
                  <String HEIGHT="44"
                          WIDTH="120"
                          VPOS="1934"
                          HPOS="735"
                          CONTENT="sunt"/>
                  <SP HEIGHT="44" WIDTH="15" VPOS="1934" HPOS="854"/>
                  <String HEIGHT="44"
                          WIDTH="150"
                          VPOS="1934"
                          HPOS="810"
                          CONTENT="parata"/>
                  <SP HEIGHT="44" WIDTH="15" VPOS="1934" HPOS="959"/>
                  <String HEIGHT="44"
                          WIDTH="150"
                          VPOS="1934"
                          HPOS="914"
                          CONTENT="facili"/>
                  <SP HEIGHT="44" WIDTH="15" VPOS="1934" HPOS="1064"/>
                  <String HEIGHT="44"
                          WIDTH="240"
                          VPOS="1934"
                          HPOS="1019"
                          CONTENT="occurrentia."/>
                  <SP HEIGHT="44" WIDTH="15" VPOS="1934" HPOS="1259"/>
                  <String HEIGHT="44" WIDTH="90" VPOS="1934" HPOS="1214" CONTENT="in"/>
                  <SP HEIGHT="44" WIDTH="15" VPOS="1934" HPOS="1304"/>
                  <String HEIGHT="44"
                          WIDTH="120"
                          VPOS="1934"
                          HPOS="1244"
                          CONTENT="quibus"/>
               </TextLine>
               <TextLine ID="r1l57"
                         BASELINE="2037"
                         HEIGHT="61"
                         WIDTH="695"
                         VPOS="1976"
                         HPOS="306">
                  <String HEIGHT="61"
                          WIDTH="145"
                          VPOS="1976"
                          HPOS="290"
                          CONTENT="nulla"/>
                  <SP HEIGHT="61" WIDTH="16" VPOS="1976" HPOS="435"/>
                  <String HEIGHT="61"
                          WIDTH="129"
                          VPOS="1976"
                          HPOS="387"
                          CONTENT="mora"/>
                  <SP HEIGHT="61" WIDTH="16" VPOS="1976" HPOS="516"/>
                  <String HEIGHT="61"
                          WIDTH="129"
                          VPOS="1976"
                          HPOS="468"
                          CONTENT="fuit"/>
                  <SP HEIGHT="61" WIDTH="16" VPOS="1976" HPOS="597"/>
                  <String HEIGHT="61"
                          WIDTH="129"
                          VPOS="1976"
                          HPOS="548"
                          CONTENT="nisi"/>
                  <SP HEIGHT="61" WIDTH="16" VPOS="1976" HPOS="678"/>
                  <String HEIGHT="61"
                          WIDTH="242"
                          VPOS="1976"
                          HPOS="629"
                          CONTENT="accipientis"/>
                  <SP HEIGHT="61" WIDTH="16" VPOS="1976" HPOS="872"/>
                  <String HEIGHT="61"
                          WIDTH="194"
                          VPOS="1976"
                          HPOS="807"
                          CONTENT="verecundia"/>
               </TextLine>
            </TextBlock>
         </PrintSpace>
      </Page>
   </Layout>
</alto>
