1607 2424
275 248 166 63 metus
367 248 184 63 superat.

275 297 71 56 ⁋
303 297 170 56 Ualerius
430 297 155 56 maximus
543 297 127 56 libro
628 297 113 56 vii.
699 297 184 56 Aristote.
840 297 85 56 in
883 297 155 56 neutram
996 297 141 56 partem
1095 297 85 56 de
1137 297 127 56 seipo
1222 297 127 56 loqui
1292 297 57 56 de

282 338 105 55 bere
348 338 211 55 praedicabat.
519 338 145 55 quoniam
624 338 145 55 laudare
729 338 79 55 se
769 338 118 55 vani.
848 338 184 55 vituperare
993 338 132 55 stulti
1072 338 105 55 esset.

368 386 89 50 ⁋
404 386 214 50 Sequutur
564 386 267 50 autoritates
778 386 214 50 platonis
939 386 107 50 in
974 386 143 50 thimeo

270 425 209 52 Plationis
431 425 96 52 vt
479 425 112 52 ait
543 425 225 52 helinandus
720 425 225 52 consuetudo
896 425 128 52 fuit
977 425 161 52 libros
1089 425 128 52 suos
1153 425 193 52 intitulare

280 473 170 45 nomnibus
407 473 212 45 magistrorum
577 473 155 45 suorum.
690 473 99 45 vel
746 473 127 45 eorum
831 473 99 45 qui
888 473 184 45 magistros
1029 473 113 45 suos
1100 473 184 45 docuerunt
1227 473 127 45 propter

281 515 162 55 maiorem
399 515 236 55 autoritatem.
591 515 118 55 quod
664 515 88 55 et
709 515 177 55 magister
841 515 206 55 gualtherus
1003 515 147 55 burley
1106 515 147 55 anglus
1195 515 147 55 confirma

275 555 115 45 uit.
347 555 115 45 fuit
419 555 130 45 autem
505 555 130 45 Plato
592 555 130 45 ciuis
678 555 231 45 atheniensis.
865 555 173 45 magister
995 555 187 45 Aristote.
1139 555 86 45 et
1182 555 159 45 auditor
1283 555 58 45 so

287 598 164 45 cratis.
407 598 134 45 natus
496 598 164 45 tempore
616 598 134 45 darii
705 598 134 45 regis
795 598 194 45 persarum.
945 598 134 45 patre
1034 598 179 45 aristone
1169 598 105 45 qui
1228 598 75 45 a
1243 598 105 45 Todro

280 637 126 51 duxit
364 637 169 51 originem
491 637 84 51 de
533 637 211 51 generatione
702 637 169 51 neptuni.
828 637 126 51 matre
912 637 197 51 perictonia
1067 637 112 51 Obut
1137 637 126 51 autem
1222 637 112 51 anno
1278 637 70 51 eta

286 684 97 46 tis
342 684 111 46 sue.
411 684 138 46 lxxxi.
508 684 152 46 natalis
618 684 97 46 sui
674 684 97 46 die
729 684 166 46 secundum
854 684 152 46 Senecam
964 684 83 46 in
1006 684 180 46 epistolis
1144 684 166 46 Scripsit
1255 684 83 46 ali-

287 726 125 50 quot
366 726 157 50 libros
476 726 94 50 in
523 726 125 50 phia
601 726 125 50 quos
679 726 94 50 ad
726 726 157 50 magnam
836 726 188 50 partemex
977 726 157 50 moseos
1087 726 125 50 lege
1150 726 188 50 suffuratus

277 769 115 52 est.
349 769 86 52 Et
392 769 115 52 item
464 769 86 52 ex
507 769 173 52 poetarum
637 769 159 52 fabulis
752 769 115 52 quas
824 769 101 52 cum
882 769 101 52 pro
939 769 115 52 vero
1012 769 187 52 assumeret
1156 769 86 52 in
1184 769 159 52 multipli-

277 812 111 52 ces
341 812 206 52 collapsus
499 812 111 52 est
562 812 174 52 errores
689 812 143 52 Etiam
784 812 127 52 loge
864 812 143 52 magis
959 812 111 52 pro
1022 812 222 52 eloquentia
1181 812 174 52 laborauit

275 852 127 48 quam
354 852 127 48 vera
434 852 206 48 scientia.
592 852 95 48 Ob
640 852 111 48 hoc
704 852 238 48 philosophia
894 852 127 48 eius
973 852 127 48 apud
1053 852 143 48 veros
1132 852 222 48 Christicolas

278 892 167 60 nullius
400 892 107 60 est
460 892 152 60 praecu
567 892 107 60 vel
613 892 152 60 momenti.

393 918 206 75 Nomnibus
547 918 137 75 siue
633 918 103 75 in
685 918 189 75 maximis
822 918 137 75 siue
908 918 103 75 in
960 918 189 75 minimis
1097 918 189 75 diuinum
1218 918 137 75 auxili

412 979 127 53 um
475 979 191 53 debet
582 979 233 53 implorari

428 1022 121 51 Nihil
508 1022 94 51 est
562 1022 121 51 ortum
643 1022 94 51 sub
697 1022 108 51 sole
764 1022 121 51 cuius
845 1022 121 51 causa
926 1022 162 51 legitima
1047 1022 94 51 non
1087 1022 202 51 praecoesserit

430 1060 85 55 In
472 1060 114 55 omni
544 1060 185 55 tractatum
686 1060 128 55 fieri
771 1060 128 55 debet
856 1060 85 55 vt
899 1060 128 55 inter
984 1060 142 55 initia
1084 1060 228 55 consideretur
1269 1060 114 55 quid

282 1111 110 52 sit
345 1111 141 52 illud
439 1111 94 52 de
486 1111 110 52 quo
533 1111 125 52 agitur

282 1156 165 51 Operi
392 1156 128 51 suo
465 1156 128 51 dat
538 1156 183 51 opifex
648 1156 147 51 formam

276 1194 190 51 Mundus
409 1194 95 51 a
447 1194 133 51 deo
522 1194 190 51 factus
655 1194 133 51 est
731 1194 152 51 Deus
826 1194 171 51 autor
940 1194 209 51 maximus
1072 1194 114 51 est.

284 1233 174 52 Optimus
411 1233 111 52 est
474 1233 142 52 mundi
569 1233 158 52 autor.
680 1233 95 52 et
727 1233 95 52 ab
775 1233 158 52 optimo
886 1233 142 52 longe
981 1233 174 52 inuidia
1107 1233 190 52 relegata
1234 1233 79 52 est

292 1275 173 56 Bonitas
418 1275 110 56 dei
481 1275 126 56 fuit
559 1275 141 56 causa
654 1275 204 56 factionis
811 1275 141 56 mundi
905 1275 94 56 et
952 1275 189 56 originis
1094 1275 157 56 omnium
1188 1275 110 56 rerum

292 1324 113 43 Non
356 1324 145 43 decet
453 1324 113 43 rem
518 1324 129 43 esse
599 1324 226 43 antiquiore
776 1324 145 43 primo
873 1324 194 43 genitore
1002 1324 97 43 rege

284 1362 187 51 Tempora
420 1362 170 51 maxime
539 1362 289 51 distinguuntur
778 1362 119 51 per
846 1362 153 51 motum
931 1362 119 51 solis

290 1394 69 70 O
318 1394 82 70 du
359 1394 137 70 deorum
455 1394 137 70 quorum
551 1394 137 70 opifex
647 1394 82 70 id
689 1394 96 70 est
744 1394 124 70 pater
826 1394 96 70 ego
881 1394 110 70 sum.
950 1394 96 70 dii
1005 1394 137 70 deorum
1101 1394 165 70 vocantur
1211 1394 137 70 intelli-

290 1449 143 48 gentie
390 1449 86 48 et
432 1449 157 48 corpora
546 1449 171 48 celestia
675 1449 143 48 natura
774 1449 200 48 solubilia.
931 1449 100 48 sed
988 1449 100 48 dei
1045 1449 185 48 voluntate
1173 1449 143 48 perpetua

286 1486 87 57 Ad
330 1486 102 57 hoc
388 1486 131 57 anima
475 1486 102 57 est
534 1486 189 57 coniuncta
679 1486 160 57 corpori
795 1486 87 57 vt
839 1486 189 57 fenoretur
984 1486 189 57 scientias
1129 1486 87 57 et
1173 1486 189 57 virtutes.
1304 1486 58 57 si

283 1540 128 55 autem
368 1540 100 55 cum
425 1540 128 55 magno
511 1540 143 55 fenore
611 1540 157 55 venerit
725 1540 157 55 benigne
839 1540 200 55 recipietur
996 1540 71 55 a
1025 1540 100 55 suo
1082 1540 186 55 creatore.
1225 1540 86 55 si
1253 1540 100 55 autem

287 1571 123 63 non.
364 1571 231 63 relegabitur
549 1571 93 63 ad
580 1571 154 63 inferos.

299 1620 174 54 Propter
426 1620 111 54 hoc
489 1620 126 54 enim
568 1620 142 54 nobis
663 1620 142 54 datus
757 1620 111 54 est
821 1620 142 54 sermo
916 1620 95 54 vt
963 1620 158 54 presto
1074 1620 142 54 nobis
1168 1620 142 54 fiant
1247 1620 111 54 mutue

294 1661 232 55 voluntatis
460 1661 149 55 indicia

288 1701 122 64 Deus
364 1701 107 64 est
425 1701 153 64 summum
532 1701 138 64 bonum
624 1701 138 64 super
716 1701 107 64 oem
777 1701 229 64 substantiam
960 1701 183 64 omnemque
1098 1701 168 64 naturam
1220 1701 122 64 quem
1282 1701 76 64 cun

293 1756 88 44 cta
344 1756 152 44 expetunt
458 1756 88 44 cum
508 1756 101 44 ipse
571 1756 88 44 sit
622 1756 114 44 plene
698 1756 164 44 perfectus
824 1756 76 44 et
862 1756 139 44 nullius
963 1756 177 44 societatis
1089 1756 139 44 indigens.

340 1787 80 61 ⁋
372 1787 207 61 Autorita.
531 1787 159 61 apulei
642 1787 207 61 aphricani
801 1787 207 61 platonici
960 1787 159 61 lingua
1072 1787 159 61 latina
1167 1787 191 61 doctissimi

285 1832 111 61 qui
349 1832 207 61 succedens
508 1832 175 61 platoni
635 1832 175 61 fioruit
746 1832 159 61 aihenis.

344 1853 150 73 Ummus
444 1853 133 73 deus
527 1853 116 73 est
594 1853 216 73 infinitus
760 1853 116 73 non
826 1853 150 73 solum
926 1853 233 73 exclusione
1109 1853 133 73 loci
1192 1853 116 73 sed
1242 1853 116 73 etiam

287 1890 97 84 Q
325 1890 212 84 nature.
461 1890 212 84 dignitate

279 1959 315 77 Prestantissimum
545 1959 216 77 animalium
711 1959 149 77 genus
810 1959 100 77 in
860 1959 149 77 terra
960 1959 116 77 est
1009 1959 100 77 homo
