1607 2425
244 251 88 67 Du
288 251 88 67 ab
332 251 161 67 omnibus
449 251 190 67 differunt
595 251 146 67 nature
698 251 205 67 dignitate.
859 251 234 67 perfectione.
1049 251 132 67 vite.
1122 251 205 67 perpetuitate

244 306 131 55 loci
309 306 213 55 sublimitate

244 345 138 54 Nihil
336 345 107 54 deo
397 345 107 54 est
458 345 215 54 perfectius
627 345 138 54 nihil
703 345 169 54 potentius

241 393 274 62 Conuersatio
460 393 164 62 mutua
569 393 255 62 contemptum
751 393 128 62 parit

244 435 112 61 Deus
314 435 84 61 ab
356 435 140 61 omibus
454 435 126 61 animi
538 435 210 61 passionitus
706 435 168 61 liberem.
831 435 112 61 vnie
901 435 98 61 nec
957 435 140 61 dolere
1055 435 98 61 nec
1111 435 140 61 letari
1195 435 126 61 potest.

248 480 86 46 et
291 480 100 46 hoc
348 480 100 46 est
406 480 129 46 verum
492 480 86 46 ad
535 480 158 46 nostrum
635 480 158 46 conceptum

253 521 176 52 Demones
381 521 128 52 sunt
461 521 192 52 animalia
604 521 144 52 animo
700 521 192 52 passiua.
844 521 144 52 mente
940 521 256 52 rationabilia
1147 521 176 52 corpore
1259 521 64 52 ac

250 565 118 49 rea.
324 565 162 49 tempore
442 565 162 49 eterna.
560 565 89 49 In
605 565 118 49 isto
679 565 118 49 oens
752 565 192 49 Platonici
885 565 207 49 delirauerunt

244 608 141 49 Magna
338 608 110 49 est
401 608 188 49 digmitas
542 608 203 49 sapientie
698 608 125 49 quae
776 608 219 49 societatem
949 608 141 49 summo
1043 608 110 49 deo
1089 608 157 49 coequat.

251 650 129 50 Nihil
337 650 115 50 enim
408 650 100 50 deo
465 650 172 50 similius
594 650 100 50 vel
652 650 157 50 grauius
766 650 115 50 quam
838 650 100 50 vir
895 650 129 50 animo
967 650 157 50 perfectus

248 687 133 52 Bonus
337 687 103 52 est
396 687 103 52 qui
455 687 177 52 intantum
588 687 162 52 ceteros
706 687 162 52 homines
824 687 207 52 antecellit
986 687 192 52 inquantum
1134 687 118 52 ipse
1208 687 74 52 a
1222 687 89 52 diis

250 730 255 60 immortalibus
441 730 239 60 antecellitur.

247 772 86 54 Si
290 772 144 54 laudas
391 772 159 54 aliquem
506 772 115 54 quia
578 772 187 54 generosus
722 772 101 54 est
780 772 173 54 parentes
909 772 115 54 eius
982 772 159 54 laudas.
1097 772 86 54 si
1140 772 115 54 quia
1198 772 115 54 diues.

240 817 162 43 fortune
358 817 103 43 hoc
417 817 177 43 debetur.
550 817 103 43 sed
609 817 88 43 si
653 817 118 43 quia
727 817 177 43 formosus
859 817 103 43 est
918 817 103 43 aut
977 817 162 43 validus
1095 817 103 43 est
1139 817 177 43 egritudine

249 859 203 53 fatigabitur.
414 859 76 53 si
452 859 101 53 quia
516 859 127 53 pernix
605 859 76 53 in
643 859 178 53 senectute.
782 859 89 53 aut
833 859 101 53 quia
896 859 140 53 fortis.
998 859 140 53 expecta
1099 859 165 53 paulisper
1226 859 76 53 et
1252 859 63 53 non

249 900 125 55 erit.
332 900 97 55 sed
388 900 83 55 si
430 900 139 55 laudas
527 900 97 55 eum
583 900 153 55 dicendo
694 900 111 55 quod
763 900 125 55 bonis
847 900 153 55 artibus
958 900 139 55 doctus
1055 900 97 55 est
1111 900 83 55 et
1152 900 125 55 valde
1222 900 97 55 erudi

250 947 112 54 tus.
320 947 84 54 et
362 947 182 54 inquantum
502 947 126 54 licet
585 947 140 54 homini
683 947 154 54 sapiens
795 947 98 54 est
851 947 112 54 tunc
921 947 126 54 ipsum
1005 947 112 54 vere
1074 947 154 54 laudas.
1186 947 112 54 quia
1242 947 70 54 hoc

249 996 101 49 non
306 996 101 49 est
364 996 72 49 a
393 996 130 49 patre
480 996 246 49 hereditarium.
683 996 101 49 nec
740 996 116 49 casu
813 996 188 49 pendulum.
957 996 101 49 nec
1015 996 159 49 corpore
1131 996 174 49 caducum.
1247 996 72 49 nec

244 1034 148 55 etate
326 1034 180 55 mutabile.

251 1064 75 62 â‹
281 1064 224 62 Empedocles.
460 1064 120 62 Tria
535 1064 120 62 sunt
610 1064 90 62 in
655 1064 120 62 tota
729 1064 134 62 rerum
819 1064 194 62 varietate
968 1064 194 62 praecipua
1118 1064 120 62 quae
1178 1064 134 62 philoso

239 1113 127 62 phiam
323 1113 183 62 magnifice
464 1113 197 62 extollunt.
619 1113 169 62 scilicet
746 1113 155 62 mobilis
859 1113 197 62 affluentie
1014 1113 211 62 contemptus.
1183 1113 141 62 future
1268 1113 56 62 fe

245 1155 188 54 licitatis
389 1155 202 54 appetitus.
548 1155 145 54 mentis
649 1155 231 54 illustratio.
837 1155 145 54 quorum
938 1155 130 54 primo
1025 1155 130 54 nihil
1112 1155 101 54 est
1155 1155 159 54 honestius

250 1205 97 50 vel
306 1205 167 50 vtilius.
431 1205 153 50 secundo
542 1205 125 50 nihil
625 1205 97 50 est
680 1205 208 50 perfectius.
847 1205 139 50 tertio
944 1205 125 50 nihil
1027 1205 83 50 ad
1069 1205 153 50 amborum
1166 1205 153 50 compendio

250 1244 123 61 sam
320 1244 245 61 adeptionem
495 1244 228 61 efficacius.

236 1286 109 54 Deus
304 1286 95 54 est
359 1286 136 54 sphera
454 1286 122 54 cuius
535 1286 149 54 centrum
644 1286 95 54 est
698 1286 136 54 vbique
793 1286 81 54 et
834 1286 244 54 circumferentia
1024 1286 122 54 nusquam

251 1325 200 57 Empedocles
408 1325 143 57 sciens
508 1325 143 57 animas
608 1325 114 57 esse
680 1325 200 57 immortales
837 1325 172 57 athenis.
966 1325 86 57 se
1009 1325 186 57 incendiis
1152 1325 129 57 dedit
1238 1325 86 57 et
1267 1325 57 57 si

249 1372 135 46 diipsi
344 1372 135 46 mortem
439 1372 162 46 intulit.
560 1372 108 46 quod
628 1372 122 46 tamen
709 1372 95 46 non
763 1372 108 46 erat
830 1372 162 46 officium
938 1372 149 46 sapientis

289 1418 80 46 â‹
321 1418 177 46 Incipit
449 1418 160 46 logica
562 1418 96 46 de
610 1418 112 46 qua
674 1418 209 46 gloriosus
835 1418 160 46 inquit
947 1418 225 46 hieronymus
1123 1418 144 46 cuius
1204 1418 112 46 verba

253 1454 110 53 sunt
322 1454 207 53 canonisata.
488 1454 97 53 xxx
543 1454 110 53 vii.
612 1454 124 53 dist.
695 1454 83 53 Si
736 1454 110 53 quis
805 1454 207 53 dialecticam
970 1454 193 53 didicerit.
1122 1454 83 53 vt
1163 1454 124 53 inter
1232 1454 97 53 verum

256 1503 85 46 et
298 1503 142 46 falsum
398 1503 185 46 diiudicet
540 1503 100 46 non
597 1503 213 46 improbamus.
768 1503 114 46 quia
839 1503 171 46 secundum
967 1503 199 46 Augustinum
1124 1503 114 46 ipsa
1195 1503 128 46 docet
1266 1503 57 46 do

253 1540 118 46 cere.
332 1540 118 46 docet
411 1540 184 46 addiscere.
555 1540 105 46 sola
621 1540 118 46 scire
700 1540 132 46 facit.
792 1540 79 46 et
831 1540 118 46 dubia
910 1540 132 46 cuncta
1002 1540 158 46 definit.
1121 1540 79 46 Et
1160 1540 158 46 secundum
1265 1540 53 46 ve

254 1577 154 60 nerabilem
372 1577 142 60 Albertum
479 1577 94 60 ipsa
538 1577 71 60 in
573 1577 130 60 omnibus
668 1577 154 60 scientiis
786 1577 106 60 lumen
856 1577 130 60 praebet
951 1577 106 60 recte
1022 1577 236 60 contemplationis.
1223 1577 71 60 eo
1246 1577 71 60 quod

241 1622 118 56 per
309 1622 118 56 eam
376 1622 168 56 scimus
494 1622 118 56 nos
544 1622 118 56 scire

314 1668 216 45 Sequuntur
481 1668 250 45 autoritates
681 1668 216 45 porphyrii
847 1668 117 45 qui
914 1668 183 45 fioruit
1047 1668 183 45 athenis
1163 1668 150 45 tempore

251 1707 177 57 gordiani
384 1707 222 57 imperatoris
562 1707 104 57 qui
621 1707 133 57 cepit
710 1707 118 57 anno
784 1707 163 57 domini.
902 1707 133 57 ccli.
991 1707 104 57 Dic
1050 1707 89 57 ex
1094 1707 222 57 Aristotelis
1257 1707 59 57 mo

245 1760 183 42 numentis
382 1760 183 42 collegit
520 1760 153 42 librum
627 1760 92 42 de
672 1760 183 42 Isagogis
810 1760 92 42 ad
856 1760 229 42 cathegorias
1039 1760 153 42 Arist.
1146 1760 122 42 quem
1222 1760 92 42 in
1253 1760 61 42 ex

255 1793 129 58 ordio
341 1793 129 58 libri
426 1793 215 58 protestatur
598 1793 86 58 se
641 1793 243 58 obseruaturum.
841 1793 100 58 sed
898 1793 86 58 in
941 1793 172 58 Platonis
1070 1793 129 58 Secta
1141 1793 172 58 deprauatus

251 1841 94 49 in
298 1841 172 49 heresim
424 1841 172 49 corruit
549 1841 188 49 pessimam
690 1841 188 49 Astruxit
831 1841 125 49 enim
910 1841 204 49 Plationem
1066 1841 188 49 imitatus
1192 1841 125 49 Calode

246 1878 128 51 mones
331 1878 85 51 et
373 1878 213 51 Cacodemones
543 1878 113 51 esse
614 1878 184 51 animalia.
756 1878 128 51 mente
841 1878 213 51 rationalia.
1011 1878 85 51 et
1054 1878 85 51 ex
1096 1878 170 51 simplici
1210 1878 113 51 elemen

253 1921 76 55 to
291 1921 126 55 corpus
379 1921 126 55 habere
468 1921 139 55 tanquam
569 1921 139 55 alteram
669 1921 126 55 partem
758 1921 101 55 sui.
821 1921 101 55 quod
884 1921 113 55 tante
959 1921 88 55 est
1010 1921 189 55 impossibile
1161 1921 88 55 hic
1212 1921 113 55 etiam
1275 1921 50 55 re

253 1968 163 66 tigioni
371 1968 148 66 xpiane
475 1968 192 66 tentauit.
623 1968 177 66 illudere
756 1968 89 66 et
800 1968 222 66 contumeliam
977 1968 163 66 inferre
1081 1968 236 66 intolerabilem.
