1594 2421
234 270 96 68 Non
289 270 96 68 est
344 270 150 68 necesse
453 270 109 68 esse
521 270 164 68 speecies
644 270 82 68 id
685 270 96 68 est
740 270 123 68 ideas
822 270 96 68 aut
877 270 109 68 vnum
945 270 96 68 ali
1000 270 109 68 quid
1068 270 123 68 extra
1150 270 137 68 multa.
1232 270 82 68 quia

242 327 240 54 vniuersalia
434 327 128 54 sunt
513 327 96 54 in
545 327 208 54 indiuiduis.

237 352 120 72 Omnes
317 352 160 72 scientia
437 352 187 72 comunicant
584 352 160 72 secundum
704 352 134 72 comnia
798 352 174 72 principia
931 352 80 72 ex
971 352 134 72 quibus
1052 352 200 72 demonstrantur

240 407 174 53 Unaquique
374 407 161 53 scientia
494 407 121 53 habet
575 407 255 53 interrogationes
789 407 80 53 et
829 407 228 53 disputationes
1004 407 147 53 proprias.

238 439 273 68 Demonstrationes
468 439 101 68 non
525 439 173 68 augentur
655 439 101 68 per
712 439 144 68 media.
813 439 101 68 sed
870 439 86 68 in
914 439 115 68 post
986 439 173 68 assumpto
1115 439 86 68 et
1158 439 86 68 in
1187 439 115 68 latus.

241 488 189 68 Demonstratio
395 488 142 68 contigit
501 488 165 68 dupliciter
631 488 106 68 velrs
701 488 94 68 quia
761 488 142 68 procedit
867 488 83 68 per
914 488 142 68 effectum
1020 488 106 68 versa
1091 488 118 68 causam
1162 488 106 68 remotam

239 535 120 57 Duplex
323 535 84 57 est
371 535 120 57 scire.
456 535 145 57 scilicet
564 535 96 57 quis
625 535 84 57 est
673 535 72 57 et
709 535 108 57 scire
781 535 133 57 propter
878 535 96 57 quid
926 535 60 57 est

252 575 82 66 In
293 575 177 66 scientiis
429 575 163 66 diuersis
552 575 109 66 sepe
620 575 95 66 vna
674 575 163 66 scientia
796 575 136 66 diciti
891 575 150 66 propter
1000 575 122 66 quid.
1082 575 109 66 alia
1150 575 122 66 quia.
1231 575 82 66 vt
1259 575 54 66 me

239 611 136 66 dicina
335 611 123 66 dicit
417 611 109 66 quod
485 611 150 66 vulnera
594 611 191 66 circularia
744 611 150 66 tardius
853 611 164 66 sanantur
975 611 109 66 quam
1043 611 164 66 oblonga.
1166 611 95 66 sed
1207 611 109 66 proptr

252 677 110 45 quid.
325 677 110 45 illud
398 677 110 45 dicit
471 677 158 45 geometria
593 677 146 45 scilicet
703 677 98 45 quod
764 677 122 45 partes
849 677 110 45 magis
910 677 122 45 distant.

237 693 277 73 Scientes
444 693 323 73 vniuersale
698 693 184 73 sepe
813 693 253 73 nesciut
997 693 369 73 particulare.

237 742 306 69 figurarum
473 742 236 69 maxime
638 742 259 69 faciens
826 742 212 69 scire
968 742 165 69 est
1062 742 212 69 prima
1180 742 188 69 figura

243 777 251 76 Coordinationes
452 777 278 76 praedicamentorum
689 777 97 76 non
744 777 209 76 comincantur
911 777 125 76 vndem
995 777 111 76 quod
1064 777 97 76 est
1120 777 84 76 in
1162 777 97 76 vna
1204 777 111 76 coordi

249 829 164 72 natione.
373 829 96 72 non
427 829 96 72 est
482 829 82 72 in
523 829 123 72 alia.
606 829 110 72 vnde
674 829 151 72 habemus
784 829 110 72 quod
852 829 164 72 essentie
975 829 260 72 predicamentorum
1195 829 110 72 sunt
1249 829 69 72 im-

253 878 166 57 permixte.
381 878 115 57 licet
458 878 102 57 esse
522 878 115 57 eorum
599 878 141 57 poterit
689 878 166 57 permisceri.

256 896 176 71 Ignorantia
395 896 88 71 est
445 896 138 71 duplex.
546 896 151 71 scilicet
659 896 151 71 secundum
772 896 176 71 negationem
910 896 75 71 et
935 896 189 71 dispositionem

254 963 79 53 Si
293 963 146 53 aliquis
399 963 132 53 sensus
492 963 172 53 defecerit
624 963 146 53 necesse
730 963 93 53 est
783 963 172 53 scientiam
916 963 132 53 illius
1008 963 132 53 sensus
1088 963 132 53 deficere

248 1004 137 64 Aliud
339 1004 214 64 addiscimus
507 1004 107 64 per
568 1004 305 64 demonstrationem.
827 1004 137 64 aliud
919 1004 107 64 per
965 1004 198 64 inductionem

244 1046 281 54 Singularium
469 1046 131 54 est
525 1046 150 54 sensus

255 1071 144 76 Omnis
351 1071 240 76 syllogismus
542 1071 112 76 fit
606 1071 160 76 semper
718 1071 112 76 per
782 1071 256 76 tresterminos
990 1071 96 76 et
1038 1071 128 76 duas
1101 1071 224 76 proportiones

260 1119 99 73 Non
317 1119 184 73 contingit
458 1119 99 73 ire
515 1119 85 73 in
558 1119 184 73 infinitum
700 1119 85 73 in
742 1119 255 73 praedicamentis
955 1119 99 73 nec
1012 1119 199 73 ascendendo
1168 1119 99 73 nec
1210 1119 114 73 descen

258 1187 156 42 dendo.
368 1187 109 42 sed
430 1187 203 42 vtrobique
586 1187 109 42 est
633 1187 125 42 status

254 1180 94 89 Que
307 1180 94 89 est
361 1180 188 89 comparatio
508 1180 174 89 principii
642 1180 80 89 ad
683 1180 201 89 principium.
843 1180 121 89 eadem
924 1180 94 89 est
977 1180 188 89 principati
1125 1180 80 89 ad
1152 1180 174 89 principatum

262 1270 224 51 Impossibile
441 1270 104 51 est
501 1270 179 51 infinita
620 1270 194 51 pertransire

252 1282 168 80 Saudeant
378 1282 140 80 genera
476 1282 84 80 et
518 1282 154 80 species
630 1282 154 80 quonido
742 1282 84 80 si
784 1282 126 80 sunt.
868 1282 154 80 monstra
980 1282 126 80 sunt.
1064 1282 84 80 et
1106 1282 84 80 si
1148 1282 98 80 non
1204 1282 126 80 sunt.
1274 1282 56 80 ni

261 1333 94 64 hil
314 1333 81 64 ad
355 1333 148 64 ratione
462 1333 94 64 vel
516 1333 256 64 demonstrationem
731 1333 161 64 prosunt.
852 1333 256 64 demonstrationes
1067 1333 108 64 enim
1135 1333 108 64 hmoi
1202 1333 94 64 non
1242 1333 81 64 sunt

262 1382 102 63 hoc
321 1382 131 63 dicit
408 1382 131 63 ideo.
496 1382 117 63 quia
569 1382 131 63 Plato
656 1382 88 63 in
700 1382 175 63 phedrone
831 1382 102 63 vbi
890 1382 131 63 etiam
977 1382 160 63 inducit
1094 1382 175 63 Docratem
1225 1382 88 63 ad
1254 1382 73 63 sue

262 1416 194 68 opinionis
411 1416 268 68 confirmationem
634 1416 149 68 posuit
739 1416 223 68 vniuersalia
917 1416 134 68 extra
1006 1416 208 68 singularia
1170 1416 104 68 per
1230 1416 89 68 se
1260 1416 74 68 sub

256 1461 148 66 sistere
363 1461 81 66 in
403 1461 148 66 natura.
511 1461 81 66 et
551 1461 107 66 esse
618 1461 215 66 sufficientia
793 1461 81 66 ad
833 1461 215 66 generationem
1008 1461 81 66 et
1048 1461 215 66 corruptionem
1209 1461 81 66 etc.

260 1479 109 82 Unde
329 1479 123 82 multi
410 1479 232 82 decipiebantur
601 1479 191 82 Augustinus
751 1479 136 82 tantum
846 1479 109 82 quia
915 1479 191 82 platonicus
1064 1479 109 82 fuit
1133 1479 164 82 tentauit
1255 1479 82 82 in
1282 1479 55 82 li

264 1550 106 64 bro
325 1550 91 64 de
370 1550 182 64 Ciuitate
507 1550 106 64 dei
568 1550 182 64 Platione
705 1550 198 64 excusare.
857 1550 106 64 sed
918 1550 167 64 Egidius
1039 1550 167 64 Romanus
1161 1550 137 64 dicit
1237 1550 91 64 excu

263 1584 172 71 sationem
392 1584 86 71 ab
435 1584 187 71 Augustino
578 1584 158 71 positam
693 1584 129 71 magis
779 1584 187 71 exaffectu
923 1584 187 71 procedere
1066 1584 115 71 quam
1138 1584 172 71 veritati
1253 1584 86 71 conm

266 1633 179 64 sonare
391 1633 125 64 Cui
463 1633 250 64 assentiunt
659 1633 197 64 Boetius
802 1633 214 64 Albertus
963 1633 179 64 Thomas
1088 1633 250 64 Bonauetura
1267 1633 71 64 et

264 1671 171 66 Scotus
384 1671 223 66 Theologie
555 1671 171 66 lumina
675 1671 205 66 eorumdem
829 1671 188 66 errorem
966 1671 188 66 Platoni
1086 1671 205 66 imponentes

265 1720 241 61 Qualitatis
454 1720 120 61 non
523 1720 120 61 est
592 1720 206 61 qualitas
746 1720 138 61 Unum
832 1720 241 61 predicatur
1021 1720 103 61 de
1056 1720 103 61 vno.

269 1770 255 59 Demonstratio
476 1770 239 59 vniuersalis
667 1770 239 59 particulari
859 1770 112 59 est
907 1770 127 59 potior

265 1817 229 61 Affirmatiua
448 1817 153 61 potior
555 1817 107 61 est
616 1817 199 61 negatiua.
769 1817 122 61 quia
830 1817 122 61 prior.

268 1837 245 76 Demonstratio
467 1837 199 76 ostensiua
620 1837 153 76 potior
727 1837 107 76 est
789 1837 169 76 ducente
911 1837 92 76 ad
942 1837 199 76 impossibile

288 1877 133 81 Potior
381 1877 93 81 est
434 1877 212 81 demonstratio
606 1877 93 81 que
659 1877 93 81 est
712 1877 80 81 de
752 1877 106 81 esse
818 1877 106 81 quam
885 1877 93 81 que
938 1877 93 81 non
991 1877 93 81 est
1044 1877 80 81 de
1070 1877 93 81 esse.

279 1919 182 79 Uniuersale
422 1919 91 79 non
474 1919 91 79 est
526 1919 117 79 minus
603 1919 91 79 ens
655 1919 104 79 quam
720 1919 195 79 particulare
876 1919 91 79 sed
928 1919 117 79 maius
1006 1919 104 79 quia
1071 1919 117 79 ipsum
1148 1919 91 79 est
1187 1919 156 79 incorrupti

271 1966 121 85 bile.
351 1966 201 85 particulare
512 1966 107 85 vero
579 1966 228 85 corruptibile.
767 1966 81 85 ex
808 1966 94 85 quo
862 1966 81 85 et
902 1966 121 85 multm
982 1966 134 85 dictis
1076 1966 121 85 aliis
1157 1966 81 85 in
1197 1966 107 85 isto
1251 1966 94 85 libro
