1581 2423
247 267 152 59 Quedam
353 267 122 59 sunt
430 267 168 59 semper.
551 267 152 59 quedam
658 267 91 59 vt
704 267 228 59 frequenter.
887 267 91 59 vt
932 267 107 59 non
993 267 137 59 omnes
1085 267 198 59 masculini
1222 267 91 59 sunt

249 319 164 52 barbati
368 319 89 52 in
413 319 179 52 maxillis
547 319 149 52 semper
652 319 104 52 sed
711 319 89 52 vt
741 319 179 52 frequenter

246 365 96 47 Ex
294 365 255 47 singularibus
501 365 176 47 oportet
629 365 239 47 vniuersalia
804 365 160 47 accipere

243 391 238 65 Equiuocationes
441 391 119 65 magis
521 391 132 65 latent
614 391 79 65 in
653 391 225 65 vniversalibus
839 391 106 65 quam
905 391 79 65 in
932 391 185 65 inferioribus

250 454 152 49 fiuuius
361 454 125 49 magis
444 454 125 49 fluit
527 454 83 49 in
569 454 111 49 fine
638 454 152 49 mensis.
749 454 111 49 quia
818 454 125 49 finis
901 454 139 49 mensis
998 454 97 49 est
1054 454 166 49 humidior
1178 454 111 49 quia
1234 454 83 49 luna

936 483 139 74 (onium
1034 483 125 74 habet
1117 483 125 74 super
1187 483 125 74 humida.

250 489 139 49 Omnis
342 489 139 49 arbor
435 489 155 49 habens
544 489 124 49 lata
621 489 139 49 folia
699 489 108 49 fiuit

243 527 158 64 Nluere
354 527 111 64 est
417 527 158 64 succum
528 527 190 64 densatum
655 527 142 64 habere.

243 581 121 45 Causa
323 581 94 45 est
377 581 121 45 prior
458 581 81 45 eo
498 581 121 45 cuius
579 581 94 45 est
633 581 135 45 causa.
727 581 81 45 et
768 581 94 45 hoc
821 581 81 45 ad
862 581 121 45 minus
943 581 162 45 secundum
1050 581 135 45 naturam.

238 603 126 65 Omne
317 603 158 65 animal
428 603 158 65 habens
538 603 158 65 cornua
648 603 142 65 caret
743 603 189 65 dentibus
885 603 95 65 in
933 603 205 65 superiori
1090 603 205 65 mandibula
1232 603 95 65 quia

251 661 157 48 materia
365 661 157 48 dentium
479 661 172 48 vertitur
608 661 86 48 in
637 661 114 48 cornua

254 698 101 63 Ex
305 698 152 63 sensu
406 698 101 63 in
457 698 152 63 nobis
558 698 118 63 fit
625 698 202 63 memoria.
777 698 101 63 ex
828 698 169 63 multis
946 698 202 63 memoriis
1081 698 202 63 expimentum

250 740 202 50 Uniuersale
408 740 188 50 quiescens
553 740 87 50 in
596 740 130 50 anima
683 740 101 50 est
740 740 202 50 principium
899 740 130 50 artis
986 740 87 50 et
1015 740 144 50 scientie

256 780 154 64 Sentire
368 780 98 64 est
424 780 210 64 singularis.
592 780 98 64 sed
649 780 140 64 sensus
747 780 98 64 est
789 780 182 64 vniuersalis

253 809 214 71 Principiorum
426 809 147 71 habitus
533 809 94 71 non
587 809 94 71 est
640 809 160 71 scientia
761 809 94 71 sed
801 809 187 71 intellectus.

254 868 210 48 Uniuersale
419 868 105 48 est
479 868 120 48 vnum
554 868 90 48 in
599 868 150 48 multis
704 868 90 48 et
749 868 120 48 vnum
824 868 150 48 preter
914 868 105 48 multa

260 910 210 58 Principia
421 910 113 58 non
486 910 242 58 cognoscimus
679 910 113 58 per
744 910 307 58 demonstrationem
1002 910 113 58 sed
1067 910 113 58 per
1115 910 210 58 inductionem

252 956 128 67 vie.
332 956 160 67 sensus
444 956 96 67 et
476 956 144 67 memorie

468 997 81 54 â‹
500 997 242 54 Autoritates
694 997 145 54 super
791 997 161 54 libros
904 997 210 54 topicorum
1049 997 145 54 Aristo.

240 1028 140 58 Topos
334 1028 124 58 enim
411 1028 140 58 grece
504 1028 140 58 locus
597 1028 171 58 dicitur
721 1028 109 58 vel
783 1028 124 58 idem
861 1028 109 58 est
923 1028 124 58 quod
1000 1028 155 58 totum.
1109 1028 140 58 Locus
1202 1028 124 58 enim
1264 1028 62 58 in

249 1080 192 53 dialectica
400 1080 110 53 siue
469 1080 137 53 logica
565 1080 96 53 que
620 1080 151 53 species
730 1080 96 53 est
785 1080 206 53 philosophie
949 1080 137 53 duplex
1045 1080 110 53 est.
1114 1080 165 53 scilicet
1224 1080 96 53 itrin

254 1120 128 56 secus
339 1120 86 56 et
382 1120 214 56 extrinsecus
553 1120 114 56 etc.
625 1120 86 56 et
668 1120 86 56 de
710 1120 100 56 his
767 1120 186 56 tractatur
910 1120 86 56 in
953 1120 100 56 hoc
1010 1120 128 56 libro
1096 1120 200 56 Dialectica
1238 1120 86 56 vero

249 1175 169 45 dicitur
372 1175 77 45 a
402 1175 108 45 dia
464 1175 92 45 et
510 1175 138 45 logos
602 1175 138 45 quasi
695 1175 154 45 dualis
802 1175 154 45 sermo.
910 1175 123 45 quia
987 1175 215 45 disputatio
1140 1175 185 45 dialectica

252 1215 101 44 fit
309 1215 129 44 inter
395 1215 129 44 duos.
482 1215 173 44 scilicet
611 1215 201 44 opponentem
770 1215 86 44 et
813 1215 230 44 respondentem
1000 1215 101 44 Uel
1057 1215 173 44 secundum
1172 1215 173 44 Tortellium

259 1249 194 53 Dialectica
412 1249 153 53 dicitur
523 1249 69 53 a
551 1249 319 53 grecovboDialegomai.
828 1249 83 53 id
870 1249 97 53 est
925 1249 180 53 disputare
1064 1249 111 53 quia
1134 1249 97 53 est
1189 1249 97 53 ars
1231 1249 97 53 dispu

255 1302 164 52 tatoria
375 1302 149 52 docens
479 1302 209 52 discernere
644 1302 134 52 rerum
733 1302 164 52 causas.
853 1302 224 52 intellectum
1032 1302 149 52 mentis
1137 1302 164 52 acuens.
1241 1302 90 52 vera

254 1332 92 57 que
306 1332 66 57 a
333 1332 131 57 falsis
425 1332 184 57 distiguens
569 1332 92 57 Uel
622 1332 158 57 secundum
740 1332 118 57 alios
819 1332 145 57 dicitur
924 1332 66 57 a
951 1332 118 57 greco
1030 1332 145 57 nomnine
1135 1332 118 57 lexis
1214 1332 105 57 quod
1266 1332 66 57 est

249 1377 140 53 dictio
347 1377 154 53 latine.
460 1377 84 53 eo
502 1377 112 53 quod
572 1377 84 53 in
614 1377 112 53 illa
684 1377 84 53 de
726 1377 140 53 dictis
811 1377 183 53 disputetur.

471 1391 83 86 â‹
505 1391 216 86 Sequuntur
670 1391 216 86 autorita.
836 1391 149 86 primi
936 1391 149 86 libri
1019 1391 182 86 topicorum

323 1456 233 68 Numquodque
506 1456 199 68 primorum
656 1456 266 68 principiorum
871 1456 116 68 est
938 1456 199 68 sibiipsi
1071 1456 116 68 fides

250 1499 130 67 Non
325 1499 130 67 enm
399 1499 148 67 omne
491 1499 148 67 quod
584 1499 204 67 videtur
732 1499 241 67 probabile
917 1499 130 67 est
973 1499 222 67 probabile.

249 1539 195 71 Dialectica
402 1539 97 71 est
458 1539 139 71 vtilis
555 1539 83 71 ad
597 1539 125 71 tria.
680 1539 167 71 scilicet
805 1539 83 71 ad
847 1539 250 71 exercitationem
1056 1539 83 71 ad
1098 1539 223 71 obuiationem.
1278 1539 83 71 et

261 1589 89 61 ad
306 1589 178 61 secundum
440 1589 238 61 philosophiam
618 1589 208 61 disciplinas.

261 1619 231 69 Dialectica
443 1619 248 69 inquisitiua
642 1619 99 69 ad
691 1619 116 69 oim
757 1619 231 69 methodorum
939 1619 215 69 principia
1104 1619 132 69 viam
1170 1619 116 69 habet

262 1676 139 65 Rhetor
359 1676 97 65 non
415 1676 139 65 semper
512 1676 208 65 persuadebit
678 1676 97 65 nec
734 1676 139 65 medico
831 1676 139 65 semper
928 1676 153 65 sanabit
1039 1676 97 65 sed
1094 1676 111 65 tunc
1164 1676 97 65 suo
1205 1676 125 65 satisfa

269 1725 86 46 cit
318 1725 135 46 officio
416 1725 122 46 quando
501 1725 110 46 nihil
575 1725 135 46 omittit
673 1725 73 46 de
710 1725 233 46 contingentibus.
905 1725 86 46 sic
954 1725 110 46 etiam
1028 1725 86 46 est
1077 1725 73 46 de
1114 1725 171 46 dialectico
1236 1725 98 46 respec

1117 1758 107 62 (tu
1178 1758 138 62 artis
1254 1758 77 62 sue

266 1762 196 61 Defiuitio
417 1762 106 61 est
477 1762 151 61 oratio
583 1762 166 61 indicas
704 1762 121 61 quid
780 1762 106 61 est
840 1762 121 61 esse
900 1762 76 61 rei

270 1813 200 48 Proprium
420 1813 116 48 est
487 1813 133 48 quod
570 1813 116 48 est
620 1813 249 48 inseparabile.

271 1814 122 84 Nemo
347 1814 122 84 enim
423 1814 183 84 proprium
561 1814 137 84 dicit
653 1814 122 84 quod
729 1814 199 84 contingit
882 1814 122 84 alii
943 1814 122 84 inesse

265 1882 180 65 Accidens
400 1882 105 65 est
460 1882 120 65 quod
535 1882 135 65 adest
625 1882 90 65 et
670 1882 150 65 abest.
776 1882 90 65 vt
821 1882 135 65 supra
911 1882 150 65 dictum
1001 1882 75 65 est

263 1903 195 85 Accidens
409 1903 146 85 facit
506 1903 130 85 vnum
587 1903 162 85 numero
701 1903 114 85 cum
766 1903 114 85 suo
831 1903 211 85 subiecto.
993 1903 130 85 vnde
1074 1903 227 85 accidentia
1237 1903 97 85 nume

258 1982 176 63 rantur
381 1982 264 63 numeratione
575 1982 246 63 subiectorum.
