1599 2423
288 267 106 64 rei
348 267 136 64 passe
439 267 212 64 passionem.
605 267 91 64 et
651 267 136 64 ipsam
741 267 106 64 rem
802 267 151 64 passam
907 267 121 64 siue
983 267 136 64 actum
1059 267 196 64 intermedium

297 315 214 61 Equiuocorum
468 315 100 61 non
525 315 100 61 est
583 315 200 61 definitio.
740 315 114 61 vnde
811 315 143 61 solius
911 315 157 61 vniuoci
1026 315 100 61 est
1068 315 172 61 definitio.

298 358 125 65 Illud
382 358 97 65 est
437 358 195 65 superfiuum
590 358 83 65 in
632 358 209 65 definitione
799 358 111 65 quie
868 358 139 65 ablato
966 358 111 65 quod
1035 358 153 65 remanet
1147 358 125 65 satis
1216 358 167 65 manifestat

1184 411 103 64 (quod
1241 411 126 64 definitur

282 399 133 55 Omne
366 399 216 55 consuetum
532 399 116 55 est
582 399 166 55 obscurum

296 442 118 73 Omnes
375 442 223 73 transferentes
558 442 79 73 se
598 442 157 73 secundum
716 442 144 73 aliquam
821 442 223 73 similitudinem
1004 442 79 73 se
1030 442 184 73 transferunt.

300 481 137 62 Imago
391 481 107 62 est
452 481 137 62 cuius
544 481 199 62 generatio
697 481 107 62 est
758 481 107 62 per
804 481 229 62 similitudinem

293 532 100 58 Qui
350 532 115 58 bene
422 532 158 58 definit
536 532 186 58 contraria
666 532 229 58 consignificat.

283 567 159 50 Flegma
394 567 111 50 est
458 567 175 50 humidum
585 567 159 50 primum
696 567 79 50 a
727 567 143 50 cibus
807 567 190 50 indigestum

291 612 165 66 Defnitio
415 612 124 66 debet
498 612 110 66 dari
566 612 96 66 per
621 612 138 66 priora
718 612 83 66 et
759 612 165 66 notiora.
883 612 110 66 quia
951 612 124 66 omnis
1034 612 165 66 doctrina
1158 612 83 66 et
1199 612 124 66 omnis
1268 612 96 66 disci

297 656 128 46 plina
382 656 85 46 ex
425 656 185 46 prioribus
567 656 85 46 et
610 656 199 46 notioribus
752 656 71 46 fit

287 702 85 60 Si
329 702 199 60 vniuersali
486 702 128 60 dicto
571 702 156 60 addatur
684 702 85 60 et
727 702 213 60 particulare
898 702 85 60 et
940 702 156 60 econtra
1054 702 99 60 est
1096 702 185 60 superfluum.

290 741 121 63 Unius
370 741 80 63 et
410 741 147 63 eiusdem
517 741 94 63 rei
571 741 94 63 non
625 741 147 63 possunt
732 741 107 63 esse
799 741 134 63 plures
892 741 228 63 definitiones.
1080 741 94 63 sed
1134 741 134 63 tantum
1214 741 67 63 vna

285 788 112 62 Omis
355 788 112 62 bona
425 788 182 62 definitio
565 788 126 62 debet
649 788 168 62 constare
775 788 84 62 ex
817 788 140 62 genere
914 788 84 62 et
956 788 238 62 differentiis.
1152 788 112 62 quia
1222 788 112 62 ista
1278 788 84 62 sunt

286 826 144 49 priora
386 826 86 49 et
429 826 158 49 notiora
545 826 115 49 quam
617 826 158 49 species
732 826 101 49 que
775 826 158 49 definitur

283 868 225 61 Simpliciter
463 868 135 61 notum
553 868 105 61 est
613 868 120 61 quod
687 868 165 61 omnibus
807 868 135 61 notum
882 868 90 61 est.

872 910 69 62 e
900 910 97 62 est
955 910 111 62 vnum
1024 910 166 62 cognosci
1149 910 138 62 absque
1232 910 124 62 reliqui

290 909 222 63 Oppositorum
468 909 104 63 est
527 909 133 63 eadem
601 909 178 63 disciplina

291 952 77 54 In
330 952 192 54 definitione
483 952 115 54 vnius
560 952 192 54 correlatiui
713 952 141 54 dicitet
816 952 102 54 poni
880 952 154 54 relatnum
995 952 77 54 et
1033 952 154 54 econtra.
1148 952 102 54 quia
1199 952 154 54 impossibi-

1024 1004 87 55 (quia
1082 1004 58 55 in
1111 1004 144 55 generatione
1226 1004 125 55 propinqui
1313 1004 48 55 fit

293 994 116 59 Dies
365 994 101 59 est
423 994 130 59 latio
510 994 130 59 solis
597 994 290 59 superhemisperium
829 994 130 59 nostrum

284 1035 90 66 In
329 1035 210 66 definitioe
494 1035 210 66 cuiuslibet
658 1035 105 66 rei
718 1035 105 66 non
778 1035 135 66 debet
868 1035 120 66 poni
943 1035 135 66 genus
1033 1035 210 66 propinquum
1197 1035 90 66 et
1227 1035 135 66 remotum

282 1071 186 71 Brammatica
428 1071 93 71 est
481 1071 159 71 scientia
600 1071 172 71 scribendi
733 1071 80 71 et
773 1071 119 71 recte
852 1071 212 71 intelligendi
1025 1071 119 71 illud
1104 1071 106 71 quod
1157 1071 133 71 profertu

275 1128 130 56 Omnis
361 1128 217 56 differentia
535 1128 188 56 specifica
679 1128 101 56 cum
737 1128 145 56 genere
838 1128 130 56 facit
910 1128 145 56 speciem.

281 1167 139 59 Senus
373 1167 108 59 per
435 1167 93 59 se
481 1167 108 59 non
543 1167 216 59 predicatur
713 1167 93 59 de
744 1167 216 59 differentia.

283 1204 84 82 In
325 1204 209 82 definitione
492 1204 153 82 proprie
604 1204 181 82 passionis
744 1204 126 82 debet
827 1204 112 82 poni
897 1204 195 82 subiectum.
1051 1204 112 82 quia
1106 1204 98 82 causa

281 1255 138 51 Omnis
373 1255 199 51 definitio
526 1255 123 51 data
603 1255 107 51 per
664 1255 184 51 accidens
802 1255 107 51 est
848 1255 199 51 vituperanda

281 1291 193 70 Definitio
430 1291 119 70 data
504 1291 104 70 per
563 1291 252 70 coniunctionem
771 1291 208 70 copulatiua
934 1291 104 70 vel
993 1291 237 70 disiunctiuam
1171 1291 193 70 vituperanda

276 1346 121 50 est.
351 1346 91 50 Et
397 1346 106 50 hoc
457 1346 121 50 nisi
533 1346 91 50 in
578 1346 91 50 ea
623 1346 181 50 innuatur
759 1346 151 50 quedam
850 1346 151 50 diuisio.

281 1381 127 57 finis
365 1381 84 57 in
408 1381 183 57 vnoquique
548 1381 98 57 est
604 1381 155 57 optimum
717 1381 127 57 grata
801 1381 127 57 cuius
886 1381 113 57 sunt
956 1381 127 57 alia.
1041 1381 113 57 Oens
1111 1381 155 57 honorem
1209 1381 141 57 appetunt

292 1417 211 66 Impossibile
461 1417 99 66 est
517 1417 211 66 incorporeum
687 1417 155 66 corpori
799 1417 211 66 commisceri.
968 1417 99 66 Ita
1025 1417 113 66 quod
1095 1417 85 66 ex
1138 1417 99 66 eis
1194 1417 113 66 fiat
1250 1417 113 66 mixtum

288 1464 111 72 Non
352 1464 143 72 solum
447 1464 111 72 qui
511 1464 127 72 clam
591 1464 143 72 sumit
686 1464 111 72 sed
750 1464 143 72 etiam
845 1464 111 72 qui
909 1464 127 72 vult
989 1464 127 72 clam
1068 1464 159 72 sumere
1180 1464 143 72 latro
1259 1464 80 72 est

275 1503 161 61 Eiusdem
392 1503 102 61 non
451 1503 117 61 sunt
524 1503 146 61 plures
612 1503 205 61 definitiones

481 1544 251 52 Autoritates.
684 1544 125 52 vii.
763 1544 204 52 topicorum
904 1544 141 52 Aristo.

320 1585 160 66 Uecumque
440 1585 107 66 sunt
507 1585 120 66 eadem
587 1585 200 66 simpliciter
747 1585 120 66 eorum
827 1585 214 66 generationes
1001 1585 80 66 et
1041 1585 214 66 corruptiones
1214 1585 107 66 sunt
1268 1585 93 66 eedem

303 1610 170 97 Oportet
427 1610 93 97 id
473 1610 124 97 quod
550 1610 155 97 maxime
659 1610 170 97 dicitur
782 1610 93 97 et
829 1610 170 97 optimum
952 1610 124 97 vnum
1030 1610 124 97 esse
1091 1610 124 97 numero

277 1673 100 55 Que
334 1673 100 55 vni
391 1673 86 55 et
434 1673 128 55 eidem
519 1673 100 55 non
576 1673 114 55 sunt
648 1673 128 55 eadem
733 1673 128 55 inter
819 1673 86 55 se
862 1673 100 55 non
919 1673 114 55 sunt
976 1673 114 55 eadem.

276 1718 162 53 facilius
398 1718 95 53 est
452 1718 176 53 destruere
587 1718 108 53 quam
655 1718 176 53 costruere
790 1718 81 53 et
831 1718 189 53 corrumpere
979 1718 108 53 quam
1033 1718 122 53 facere.

282 1766 125 46 Inter
365 1766 111 46 omia
435 1766 194 46 praedicata
587 1766 222 46 difficilimum
768 1766 97 46 est
823 1766 194 46 construere
962 1766 208 46 definitionem.

275 1799 197 51 Accidens
422 1799 131 51 vero
505 1799 230 51 construere
685 1799 230 51 facillimum
850 1799 82 51 est

276 1848 207 77 Uerisimile
439 1848 133 77 autem
528 1848 104 77 est
587 1848 89 77 in
631 1848 148 77 multis
735 1848 133 77 magis
823 1848 133 77 fieri
912 1848 177 77 peccatum
1045 1848 118 77 quam
1119 1848 89 77 in
1149 1848 118 77 paucis

453 1889 185 50 Autorita.
596 1889 157 50 octaui.
710 1889 128 50 libro
781 1889 157 50 topicorum

342 1928 84 63 Na
384 1928 169 63 scientia
510 1928 98 63 vel
567 1928 197 63 disciplina
721 1928 98 63 est
777 1928 140 63 melior
876 1928 140 63 altera
974 1928 98 63 vel
1030 1928 112 63 quia
1100 1928 154 63 certior
1213 1928 98 63 vel
1255 1928 84 63 quia

280 1959 163 81 nelior
394 1959 114 81 est
459 1959 98 81 id
508 1959 114 81 est
574 1959 98 81 de
623 1959 180 81 meliori
753 1959 196 81 subiecto
900 1959 98 81 vt
933 1959 212 81 metaphysica
