2251 3264
705 716 1088 763 Al the decrees of
705 779 1057 829 Christian faith
688 842 1055 890 withe everye
703 905 1051 954 waye howe to
706 974 1058 1019 live rightlye,
710 1033 1055 1078 well, and holi
706 1100 1045 1145 ly, and finally,
354 1156 1057 1204 al true and hea
185 1222 1062 1274 venly wisdome, have alwaies been fet
194 1285 1054 1339 ched out of the testimonies or deter
187 1348 1054 1401 minate iudgements of the worde of
187 1413 1058 1465 God : neither can they, by those which
190 1477 1047 1529 are wise men indeed, or by the faithful
184 1540 1054 1592 et those which are called by God to the
180 1604 1049 1655 ministerie of the Churches, be drawn,
187 1668 1056 1720 taught, or last of all, soundly confirmed
179 1732 1053 1781 from elsewhere than out of the worde
190 1796 1048 1846 of God. Therefore, whosoever is igno
189 1860 1050 1910 rant what the worde of God, and the
190 1923 1048 1973 meaning of the word of God is, he soe
189 1987 1044 2036 meth to be as one blind, deafe, et with
186 2050 1050 2100 out wit, in the Temple of the Lord, in
192 2113 1052 2164 the schoole of Christ, and lastly, in the
185 2176 1055 2227 reading of the very sacred Scriptures.
193 2240 1054 2290 But whereas some are nothing zealous,
187 2303 1050 2352 but very hardly drawn to the hearing
187 2366 1050 2415 of sermons in ye church, that springeth
188 2429 1046 2479 out of no other fountaine than this,
190 2493 1049 2540 which is, bicause they do neither right
190 2559 1057 2608 ly understand, nor diligently ynough
183 2622 1051 2668 weigh the vertue, and true force of the
191 2684 1054 2732 word of God. That nothing therefore
197 2747 1053 2795 may cause the zealous desirers of the
191 2810 1053 2858 truth, and the word of God to staie on
200 2875 1056 2922 this point : but rather that that esti
188 2938 1088 2985 mation of Gods word, which is due un
189 3002 1088 3049 to it, may be laid up in al mens harts,
193 3070 1088 3117 I wil (by Gods helpe) laie foorth un
1104 716 1964 763 to you (deerely beloved) those things
1105 780 1965 826 which a godly man ought to think, and
1101 842 1969 890 hold as concerning the word of God.
1105 908 1975 953 And pray ye earnestly ad continual
1106 969 1968 1019 ly to our bountiful God, that it may
1103 1031 1973 1083 please him to give to me his holie and
1102 1096 1975 1145 effectual polver to speake, and to you
1107 1160 1978 1210 the opening of your eares and minds,
1110 1224 1969 1271 so that in all that I shal say, the Lords
1102 1287 1972 1336 name may be praised, and your soules
1101 1350 1636 1398 be profited abundantly.
1169 1414 1959 1466 First I have to declare what the
1098 1477 1960 1524 worde of God is. Verbum in the scrip
1097 1542 1964 1588 tures, and according to the verie pro
1102 1605 1962 1654 pertie of the Hebrew toong is diversly
1106 1669 1960 1716 taken. For it signifieth what thing so
1098 1733 1972 1780 ever a man will, even as among the
1108 1796 1957 1844 Germanes, the worde Ding, is most
1102 1860 1958 1907 largely used. In S. Luke, the Angell of
1103 1923 1965 1969 God saith to the belessed virgine, With
1098 1983 1961 2033 God shall no worde be unpossible,
1105 2051 1966 2098 which is all one, as if he had saide, all
1101 2113 1970 2161 things are possible to God, or to God
1112 2177 1966 2227 is nothing unpossible. Verbum also sig
1102 2242 1970 2287 nifieth a word uttered by the mouth of
1102 2304 1970 2354 man. Somtime it is used for a charege,
1100 2367 1962 2416 sometime for a whole sentence or speech
1099 2432 1969 2479 or prophesie: whereof in the scriptures
1101 2494 1970 2543 there are manie examples. But when
1100 2556 1967 2608 Verbum is ioined with any thing else,
1106 2621 1972 2668 as in this place we call it Verbum Dei,
1105 2685 1963 2731 then it is not used in the same signifi
1104 2747 1970 2796 cation. For Verbum Dei, The word of
1105 2811 1957 2859 God, doth signifie the vertue and polver
1093 2875 1959 2923 of God : it is also put for the Sonne of
1088 2940 1960 2987 God, which is the second person in the
1088 3004 1964 3051 most reverend Trinite. For that say
1088 3068 1962 3118 ing of the holie Evangelist is evident
