2306 3264
222 168 1127 263 and some of the wordes and deedes of
221 244 1115 329 the Apostles. Other some sent sundry
234 309 1120 392 Epistles to divers Nations. In all
232 371 1120 457 which, to confirme the trueth, they use
223 440 1126 522 the Scripture of the lawe and the pro
226 500 1125 590 phetes, even as we read, that the Lord
221 566 1130 651 oftentimes did. Moreover to the
238 630 1129 711 twelve Apostles are ioyned two great
226 692 1125 782 lights of the world, Iohn Baptist then
234 763 1120 843 whome there was never anye more
222 821 1125 909 holy borne of women, and the cho
220 884 1134 973 sen vessell Paule, the great teacher of
226 953 554 1030 the Gentiles.
287 1011 1125 1100 Neyther is it to be merveyled at,
223 1083 1124 1164 that the forerunner and Apostles of
228 1149 1124 1229 Christ had alwayes verie great digni
226 1214 1115 1296 tie, and authoritie in the Church. For,
225 1276 1115 1359 even as they were the Embassadours
222 1341 1117 1427 of the eternall king of all ages, and of
215 1405 1113 1488 the whole world: so being indued with
224 1470 1122 1553 the spirite of God, they did nothing ac
213 1530 1126 1619 cording to the judgement of their own
211 1600 1122 1681 minds. And the Lord by their ministe
215 1663 1118 1745 rie wrought great miracles, therby to
215 1727 1116 1812 garnish the ministerie of them, and to
212 1790 1109 1871 commend their docrine unto us. And
216 1857 1120 1942 what may be thought of that, moreo
223 1919 1119 2008 ver, that by that word of God they did
214 1984 1115 2066 convert the whole worlde gatheringe
216 2052 1120 2136 together, and laying the foundations
214 2113 1109 2195 of notalbe churches throughout the
215 2176 1116 2262 compasse of the world: which verily by
210 2240 1113 2321 mans counsell and wordes, they had
215 2308 1117 2386 never bene able to have brought to
211 2371 1120 2454 passe. To this is further added, that
215 2438 1111 2525 they which once leaned to this doctrin,
207 2496 1116 2579 as a doctrine giving life, did not refuse
217 2564 1114 2644 to dye. Besides that howe many soe
216 2629 1112 2709 ver had their beleefe in the doctrine of
221 2694 1108 2774 the Gospel, they were not afraid tho
215 2755 1111 2839 rough water, fire, & swordes to cut off
217 2818 1117 2904 this life, and to lay hand on the life to
216 2879 1114 2964 come. The faithful saints could in no
209 2947 1113 3032 wise have done these things, unles the
221 3012 1115 3106 doctrine which they beloved had beene
214 3078 424 3172 of God.
1189 164 2067 268 Although therfore, that the Apostles
1168 248 2062 327 were men, yet their docrine, first of all
1162 307 2067 394 taught by a lively expressed voice, and
1165 376 2066 459 after that, set downe in writing with
1166 442 2055 527 pen and yncke, is the docrine of God.
1168 507 2062 588 and the very true worde of God. For
1162 564 2067 654 therefore the Apostle left this saying in
1167 631 2063 718 writing, when ye did receive the word
1172 696 2054 787 of God which yee heard of us, yee re
1166 761 2080 843 ceived it not as the worde of men, but
1173 823 2067 906 as it is indeede, the worde of God,
1171 890 2067 981 which efteetually worketh in you that
1172 956 1384 1031 beleeve.
1227 1014 2067 1100 But nowe, the matter it selfe and
1170 1086 2055 1168 place require that I gather also and
1164 1150 2057 1237 plainely reckon up those bookes, wher
1162 1213 2057 1297 in is conteyned the very word of God,
1166 1280 2067 1356 first of all declared of the Fathers, of
1160 1341 2064 1425 Christ himelfe, and the Apostles by
1162 1404 2065 1489 word of mouth, & after that also writ
1171 1471 2067 1548 ten into bookes by the Prophetes and
1160 1531 2062 1616 Apostles. And in the first place veri
1168 1595 2067 1681 ly are set the five bookes of Moses,
1162 1661 2067 1741 Then followe the bookes of losue, of
1163 1723 2063 1808 Iudges, of Ruth, two bookes of samu
1164 1790 2067 1875 el, two of Kinges, two of Chronicles,
1160 1853 2066 1935 of Esdras, Nehemias, and Hester one a
1157 1916 2066 2006 piece. After these come Iob, David or
1160 1981 2066 2066 the booke of Psalmes, Proverbes, Ec
1171 2044 2067 2127 clesiastes, and Cantica. With them are
1163 2112 2066 2199 numbred the foure greater Prophetes
1160 2176 2062 2255 Esaias, leremias, Ezechiel, and Da
1162 2234 2066 2329 niel: then the twelve lesser Prophetes,
1174 2299 2066 2385 whose names are verie well knowen :
1176 2367 2067 2452 With these bookes the olde Testa
1162 2433 2066 2511 ment ended. The newe Testament
1164 2497 2062 2586 hath in the beginning the Evangeli
1162 2560 2066 2641 call historie of Christ the Lorde, writ
1153 2626 2066 2710 ten by foure Authours, that is, by two
1155 2690 2065 2784 Apostles, Mathew and Iohn: and by
1153 2756 2064 2838 two Disciples, Marke and Luke: who
1156 2820 2067 2909 compiled a wonderfull goodlye and
1160 2882 2066 2972 profitable booke of the Actes of the
1162 2946 2067 3033 Apostles. Paule to sundrie Churthes
1163 3009 2020 3111 and persons published 14 Epistles.
1165 3077 2067 3176 The other Apostles wrote 7. which
