2306 3264
293 205 1168 251 to all men, The word was mad flesh.
292 271 1168 318 But in this treatise of ours, the word
299 334 1177 382 of God doth properly signify the speech
301 398 1166 446 of God, and the revealing of Gods
308 460 1170 511 will, first of all uttered in a livelie ex
299 527 1175 581 pressed voice by the mouth of Christ,
301 591 1165 637 the Prophets and Apostles, and after
310 656 1171 702 that againe registred in writinges,
312 716 1165 762 which are rightly called holie and di
312 779 1170 825 vine Scriptures. The word doth shew
307 842 1170 894 the mind of him, out of whom it com
310 906 1179 956 meth : therefore the worde of God
310 971 1173 1019 doth make declaration of God. But
305 1035 1176 1082 God of himselfe naturally speaketh
308 1099 1173 1147 truth, he is iust, good, pure, immortall,
311 1162 1178 1211 eternall, therefore it followeth, that
312 1226 1167 1275 the word of God also, which commeth
305 1290 1165 1340 out of the mouth of God is true, iust,
312 1351 1172 1403 without deceit and guile, without er
310 1418 1176 1468 ror or evill affection, holie, pure, good,
310 1481 1182 1528 immortall, and everlasting. For in
314 1541 1177 1592 the Gospell, saith the Lord, Thy word
307 1607 1165 1655 is truth. And the Apostle Paule saith,
318 1670 1170 1718 The word of God is not tied. Againe,
310 1737 1176 1783 the Scripture everie where crieth,
313 1797 1167 1842 The word of the Lorde endureth for
318 1859 1179 1909 ever. And salomon saith: Everie
311 1924 1172 1969 word of God is purely clensed. Adde
309 1986 1166 2034 though nothing ot his words, least per
312 2049 1167 2099 adventure he reproove thee, et thou
309 2116 1167 2160 be founde a lier. David also saith :
314 2177 1166 2223 The sayings of the Lord are pure
316 2239 1167 2288 sayings even as it were silver clensed
305 2302 1165 2352 in the fire, and seven times fined from
318 2367 548 2416 the earth.
384 2434 1170 2482 This you shall more fully perceive
318 2497 1162 2545 (doerely beloeved) if I speake some
309 2560 1168 2609 what more largely of hte cause, or be
303 2626 1166 2676 ginning and certaintie of the word of
309 2686 1166 2736 God. The word of God is truth: but
317 2749 1166 2795 God is the onlie welspring of truth :
308 2812 1166 2859 therefore God is the beginning and
308 2877 1170 2926 cause of the word of God. And heere
310 2942 1163 2988 indeede God, since hee hath not mem
302 3006 1162 3053 bers like to mortall men, wanteth
307 3073 1155 3122 also a bodilie mouth : yet neverthe
1225 209 2096 258 lesse, bicause the mouth is the instru
1216 272 2089 322 ment of the voice, to God is a mouth
1222 333 2095 386 attributed. For he spake to men in
1213 399 2088 449 the voice of a man, that is, in a voice
1222 463 2090 513 easily understood of men, and fashio
1219 527 2089 577 ned according to the speech usually spo
1225 590 2087 640 ken among men. This is evidently to
1221 655 2096 702 be seene in the things wherein he dealt
1222 716 2090 768 with the holie fathers, with whome,
1226 781 2090 832 as with our parents Adam and Eva,
1221 847 2089 895 Noe, and the rest of the fathers, he is
1221 911 2088 954 read to have talked manie and often
1222 971 2095 1021 times. In the mount Sina the Lorde
1229 1036 2096 1083 hiselfe preached to the great congre
1225 1101 2089 1150 gation of Israel rehearsing so plainly,
1222 1163 2098 1211 that they might understand those ten
1216 1227 2092 1273 commandements, wherein is contai
1225 1291 2099 1339 ned eerie point of godlinesse.  For in
1230 1354 2084 1400 the fift of Deuteron. thus we read :
1231 1414 2088 1464 These wordes (meaning the ten com
1225 1480 2091 1524 mandements ) spake the Lorde with
1226 1541 2092 1589 a lowd voice, from out of the mids
1225 1604 2091 1654 of the fire, to the whole congrega
1224 1669 2094 1718 tion. And in the fourth chapter: A
1225 1731 2088 1780 voice of words you heard, but no si
1226 1795 2096 1843 militude did you see beside the voice.
1226 1860 2094 1908 God verily used oftentimes the means
1216 1924 2084 1971 of Angels, by whose ministerie he tal
1214 1987 2086 2035 ked with mortall men. And it is verie
1214 2051 2088 2098 well known to all men, that the sonne
1219 2114 2080 2165 of God the father being incarnate,
1215 2178 2092 2228 walked about in the earth, and being
1217 2241 2080 2289 verie God and man, taught the people
1216 2306 2096 2354 of Israell almost for the space of three
1213 2369 2091 2418 yeeres. But in times past, and before
1219 2432 2089 2480 that the sonne of God was born in the
1220 2498 2085 2544 world, God by little and little, made
1214 2561 2086 2606 himself acquainted with the harts of
1219 2624 2082 2671 the holie fathers, and after that with
1222 2687 2075 2736 the mindes of hte holie prophets, and
1212 2751 2088 2799 last of all, by their preaching and wri
1212 2816 2086 2863 tings hee taught the whole worlde.
1217 2879 2081 2925 So also Christ our Lorde sent the ho
1216 2943 2083 2991 lie ghost, which is of the father and
1208 3006 2073 3054 the sonne into the apostles, by whose
1208 3069 2079 3120 mouthes words and writings, he was
