2306 3264
207 174 1107 268 of Moses directed his hand as he writ.
204 250 1116 332 There was no abilitie wanting in
212 313 1112 394 Moses, that was necessarie for a most
217 376 1115 461 absolute writer. He was aboundantly
212 444 1117 524 instructed by his auncestours. For hee
216 504 1119 590 was borne of the holyest progenie of
210 572 1118 655 those fathers, whom God appointed to
210 637 1118 723 bee witnesses of his will, commaunde
217 699 1112 779 ments, and judgements, suppose Am
220 764 1115 847 ram, Bahad, Jacob, Sem, Methusale
206 827 1114 913 and Adam. He was able therefore, to
213 894 1124 974 write a true and certein historie, from
212 956 1123 1039 the beginning of the worlde, even un
214 1023 1115 1105 till his owne time. Thereunto hee
209 1087 1120 1169 added those thinges, which were done
212 1153 1121 1234 among the people of God in his owne
215 1215 1123 1300 life time, whereof hee was a very true
212 1283 1121 1367 witnesse, as one that saw and heard
218 1351 383 1430 them
279 1408 1125 1490 Pea and that more is, whatsoever
227 1475 1127 1559 he did set foorth in his bookes, that did
219 1538 1123 1620 he reade to his people, and amongst so
209 1606 1123 1683 many thousandes, was there not one
217 1664 1123 1749 found, which gainsaide that which he
216 1733 1135 1811 rehearsed: so that the whole consent a
220 1797 1123 1876 witnessebearing of the great congre
217 1860 1131 1945 gation, did bring no small authoritie to
230 1927 790 2010 the writings of Moses,
327 1987 1129 2067 Moses therefore contained in the
235 2052 1129 2134 five bookes called the five books of Mo
238 2116 1138 2193 ses, an history from the beginning of
227 2182 1134 2262 the world, even unto his own death, by
230 2244 1129 2328 the space of 2488. yeeres. In which hee
228 2311 1133 2391 declared most largely, the Revelation
230 2375 1128 2455 of the woorde of God made unto men,
229 2436 1128 2520 and whatsoever the word of God doth
226 2502 1136 2583 contein & teach. In which as we have
234 2567 1134 2647 the manifold Oracles of God himelf,
227 2631 1138 2714 so have we most light som testimonies,
230 2696 1127 2779 sentences, examples, & decrees of the
227 2759 1133 2837 most excellent, ancient, holy, wise, and
237 2825 1132 2904 greatest men of the worlde, touching
225 2886 1131 2967 all thinges, which seem to appertaine
227 2953 1132 3031 to true godlinesse, and the way how
234 3014 1130 3097 to live well and holily. These bookes
225 3081 1134 3171 therefore, found a ready prepared en
1148 172 2061 264 trance of beleef among all the posteri
1148 249 2050 329 ty, as bookes which are authenticall,
1153 312 2056 391 and which of themselves have autho
1152 378 2053 459 rity susficient, & which without gain
1151 440 2055 523 saying, ought to bee beleeved of all the
1156 505 2054 588 world. Pea, and that more is, our Lord
1152 568 2054 653 Jesus Christ the only begotten sonne
1155 632 2062 714 of God, doth referre the faithtull to
1163 696 2070 779 the reading of Moses, yea, and that in
1156 761 2060 842 deed in the cheefest points of our salva
1157 825 2066 908 tion: The places are to beeseene John
1161 891 2063 972 5.Luke 16. In the 5. of Mathew hee
1160 955 2067 1034 saieth, Doe not thinke that l am come
1158 1018 2064 1104 to destroy the lawe and the Prophets,
1156 1082 2072 1167 for I am not come to destroy them, but
1163 1148 2072 1237 to fulsill them. For, verily l say unto
1170 1212 2071 1297 you, though heaven and earth doe
1171 1278 2076 1362 passe, one iot or title of the lawe shall
1159 1339 2075 1429 not passe till all bee fulsilled. who
1170 1406 2078 1489 soever therefore, shall undoe one of
1164 1468 2063 1551 the least of these commaundementes,
1160 1531 2053 1617 and shall teach men so, he shall be cal
1161 1600 2071 1684 led the least in the kingdome of hea
1172 1667 2072 1746 ven. There have verily some beene
1172 1741 2081 1809 found, that have spoken against Mo
1172 1797 2079 1877 ses the seruant of God. But God hath
1169 1861 2079 1940 imputed that gainsaying as done a
1164 1922 2071 2010 gainst his divine maiestye, & punished
1168 1986 1545 2066 it most sharply.
1244 2067 2089 2124 The proofes heereof are to beeleene
1176 2115 2082 2196 in Erod. 16. and Numerie the 12. And
1165 2181 2083 2262 first of the people murmuring against
1178 2243 2071 2327 Moses: the of Mary Moses sister, spea
1168 2309 2075 2391 king against her brother. But to the
1177 2373 2073 2453 people it was saide, Not against the
1175 2435 2079 2521 ministers, but against the Lord are
1175 2500 2076 2586 your complaintes. As for Marie, shee
1172 2562 2076 2651 was horribly stricken with a Leprosie,
1175 2631 2078 2710 Theotectus was stricken blinde : and
1178 2695 2076 2776 Theotectus fell to bee madde, because
1179 2761 2079 2845 he had unreverently touched the word
1173 2823 2078 2905 of God. For although the woorde of
1173 2889 2084 2972 God bee revealed, spoken, and written
1176 2950 2086 3038 by men, yet doth it not therefore cease
1175 3018 2083 3096 to bee that, which in deede it is, ney
1165 3082 2084 3179 ther doeth it therefore beginne to
