2416 3537
270 285 78 60 2
302 285 218 60 Praeterea,
473 285 94 60 si
520 285 94 60 in
567 285 172 60 diuinis
692 285 187 60 ponuntur
832 285 109 60 duo
894 285 172 60 amores,
1003 285 94 60 vnus

240 340 218 43 essentialis,
418 340 68 43 &
445 340 123 43 alius
527 340 204 43 subsistens,
690 340 95 43 aut
745 340 82 43 in
786 340 150 43 spiritu
895 340 136 43 sancto
990 340 95 43 est
1031 340 68 43 so-

234 378 102 48 lus
292 378 116 48 amor
364 378 203 48 subsistens
524 378 116 48 sine
596 378 218 48 essentiali,
770 378 102 48 aut
828 378 203 48 subsistens
988 378 102 48 cum
1031 378 58 48 es

222 420 167 46 sentiali
347 420 195 46 distinctus
500 420 181 46 realiter,
640 420 70 46 &
668 420 209 46 formaliter,
835 420 97 46 aut
890 420 195 46 distinctus
1029 420 70 46 for

230 461 173 42 maliter,
359 461 72 42 &
388 461 101 42 non
446 461 188 42 realiter,
590 461 101 42 aut
648 461 231 42 indistinctus
835 461 101 42 re,
893 461 72 42 &
922 461 173 42 ratione.
1037 461 58 42 No

238 498 166 48 primum
355 498 133 48 quia
437 498 149 48 error
537 498 116 48 est
603 498 166 48 ponere
719 498 166 48 amorem
836 498 249 48 essentialem
1018 498 83 48 non

234 539 122 40 esse
310 539 92 40 in
356 539 168 40 spiritu
478 539 168 40 sancto.
600 539 107 40 Nec
661 539 198 40 secundum:
814 539 122 40 quia
890 539 122 40 tunc
951 539 153 40 spiritus

238 577 159 51 sanctus
353 577 130 51 esset
440 577 130 51 amans
526 577 159 51 duplici
642 577 202 51 realitate,
801 577 101 51 cum
859 577 144 51 amores
960 577 116 51 illi
1017 577 87 51 sint

228 615 200 45 beatifici,
385 615 71 45 &
413 615 185 45 infiniti,
556 615 114 45 ipse
627 615 128 45 esset
712 615 157 45 duplici
826 615 185 45 realitate
969 615 143 45 beatus
1054 615 43 45 &

235 656 195 45 infinitus:
388 656 70 45 &
416 656 98 45 sic
472 656 125 45 esset
556 656 153 45 beatior
667 656 139 45 patre,
765 656 70 45 &
792 656 195 45 infinitior
946 656 139 45 patre.
1029 656 56 45 Ne

234 698 177 42 tertium:
367 698 118 42 quia
441 698 147 42 saltem
544 698 206 42 formaliter
706 698 133 42 esset
794 698 206 42 infinitior
957 698 74 42 &
971 698 133 42 beatior

231 732 151 49 patre.
337 732 106 49 Nec
397 732 182 49 quartum:
534 732 121 49 quia
609 732 121 49 amor
685 732 227 49 essentialis
867 732 106 49 non
927 732 106 49 est
973 732 121 49 subsi-

229 771 155 47 stens,
338 771 109 47 nec
400 771 218 47 productus,
571 771 109 47 nec
634 771 187 47 proprius
774 771 109 47 vni
836 771 202 47 personae,
976 771 124 47 quorum

222 814 199 39 oppositum
375 814 260 39 verificaretur
589 814 92 39 de
635 814 122 39 alio
711 814 153 39 amore,
819 814 92 39 si
864 814 184 39 daretur,
1002 814 77 39 &
1017 814 77 39 per

238 857 204 46 consequens
399 857 102 46 non
457 857 160 46 possent
574 857 117 46 esse
647 857 219 46 indistincti
821 857 102 46 re,
880 857 73 46 &
894 857 146 46 ratione.

266 892 108 50 Sed
327 892 124 50 Quia
405 892 124 50 ille
482 892 93 50 ad
529 892 139 50 modum
621 892 155 50 Qolvae
730 892 170 50 gladium
853 892 186 50 proprium
977 892 124 50 defert

227 929 88 51 ad
271 929 191 51 certamen,
418 929 103 51 quo
477 929 162 51 poterit
595 929 206 51 prosternm,
756 929 118 51 ideo
830 929 176 51 dimissis
962 929 162 51 opinio.

220 968 162 44 nibus,
333 968 81 44 &
366 968 194 44 multorum
511 968 210 44 sanctorum
673 968 308 44 auctoritatibus,
932 968 162 44 quibus
1029 968 65 44 in

234 1005 160 42 diuinis
351 1005 189 42 afferitur
496 1005 102 42 tam
554 1005 203 42 sapientia,
714 1005 116 42 quam
786 1005 116 42 amor
859 1005 232 42 essentialis,
1033 1005 58 42 ac

228 1046 136 43 etiam
319 1046 212 43 sapientia,
485 1046 76 43 &
515 1046 121 43 amor
591 1046 227 43 personalis,
772 1046 106 43 nec
833 1046 106 43 non
893 1046 197 43 sapientia
1030 1046 61 43 ge

228 1084 140 53 nita,
322 1084 78 53 &
353 1084 187 53 ingenita
493 1084 78 53 &
524 1084 125 53 amor
602 1084 218 53 productus,
773 1084 78 53 &
804 1084 249 53 improductus:
991 1084 109 53 solum

230 1127 174 47 adducam
357 1127 158 47 contra
467 1127 111 47 eum
531 1127 174 47 propria
657 1127 111 47 sua
720 1127 158 47 dicta,
831 1127 127 47 quae
910 1127 127 47 ille
973 1127 127 47 doctor

231 1169 142 46 ponit
326 1169 95 46 in
373 1169 142 46 eadem
468 1169 237 46 quaestione,
658 1169 95 46 in
705 1169 111 46 qua
768 1169 95 46 ex
816 1169 221 46 intentione
974 1169 126 46 format

205 1203 375 50 rationes
455 1203 437 50 supradictas.

272 1240 142 45 Dicit
367 1240 142 45 enim,
462 1240 127 45 quod
541 1240 95 45 in
589 1240 111 45 Deo
652 1240 127 45 sint
731 1240 127 45 duae
810 1240 237 45 sapientiae.

220 1270 115 57 Vna
285 1270 164 57 quidem
400 1270 214 57 formalis,
565 1270 132 57 quae
647 1270 115 57 est
713 1270 197 57 communis
861 1270 181 57 tribus,
992 1270 82 57 &
1009 1270 82 57 ess

233 1323 191 52 perfectio
380 1323 235 52 simpliciter,
572 1323 74 52 &
601 1323 103 52 non
660 1323 103 52 est
719 1323 147 52 aliud,
822 1323 118 52 quam
895 1323 162 52 deitas,
998 1323 103 52 prout

223 1358 132 46 sunt
305 1358 149 46 omnia
404 1358 99 46 in
454 1358 215 46 prospectu
619 1358 182 46 tamquam
751 1358 182 46 aperta,
883 1358 83 46 &
916 1358 149 46 nuda.
998 1358 99 46 Alia

231 1397 105 53 est
291 1397 195 53 sapientia
441 1397 210 53 obiectiua,
605 1397 120 53 quae
680 1397 105 53 non
740 1397 105 53 est
800 1397 195 53 persectio
934 1397 150 53 simplici

221 1440 130 49 ter,
302 1440 114 49 sed
367 1440 114 49 est
432 1440 146 49 ipsum
529 1440 162 49 verbum
643 1440 195 49 claudens
789 1440 97 49 in
837 1440 97 49 se
886 1440 195 49 deitatem
1016 1440 81 49 cum

224 1480 219 48 proprietate
400 1480 219 48 indistincta
575 1480 88 48 ab
619 1480 102 48 ea.
678 1480 88 48 Et
721 1480 190 48 similiter
868 1480 146 48 dicit,
970 1480 117 48 quod
1029 1480 58 48 es

221 1519 154 49 duplex
328 1519 138 49 amor:
421 1519 123 49 Vnus
497 1519 154 49 quidem
605 1519 200 49 formalis,
759 1519 108 49 qui
820 1519 108 49 est
882 1519 200 49 perfectio
1020 1519 77 49 sim

225 1561 197 45 pliciter.
376 1561 136 45 Alius
467 1561 121 45 vero
543 1561 242 45 processiuus,
740 1561 106 45 qui
800 1561 106 45 non
861 1561 106 45 est
921 1561 151 45 aliud,
1012 1561 76 45 qua

230 1595 186 51 spiritus
370 1595 186 51 amantis,
510 1595 109 51 seu
572 1595 202 51 vinculum,
727 1595 202 51 communio,
882 1595 109 51 vel
944 1595 155 51 nexus.
1037 1595 62 51 Et

234 1639 121 47 quia
309 1639 121 47 illa
385 1639 136 47 dicta
476 1639 136 47 clare
566 1639 242 47 contradicunt
763 1639 272 47 conclusionibus
974 1639 121 47 dictis

224 1680 165 44 contra
340 1680 198 44 doctorem
489 1680 198 44 nostrum,
637 1680 83 44 &
671 1680 198 44 quattuor
819 1680 248 44 rationibus,
1001 1680 99 44 quas

228 1716 91 48 ex
273 1716 152 48 dictis
380 1716 152 48 illius
486 1716 183 48 doctoris
623 1716 167 48 adduxi,
745 1716 122 48 immo
821 1716 137 48 quasi
912 1716 107 48 per
958 1716 137 48 singula

229 1757 134 48 verba
319 1757 179 48 rationes
453 1757 134 48 illae
542 1757 164 48 possunt
662 1757 119 48 duci
736 1757 149 48 contra
840 1757 149 48 vltima
945 1757 104 48 sua
990 1757 104 48 dicta

224 1791 75 46 &
254 1791 135 46 dicta
344 1791 150 46 contra
449 1791 195 46 rationes,
599 1791 150 46 igitur
704 1791 105 46 non
764 1791 180 46 tenerer,
899 1791 195 46 respodere
1034 1791 60 46 ad

223 1832 122 39 eas,
299 1832 153 39 gratia
406 1832 138 39 tamen
498 1832 199 39 exercitii
651 1832 92 39 ad
697 1832 107 39 eas
743 1832 183 39 respondeo.

225 1858 106 58 Ad
278 1858 177 58 primum
402 1858 141 58 ergo
490 1858 141 58 dico
579 1858 106 58 ad
632 1858 212 58 minorem,
791 1858 141 58 quod
879 1858 194 58 quamuis
1003 1858 88 58 es-

237 1909 146 47 sentia
340 1909 146 47 diuina
442 1909 102 47 sit
500 1909 132 47 idem,
588 1909 117 47 quod
661 1909 117 47 amor
734 1909 205 47 productus,
895 1909 102 47 qui
953 1909 102 47 est
997 1909 88 47 spin

228 1950 108 53 tus
289 1950 169 53 sanctus
412 1950 200 53 realiter,
566 1950 200 53 differunt
720 1950 138 53 tamen
812 1950 185 53 ratione;
951 1950 123 53 quia
1012 1950 77 53 cum

233 1988 169 56 persona
356 1988 92 56 in
402 1988 108 56 sua
463 1988 169 56 formali
586 1988 169 56 ratione
709 1988 215 56 formaliter
879 1988 185 56 includat
1002 1988 92 56 pro-

221 2026 217 54 prietatem,
392 2026 124 54 quam
470 2026 217 54 formaliter
640 2026 109 54 non
702 2026 186 54 includit
842 2026 186 54 essentia
981 2026 93 54 in
1012 2026 78 54 sua

231 2078 163 36 formali
350 2078 178 36 ratione,
484 2078 149 36 patet,
588 2078 119 36 quod
662 2078 193 36 differunt
811 2078 178 36 ratione,
944 2078 74 36 &
974 2078 104 36 per
1019 2078 74 36 con

214 2111 180 47 sequens
345 2111 147 47 minor
443 2111 131 47 illa
525 2111 246 47 simpliciter
721 2111 164 47 falsa;
836 2111 115 47 nam
901 2111 82 47 a
918 2111 180 47 quocumque

217 2154 173 39 inclusum
346 2154 158 39 differt
461 2154 173 39 ratione,
591 2154 86 39 ab
634 2154 129 39 eodem
720 2154 187 39 includens
864 2154 158 39 differt
979 2154 144 39 ratio

231 2181 102 49 ne;
290 2181 102 49 sed
348 2181 175 49 psonalis
480 2181 190 49 pprietas,
626 2181 117 49 quae
699 2181 205 49 includitur
860 2181 88 49 in
889 2181 205 49 diuinapsona,

225 2223 158 50 differt
339 2223 158 50 ratione
454 2223 72 50 a
482 2223 143 50 diuina
583 2223 172 50 essentia
712 2223 100 50 cum
769 2223 172 50 essentia
898 2223 172 50 secundum
1012 2223 72 50 su-

222 2262 181 46 formalem
358 2262 181 46 rationem
494 2262 106 46 sit
554 2262 91 46 ad
600 2262 106 46 se,
660 2262 76 46 &
690 2262 211 46 proprietas
856 2262 181 46 relatiua
992 2262 106 46 sit
1038 2262 60 46 ad

227 2307 145 48 aliud:
329 2307 116 48 ergo
402 2307 174 48 persona,
532 2307 116 48 puta
605 2307 116 48 amor
678 2307 203 48 productus,
837 2307 102 48 seu
895 2307 174 48 spiritus
1011 2307 73 48 sat

223 2344 134 48 ctus
307 2344 218 48 includens
475 2344 151 48 talem
576 2344 269 48 proprietatem
794 2344 101 48 ad
844 2344 151 48 minus
928 2344 168 48 secundum

229 2378 179 47 rationem
363 2378 164 47 differt
482 2378 74 47 a
512 2378 149 47 diuina
616 2378 193 47 essentia,
765 2378 134 47 cuius
854 2378 193 47 oppositum
988 2378 104 47 dice-

231 2419 137 48 batur
322 2419 91 48 in
368 2419 198 48 praedicta
504 2419 122 48 minori

278 2453 98 51 Ad
327 2453 197 51 secundum
474 2453 213 51 dicendum,
639 2453 131 51 quod
721 2453 180 51 quamuis
852 2453 197 51 essentia
983 2453 115 51 filio

230 2499 291 42 communicetur,
469 2499 86 42 &
504 2499 137 42 sola
589 2499 239 42 proprietas
777 2499 257 42 producatur,
965 2499 120 42 tamet

231 2539 108 48 illa
298 2539 94 48 est
352 2539 121 48 vera,
432 2539 108 48 quod
499 2539 121 48 totus
580 2539 134 48 filius
674 2539 94 48 est
728 2539 161 48 genitus,
849 2539 67 48 &
876 2539 188 48 productus,
1023 2539 67 48 &
1037 2539 67 48 per

237 2577 210 44 consequens
402 2577 195 44 sapientia
552 2577 240 44 personaliter
748 2577 150 44 sumpta
853 2577 150 44 potest
958 2577 120 44 dici
1018 2577 75 44 ge-

229 2616 144 51 nita,
325 2616 80 51 &
357 2616 144 51 eodem
453 2616 128 51 modo
533 2616 96 51 de
581 2616 160 51 amore,
693 2616 80 51 &
725 2616 176 51 spiritu
837 2616 144 51 sancto.

269 2654 93 47 Ad
316 2654 156 47 primam
425 2654 187 47 rationem
565 2654 187 47 alterius
705 2654 124 47 suae
783 2654 202 47 positonis
923 2654 171 47 dicendum,

236 2696 119 49 quod
311 2696 164 49 quamuis
430 2696 119 49 amor
504 2696 208 49 personalis
668 2696 104 49 non
727 2696 104 49 sit
787 2696 134 49 aliud
876 2696 193 49 realiter,
1010 2696 89 49 quam

237 2732 161 51 deitas,
354 2732 131 51 sicut
442 2732 102 51 nec
500 2732 117 51 ipsa
573 2732 175 51 persona;
705 2732 131 51 tamen
792 2732 131 51 sicut
880 2732 161 51 persona
982 2732 117 51 potest

226 2771 125 54 dici
304 2771 187 54 producta
444 2771 171 54 ratione
569 2771 265 54 proprietatis,
787 2771 125 54 quam
865 2771 218 54 formaliter
1020 2771 78 54 in-

236 2812 170 53 cludit,
359 2812 123 53 quae
436 2812 123 53 vere
513 2812 108 53 est
575 2812 200 53 producta,
729 2812 108 53 sic
791 2812 77 53 &
821 2812 123 53 ipse
883 2812 108 53 amor.

274 2848 100 56 Ad
324 2848 299 56 confirmationem
573 2848 216 56 dicendum,
739 2848 133 56 quod
822 2848 133 56 amor
889 2848 199 56 personalis

232 2888 93 59 de
279 2888 109 59 quo
341 2888 109 59 nos
404 2888 202 59 loquimur,
559 2888 109 59 est
621 2888 93 59 eo
668 2888 124 59 modo
746 2888 218 59 infinitus,
917 2888 109 59 quo
964 2888 124 59 quaeli

1133 293 98 76 bet
1189 293 140 76 diuina
1287 293 154 76 persona
1400 293 98 76 est
1456 293 182 76 infinita,
1596 293 112 76 puta
1666 293 196 76 infinitate
1821 293 154 76 diuinae
1919 293 70 76 es-

1122 352 174 62 sentiae,
1253 352 73 62 &
1282 352 131 62 sicut
1369 352 102 62 non
1428 352 189 62 obstante,
1573 352 116 62 quod
1645 352 160 62 persona
1762 352 145 62 filij,
1863 352 102 62 vel
1907 352 87 62 spi-

1128 387 131 58 ritus
1216 387 146 58 sancti
1318 387 102 58 est
1376 387 189 58 infinita,
1522 387 131 58 tamen
1609 387 102 58 est
1667 387 189 58 producta;
1813 387 102 58 sic
1871 387 73 58 &
1886 387 102 58 talis

1131 432 123 42 amor
1207 432 108 42 est
1269 432 215 42 productus,
1438 432 169 42 quamuis
1561 432 108 42 sit
1622 432 215 42 infinitus,
1791 432 77 42 &
1822 432 108 42 per
1868 432 123 42 conse-

1123 474 140 57 quens
1217 474 186 57 secundum
1356 474 186 57 rationem
1496 474 202 57 differens
1651 474 93 57 ab
1697 474 140 57 amore
1790 474 233 57 essentiali,

1136 509 146 56 igitur,
1242 509 80 56 vt
1282 509 106 56 sic,
1348 509 146 56 poterit
1442 509 199 56 multiplicari.

1176 541 101 64 Ad
1227 541 203 64 secundum
1379 541 220 64 dicendum,
1548 541 135 64 quod
1633 541 135 64 vter
1717 541 118 64 que
1785 541 135 64 amor
1870 541 118 64 est
1920 541 68 64 in

1126 577 154 77 spiritu
1238 577 140 77 sancto
1336 577 225 77 indistinctus
1519 577 182 77 realiter,
1659 577 196 77 distinctus
1814 577 126 77 tamen
1884 577 98 77 secu-

1128 626 107 52 dum
1189 626 198 52 rationem,
1341 626 92 52 vt
1387 626 183 52 superius
1509 626 107 52 dixi-

1140 659 109 48 Ad
1194 659 253 48 argumentum
1393 659 253 48 principale
1593 659 235 48 dicendum,
1774 659 145 48 quod
1864 659 127 48 non
1918 659 91 48 est

1122 698 163 55 simile,
1241 698 118 55 quod
1315 698 89 55 in
1359 698 148 55 maiori
1463 698 163 55 sumitur
1581 698 104 55 pro
1640 698 163 55 simili,
1758 698 89 55 de
1803 698 163 55 sapere,
1921 698 74 55 &
1936 698 74 55 di-

1127 740 171 49 ligere:
1251 740 124 49 quia
1328 740 186 49 secundum
1468 740 140 49 dicta
1561 740 202 49 sanctorum
1716 740 155 49 sapere
1824 740 93 49 in
1855 740 155 49 diuinis;

1121 791 231 52 tantummodo
1302 791 181 52 sumitur
1433 791 280 52 essentialiter
1664 791 82 52 :
1697 791 181 52 Propter
1829 791 115 52 hoc
1878 791 132 52 diciti

1126 822 154 58 August.
1238 822 84 58 7.
1280 822 84 58 de
1322 822 112 58 tri.
1393 822 112 58 quod
1463 822 84 58 si
1505 822 126 58 pater
1589 822 126 58 esset
1673 822 154 58 sapiens
1786 822 182 58 sapientia
1912 822 70 58 ge-

1125 865 124 48 nita,
1208 865 97 48 cum
1263 865 138 48 sapere
1360 865 97 48 sit
1415 865 124 48 idem,
1498 865 111 48 quod
1567 865 111 48 esse
1637 865 138 48 pater,
1733 865 124 48 esset
1816 865 152 48 filius,
1913 865 69 48 sed

1125 900 194 49 diligere
1270 900 113 49 non
1335 900 145 49 solum
1432 900 178 49 sumitur
1561 900 291 49 essentialiter,
1787 900 194 49 verumetiam

1122 936 265 56 notionaliter,
1341 936 125 56 ergo
1403 936 78 56 &c.

1196 1081 510 82 DISTINCTIO
1560 1081 328 82 SExII1.

1142 1206 181 92 Aperta,
1273 1206 82 92 &
1306 1206 181 92 sacilis
1438 1206 181 92 diuisio
1570 1206 148 92 huius
1669 1206 296 92 distinctionis,
1899 1206 66 92 in

1198 1291 119 47 qua
1266 1291 102 47 de
1317 1291 204 47 multarum
1470 1291 153 47 inter
1572 1291 102 47 se
1623 1291 102 47 se
1657 1291 238 47 proprietatum

1335 1330 239 51 collatione
1505 1330 256 51 determinatur.

1446 1473 403 64 OSTSVPRADICTA
1778 1473 166 64 &c.
1849 1473 142 64 Post

1475 1522 124 42 quam
1552 1522 185 42 Magister
1691 1522 77 42 a
1722 1522 247 42 distinctione
1907 1522 77 42 se-

1472 1554 141 53 cunda
1566 1554 141 53 vsque
1660 1554 110 53 huc
1723 1554 204 53 tractauit
1879 1554 94 53 de
1911 1554 78 53 es-

1470 1598 148 52 sentia
1574 1598 163 52 diuina,
1692 1598 192 52 personis,
1840 1598 89 52 ac
1870 1598 118 52 pprie-

1471 1636 170 50 tatibus,
1598 1636 99 50 hic
1655 1636 170 50 insistit
1783 1636 128 50 eorum
1853 1636 128 50 adinui-

1467 1673 117 45 cem
1534 1673 334 45 comparationibus,
1818 1673 84 45 &
1835 1673 150 45 diuidi-

1470 1714 102 44 tur
1529 1714 87 44 in
1572 1714 116 44 duas
1645 1714 160 44 partes:
1761 1714 116 44 quia
1834 1714 131 44 primo
1906 1714 73 44 con

1481 1760 131 46 parat
1569 1760 233 46 proprietates
1759 1760 88 46 ad
1802 1760 190 46 personas,
1948 1760 73 46 &

1116 1797 93 42 ad
1162 1797 217 42 essentiam,
1332 1797 217 42 inquirendo
1503 1797 139 42 eorum
1596 1797 93 42 ab
1642 1797 170 42 inuicem
1766 1797 201 42 different
1906 1797 77 42 am-

1126 1829 162 59 becundo
1244 1829 177 59 praecise
1377 1829 177 59 comparat
1510 1829 177 59 personas
1643 1829 89 59 ad
1687 1829 192 59 essentiam
1834 1829 118 59 ibi,
1893 1829 89 59 Prae

1123 1870 154 49 dictis
1230 1870 108 49 est
1292 1870 231 49 adiicendum.
1477 1870 139 49 Prima
1569 1870 92 49 in
1615 1870 139 49 duas:
1708 1870 108 49 nam
1769 1870 139 49 primo
1862 1870 108 49 hic
1908 1870 77 49 po-

1114 1909 145 42 nitur
1211 1909 210 42 veritatis
1372 1909 274 42 determinatio.
1598 1909 177 42 Secundo
1727 1909 210 42 contraria
1872 1909 113 42 argu-

1115 1947 190 47 mentatio
1258 1947 127 47 ibi,
1337 1947 111 47 Hoc
1401 1947 143 47 autem
1496 1947 175 47 negant.
1623 1947 143 47 Prima
1718 1947 95 47 in
1766 1947 143 47 duas:
1861 1947 111 47 nam
1909 1947 79 47 pri

1125 1993 94 39 mo
1172 1993 187 39 Magister
1313 1993 187 39 ostendit
1453 1993 249 39 proprietatem
1656 1993 218 39 personalem
1827 1993 125 39 esse
1889 1993 94 39 idem

1121 2027 183 46 realiter
1258 2027 168 46 diuinae
1380 2027 198 46 personae,
1532 2027 168 46 secundo
1654 2027 183 46 ostendit
1791 2027 152 46 eandem
1883 2027 91 46 pro-

1125 2066 189 55 prietatem
1271 2066 117 55 esse
1344 2066 117 55 idem
1417 2066 87 55 re
1461 2066 146 55 aliter
1563 2066 160 55 diuinae
1679 2066 189 55 essentiae
1825 2066 117 55 ibi.
1898 2066 117 55 Quod

1118 2108 125 51 enim
1197 2108 235 51 proprietas,
1385 2108 188 51 vequitur
1526 2108 125 51 illa
1604 2108 141 51 pars,
1698 2108 110 51 Hoc
1761 2108 141 51 autem
1839 2108 141 51 negant,

1124 2145 86 46 &
1158 2145 225 46 diuiditur
1331 2145 104 46 in
1383 2145 138 46 duas
1469 2145 190 46 partes;
1608 2145 121 46 nam
1677 2145 156 46 primo
1781 2145 173 46 arguit
1884 2145 104 46 con-

1114 2183 119 44 tra
1182 2183 119 44 iam
1250 2183 169 44 dictam
1368 2183 220 44 veritatem
1538 2183 203 44 ratione,
1690 2183 186 44 secundo
1809 2183 169 44 auctori-

1121 2222 149 43 tate
1215 2222 149 43 ibi,
1308 2222 261 43 Verumtamen
1513 2222 186 43 nondum
1643 2222 224 43 &cetera.
1811 2222 168 43 Prima
1904 2222 75 43 in

1120 2264 134 41 duas
1204 2264 117 41 nam
1271 2264 150 41 primo
1371 2264 167 41 arguit
1488 2264 100 41 ex
1538 2264 167 41 dictis
1655 2264 217 41 quorundam
1806 2264 167 41 doctorum

1126 2300 168 53 secundo
1248 2300 91 53 ex
1293 2300 152 53 dictis
1400 2300 244 53 haereticorum
1598 2300 122 53 ibi,
1674 2300 168 53 Ceterum
1796 2300 213 53 haeretico

1121 2340 126 48 rum.
1200 2340 142 48 Prima
1295 2340 95 48 in
1342 2340 142 48 duas;
1436 2340 110 48 nam
1499 2340 142 48 primo
1594 2340 142 48 ponit
1689 2340 189 48 Qilberti
1830 2340 189 48 Porretam

1114 2379 254 45 arguitionem,
1321 2379 175 45 secundo
1448 2379 191 45 Magister
1591 2379 223 45 interponit
1766 2379 127 45 suam
1830 2379 143 45 respon-

1128 2418 148 46 sionem
1232 2418 118 46 ibi,
1306 2418 133 46 Eorum
1394 2418 207 46 doctrinis,
1557 2418 177 46 Sequitur
1690 2418 118 46 illa
1764 2418 133 46 pars,
1853 2418 163 46 Ceterum

1117 2455 262 45 haereticorum,
1332 2455 77 45 &
1363 2455 200 45 diuiditur
1517 2455 92 45 in
1563 2455 123 45 tres
1640 2455 169 45 partes;
1763 2455 108 45 nam
1825 2455 139 45 primo
1902 2455 77 45 Ma-

1134 2498 135 48 ister
1224 2498 90 48 in
1269 2498 210 48 argumentis
1434 2498 240 48 haereticorum
1628 2498 165 48 asserit
1748 2498 120 48 esse
1808 2498 165 48 frauduler

1128 2540 129 47 tiam
1208 2540 80 47 &
1240 2540 273 47 calliditatem,
1466 2540 177 47 secundo
1594 2540 209 47 respondet
1755 2540 145 47 eorum
1835 2540 145 47 argumen

1122 2576 105 50 tis
1182 2576 135 50 inxta
1272 2576 209 50 catholicam
1436 2576 209 50 veritatem,
1600 2576 149 50 Tertio
1705 2576 179 50 ostendit
1839 2576 90 50 ex
1869 2576 105 50 respe

1113 2612 145 43 sione
1209 2612 113 43 sua
1274 2612 145 43 oriri
1370 2612 177 43 quandam
1499 2612 290 43 inattingibilem
1724 2612 258 43 difficultatem.

1117 2652 164 44 Secunda
1236 2652 119 44 ibi,
1311 2652 149 44 Quorum
1415 2652 193 44 audaciae,
1563 2652 149 44 Tertia
1668 2652 119 44 ibi,
1742 2652 104 44 Sed
1801 2652 134 44 forte
1876 2652 104 44 quae-

1119 2696 125 44 res.
1197 2696 187 44 Sequitur
1338 2696 125 44 illa
1416 2696 140 44 pars,
1509 2696 218 44 Verumtamen
1681 2696 172 44 noadum,
1790 2696 187 44 &diuiditur

1121 2736 94 42 in
1168 2736 141 42 duas,
1262 2736 188 42 secundum
1403 2736 125 42 quod
1482 2736 157 42 contra
1591 2736 219 42 praedictam
1764 2736 204 42 vcritatem
1905 2736 78 42 ar-

1122 2772 146 43 guitur
1224 2772 102 43 per
1283 2772 117 43 duas
1356 2772 248 43 auctoritates,
1560 2772 160 43 Secunda
1676 2772 117 43 ibi,
1749 2772 117 43 ltem
1822 2772 131 43 illis
1895 2772 87 43 ver-

1116 2813 120 42 bis,
1191 2813 195 42 Quaelibet
1341 2813 165 42 illarum
1461 2813 195 42 diuiditur
1611 2813 90 42 in
1656 2813 135 42 duas,
1746 2813 120 42 quia
1821 2813 135 42 primo
1896 2813 75 42 per

1114 2852 252 38 auctoritatem
1319 2852 189 38 opponit,
1460 2852 173 38 secundo
1586 2852 173 38 soluit,
1712 2852 79 38 &
1743 2852 157 38 partes
1838 2852 142 38 patent.

1129 2885 129 56 Circa
1215 2885 129 56 istam
1301 2885 100 56 33.
1358 2885 143 56 distin
1444 2885 129 56 quaero.
