2215 3547
54 261 74 80 4
84 261 191 80 Preterea,
231 261 132 80 illud
319 261 191 80 absolutum
466 261 103 80 vel
525 261 132 80 esset
613 261 162 80 vltimus
731 261 132 80 finis
804 261 74 80 onm

44 323 133 49 nium,
133 323 74 49 &
163 323 118 49 tunc
236 323 104 49 non
296 323 148 49 posset
399 323 177 49 differre
532 323 74 49 a
562 323 148 49 diuina
665 323 192 49 essentia,
798 323 89 49 quia

42 367 120 41 ipsa
117 367 105 41 est
177 367 165 41 vltimus
297 367 135 41 finis
387 367 165 41 omnium;
506 367 210 41 implicatio
671 367 135 41 etiam
746 367 135 41 contra-

47 405 174 45 dictionis
181 405 134 45 esset,
275 405 134 45 plures
368 405 134 45 ponere
462 405 148 45 vltimos
570 405 134 45 fines:
663 405 94 45 vel
717 405 121 45 esset
784 405 94 45 ordi-

41 438 143 52 natum,
141 438 100 52 rel
198 438 200 52 ordinabile
354 438 86 52 ad
397 438 143 52 finem,
497 438 71 52 &
526 438 114 52 tunc
597 438 128 52 esset
682 438 185 52 creatura,
811 438 71 52 nec

48 481 104 53 per
108 481 208 53 consequens
271 481 149 53 posset
376 481 119 53 esse
450 481 89 53 in
495 481 149 53 diuina
599 481 179 53 persona:
718 481 164 53 indigeret

50 526 107 50 uim
111 526 138 50 causa
203 526 138 50 ipsum
295 526 199 50 ordinante
448 526 92 50 ad
493 526 153 50 finem,
601 526 122 50 quod
677 526 199 50 simplicit
815 526 61 50 er

36 552 174 55 repugnat
166 552 159 55 diuinae
267 552 159 55 personae.

96 583 207 67 Praeterea,
259 583 89 67 si
303 583 148 67 diuina
406 583 162 67 persona
524 583 103 67 per
583 583 192 67 entitatem
716 583 162 67 absolutam

33 636 178 46 dfferret
167 636 163 46 adiuina
285 636 193 46 essentia,
433 636 119 46 tunc
507 636 104 46 vel
567 636 119 46 ipsa
641 636 148 46 diuina
730 636 148 46 essentia

44 674 102 53 set
103 674 132 53 forma
191 674 146 53 illius
293 674 190 53 absolutae
439 674 205 53 entitatis,
600 674 102 53 qua
659 674 161 53 persona
761 674 117 53 diuina

44 711 175 57 lifferret
178 711 81 57 ab
219 711 175 57 essentia:
354 711 94 57 vel
408 711 216 57 informaretur
583 711 81 57 ab
623 711 94 57 ea,
677 711 94 57 sed
718 711 148 57 consequen

36 750 82 61 ti
77 750 150 61 falsum,
186 750 109 61 quia
255 750 95 61 cum
309 750 136 61 diuina
405 750 164 61 essentia
527 750 95 61 sit
582 750 123 61 purus
664 750 123 61 actus
746 750 68 61 &
773 750 95 61 ens
814 750 68 61 sim

40 789 163 49 lititer
159 789 178 49 simplex,
293 789 119 49 ergo
367 789 104 49 nec
426 789 104 49 pot
486 789 208 49 informari,
649 789 104 49 nec
694 789 178 49 informare:

34 837 102 43 nam
93 837 175 43 quicquid
224 837 190 43 informat,
370 837 102 43 vel
428 837 219 43 informatur,
603 837 102 43 est
662 837 146 43 saltem
749 837 117 43 compon

35 868 101 55 bie
92 868 116 55 hic,
165 868 101 55 nec
222 868 101 55 per
280 868 202 55 consequens
439 868 159 55 poterit
554 868 116 55 esse
627 868 130 55 purus
713 868 144 55 actus,
800 868 72 55 vel

28 909 107 46 emi
89 909 230 46 simpliciter
273 909 184 46 simplex.
411 909 245 46 Consequentia
610 909 153 46 patet,
717 909 107 46 nam
763 909 107 46 secun

35 942 133 63 luam
118 942 299 63 commentatorem,
368 942 233 63 quaecumque
550 942 133 63 sunt
633 942 100 63 in
683 942 166 63 eodem,
783 942 83 63 vel

29 992 115 47 vmum
100 992 86 47 se
144 992 129 47 habet
230 992 86 47 ad
273 992 158 47 alterum
388 992 86 47 vt
431 992 144 47 actus,
532 992 101 47 vel
589 992 86 47 vt
632 992 187 47 potentia,
776 992 72 47 &
790 992 72 47 per

29 1032 235 44 tensenuens
214 1032 118 44 vel
281 1032 101 44 vt
331 1032 235 44 informans,
516 1032 118 44 vel
583 1032 101 44 vt
634 1032 252 44 informatum.

31 1066 84 54 4
65 1066 236 54 Praeterea,
250 1066 270 54 quandocumque
469 1066 169 54 aliqua
587 1066 202 54 absoluta
722 1066 135 54 distin

36 1109 168 52 piintur
158 1109 92 52 in
204 1109 153 52 eodem,
311 1109 122 52 tunc
387 1109 183 52 indigent
525 1109 138 52 causa
616 1109 199 52 superiori
754 1109 122 52 coniun

28 1149 118 53 ente
102 1149 132 53 gitur
190 1149 132 53 esset
278 1149 162 53 aliquid
396 1149 176 53 superius
528 1149 147 53 diuina
631 1149 176 53 essentia
748 1149 118 53 coniu-

20 1185 114 43 vne
85 1185 131 43 plam
167 1185 114 43 cum
232 1185 131 43 tali
314 1185 196 43 absoluto
460 1185 98 43 in
509 1185 147 43 eadem
591 1185 147 43 persona

54 1227 222 49 Praeterea,
228 1227 159 49 Deatus
340 1227 143 49 bern.
435 1227 95 49 in
482 1227 190 49 concilio
625 1227 174 49 Hemensi
736 1227 127 49 contra

25 1254 197 63 bubertum
172 1254 246 63 Porretanum,
369 1254 115 63 qui
434 1254 164 63 dixit,
549 1254 131 63 quod
631 1254 131 63 Deus
713 1254 115 63 non
762 1254 98 63 erat

31 1297 154 60 bitas,
138 1297 215 60 occasionem
307 1297 200 60 accipiens
461 1297 92 60 ex
507 1297 123 60 hoc,
584 1297 123 60 quod
660 1297 169 60 dixerat
768 1297 92 60 per-

33 1335 104 58 tum
93 1335 164 58 diuinam
212 1335 179 58 realiter
347 1335 179 58 differre
481 1335 75 58 a
511 1335 179 58 deitate,
645 1335 149 58 arguit
750 1335 119 58 sic:
809 1335 60 58 Si

20 1373 94 52 na
67 1373 109 52 est
130 1373 188 52 aliquid,
271 1373 109 52 aut
333 1373 109 52 est
396 1373 125 52 idem
474 1373 125 52 quod
552 1373 141 52 Deus,
646 1373 109 52 aut
709 1373 156 52 aliud,
802 1373 63 52 Si

21 1414 138 57 Hrem,
112 1414 122 57 tunc
189 1414 168 57 habetur
311 1414 214 57 propositum
479 1414 153 57 contra
586 1414 107 57 te.
647 1414 92 57 Si
693 1414 107 57 est
739 1414 122 57 aliud;

31 1460 143 45 Seaut
126 1460 111 45 est
190 1460 174 45 aliquid
317 1460 143 45 maius
412 1460 127 45 Deo,
491 1460 111 45 aut
555 1460 159 45 minus,
666 1460 111 45 aut
713 1460 143 45 aequale

28 1495 189 58 aprimum,
170 1495 126 58 quia
249 1495 110 58 Deo
312 1495 142 58 nihil
406 1495 158 58 potest
517 1495 126 58 esse
595 1495 158 58 maius,
706 1495 110 58 nec
753 1495 110 58 etiam

26 1541 179 49 tettari
156 1541 114 49 Nec
221 1541 211 49 secundum,
383 1541 130 49 quia
464 1541 130 49 tunc
545 1541 114 49 Deo
610 1541 244 49 derogaretur
789 1541 65 49 ex

8 1572 96 43 No
56 1572 128 43 quod
136 1572 176 43 haberet
264 1572 208 43 deitatem.
424 1572 112 43 Nec
489 1572 192 43 tertium,
633 1572 128 43 quia
713 1572 128 43 tunc
777 1572 80 43 es-

11 1610 189 51 snpiure;
153 1610 126 51 Dij.
231 1610 110 51 Sic
294 1610 141 51 eodem
388 1610 126 51 modo
467 1610 157 51 posset
577 1610 141 51 argui
671 1610 94 51 in
703 1610 141 51 proposi

9 1653 183 53 propter
142 1653 116 53 iam
209 1653 166 53 dictam
325 1653 149 53 etiam
424 1653 199 53 rationem
574 1653 166 53 factam
690 1653 83 53 a
707 1653 149 53 bernar-

31 1692 116 58 rra
98 1692 166 58 dictus
214 1692 215 58 Cilbertus
379 1692 215 58 reuocauit
545 1692 133 58 suum
628 1692 182 58 errorem
761 1692 99 58 in
794 1692 66 58 fe

14 1734 120 54 neni
89 1734 194 54 concilio,
238 1734 134 54 prout
328 1734 164 54 recitat
447 1734 224 54 Innocentius
612 1734 149 54 quartus.

106 1817 187 72 c
180 1817 187 72 0
255 1817 300 72 NcLV
443 1817 262 72 S1O
555 1817 150 72 I.

44 1856 129 89 Quod
124 1856 80 89 n
157 1856 193 89 diluinis
301 1856 177 89 persona
430 1856 97 89 ab
478 1856 193 89 esscitia
623 1856 113 89 non
671 1856 145 89 dissert

335 1922 98 57 re
367 1922 131 57 relata

29 1934 142 89 VNDO
118 1934 160 89 dico,
224 1934 142 89 quod
313 1934 195 89 persona
455 1934 177 89 diuina
579 1934 124 89 non
650 1934 195 89 differt
774 1934 71 89 al

54 2012 125 44 entia
138 2012 83 44 re
179 2012 153 44 relata,
291 2012 111 44 quia
360 2012 83 44 si
402 2012 111 44 sic,
471 2012 111 44 tunc
541 2012 153 44 relatio
652 2012 139 44 diuina
736 2012 111 44 reali-

38 2051 187 44 ninerret
179 2051 93 44 ab
225 2051 187 44 essentia
365 2051 171 44 diuina,
490 2051 125 44 quia
568 2051 171 44 propter
692 2051 125 44 quod
755 2051 93 44 vnum

33 2095 98 46 rn,
89 2095 127 46 tale,
174 2095 70 46 &
202 2095 127 46 ipsum
286 2095 141 46 magis:
385 2095 169 46 Falsitas
511 2095 225 46 consequentis
694 2095 127 46 patet
765 2095 84 46 quod

69 2136 92 45 ma
115 2136 246 45 praecedenti.
315 2136 108 45 Est
377 2136 139 45 etiam
469 2136 108 45 pro
531 2136 139 45 istis
623 2136 154 45 duabus
715 2136 139 45 conclu-

39 2166 123 50 tbus
115 2166 246 50 determinatio
315 2166 230 50 vniuersalis
499 2166 184 50 concilij
637 2166 153 50 extra.
745 2166 92 50 de
775 2166 77 50 sum

26 2206 94 51 n,
73 2206 79 51 &
105 2206 126 51 fide
168 2206 110 51 catho

32 2242 114 49 Sed
97 2242 163 49 contra
211 2242 146 49 illam
308 2242 260 49 conclusionem
520 2242 179 49 possent
650 2242 146 49 multa
731 2242 114 49 adduc

42 2289 97 37 I5
90 2289 226 37 rationibus
268 2289 194 37 adductis
414 2289 97 37 in
462 2289 226 37 quaestione
640 2289 178 37 proxima
753 2289 97 37 prae

15 2325 150 52 Nenti,
120 2325 75 52 &
150 2325 225 52 specialiter
330 2325 120 52 tres
405 2325 225 52 probationes
585 2325 180 52 adductae
720 2325 105 52 pro
765 2325 90 52 iad-

24 2367 116 40 one,
96 2367 116 40 sed,
169 2367 116 40 quia
241 2367 87 40 ad
285 2367 131 40 omnia
372 2367 116 40 illa
444 2367 102 40 ibi
502 2367 189 40 respondi;
647 2367 116 40 ideo
720 2367 87 40 ad
749 2367 102 40 prae

25 2400 238 54 dimrtantur.

66 2482 659 72 EONCLVSIO
522 2482 203 72 II

89 2523 148 78 Quod
181 2523 203 78 persona
329 2523 185 78 diuina
458 2523 203 78 differt
605 2523 111 78 ab
642 2523 185 78 essentia

334 2594 163 51 ratione.

44 2604 147 79 fario
142 2604 147 79 dico,
240 2604 131 79 quod
321 2604 180 79 persona
452 2604 163 79 diuina
566 2604 180 79 differt
697 2604 98 79 ab
730 2604 114 79 essen

63 2678 104 47 tia
122 2678 148 47 diuina
211 2678 148 47 ratione,

65 2718 127 44 Quia
144 2718 127 44 omne
223 2718 222 44 suppositum
398 2718 206 44 includens
556 2718 174 44 aliquid
683 2718 95 44 in
730 2718 111 44 sua
778 2718 63 44 ra

59 2755 172 47 trmali,
184 2755 125 47 quod
263 2755 188 47 formalis
403 2755 141 47 ratio
497 2755 125 47 suae
575 2755 172 47 naturae
701 2755 109 47 non
748 2755 109 47 inclu

57 2799 145 46 minus
154 2799 194 46 oportet,
299 2799 129 46 quod
380 2799 81 46 a
412 2799 113 46 sua
477 2799 161 46 natura
590 2799 194 46 differat
719 2799 129 46 secun-

73 2835 175 51 atiomem
200 2835 96 51 si
248 2835 111 51 non
312 2835 175 51 differt
439 2835 191 51 secundum
582 2835 127 51 rem:
662 2835 111 51 sed
710 2835 143 51 quodli-

33 2875 149 38 mioum
133 2875 232 38 suppositum
316 2875 100 38 in
365 2875 116 38 sua
432 2875 183 38 ratione
565 2875 183 38 formali
681 2875 166 38 includit

66 2916 102 48 rem
125 2916 218 48 relationis,
299 2916 116 48 puta
371 2916 116 48 esse
444 2916 87 48 ad
487 2916 145 48 aliud,
589 2916 102 48 cum
647 2916 131 48 ipsum
734 2916 87 48 in
763 2916 87 48 esse

60 2953 122 48 nial
136 2953 243 48 constituitur
333 2953 213 48 relatione,
501 2953 122 48 siue
577 2953 182 48 relatiua
698 2953 137 48 proprio

102 2992 78 40 t
134 2992 155 40 quidem
242 2992 140 40 ratio
336 2992 218 40 relationis
507 2992 109 40 non
569 2992 218 40 includitur
740 2992 93 40 in
771 2992 62 40 ra

82 3034 157 45 uentiae
196 3034 86 45 vt
239 3034 143 45 patuit
339 3034 100 45 in.
396 3034 100 45 qu.
454 3034 229 45 praecedenti,
639 3034 143 45 igitur
740 3034 100 45 cum
782 3034 72 45 non

64 3066 85 54 ta
106 3066 171 54 realiter
235 3066 85 54 ab
277 3066 185 54 essentia,
420 3066 85 54 vt
463 3066 157 54 probaui
576 3066 85 54 in
619 3066 85 54 1.
662 3066 71 54 &
690 3066 85 54 2.
719 3066 128 54 conclu-

66 3109 176 63 anecesse
198 3109 102 63 est
257 3109 117 63 quod
330 3109 176 63 differat
447 3109 146 63 ratione.

915 291 82 59 2
947 291 231 59 Praeterea,
1129 291 82 59 a
1162 291 214 59 quocumque
1326 291 181 59 differt
1442 291 329 59 principiunrcansti-

919 329 160 65 tutiuum
1036 329 189 65 alicuius,
1181 329 87 65 ab
1224 329 131 65 eodem
1311 329 160 65 differt
1427 329 131 65 illud
1514 329 116 65 quod
1587 329 102 65 est
1630 329 131 65 consti-

923 375 132 61 tutum
1012 375 103 61 per
1070 375 147 61 ipsum,
1173 375 103 61 sed
1232 375 206 61 proprietas
1394 375 191 61 relatiua,
1541 375 118 61 quae
1615 375 103 61 est
1659 375 103 61 prin-

918 408 149 66 cipium
1022 408 253 66 constitutiuum
1231 408 164 66 diuinae
1350 408 179 66 personae
1483 408 164 66 differt
1602 408 164 66 ratione
1707 408 60 66 ab

909 447 234 62 essentia,
1089 447 144 62 ergo
1179 447 90 62 &
1215 447 216 62 persona.

973 517 652 84 CONCEVSIOIIII

894 572 137 86 Quod
979 572 120 86 non
1048 572 205 86 obstante
1202 572 223 86 praedicta
1373 572 223 86 omnmimoda
1527 572 240 86 simplicitate

962 636 122 65 Dei,
1038 636 122 65 puta
1114 636 122 65 quod
1191 636 137 65 nulla
1282 636 168 65 realis,
1404 636 214 65 diuersitas
1572 636 153 65 potest
1663 636 92 65 esse

952 681 99 68 in
1001 681 131 68 Deo,
1083 681 148 68 multa
1182 681 148 68 tamen
1280 681 164 68 nomina
1395 681 181 68 proprie
1510 681 263 68 significantia.

949 725 114 79 res
1014 725 179 79 mixtas,
1144 725 98 79 et
1193 725 228 79 corporales
1372 725 309 79 smilitudinarie,
1633 725 81 79 &
1649 725 114 79 tras-

954 773 212 88 sumptiue
1113 773 212 88 poterunt
1272 773 106 88 de
1325 773 123 88 Deo
1378 773 123 88 dici.

985 847 148 89 VARTO
1083 847 148 89 dico,
1182 847 131 89 quod
1264 847 115 89 non
1330 847 197 89 obstante
1478 847 197 89 predicta
1609 847 148 89 simpli

911 919 169 43 citate
1029 919 135 43 Dei,
1114 919 135 43 puta
1198 919 135 43 quod
1283 919 152 43 nulla
1384 919 169 43 realis
1503 919 237 43 diuersitas
1672 919 85 43 po-

897 954 121 65 test
972 954 121 65 esse
1048 954 91 65 in
1093 954 121 65 Deo,
1169 954 136 65 multa
1259 954 136 65 tamen
1350 954 151 65 nomina
1455 954 166 65 proprie
1561 954 196 65 significan-

895 995 104 70 tia
955 995 104 70 res
1014 995 164 70 mixtas,
1134 995 75 70 &
1164 995 209 70 corporales
1328 995 298 70 similitudinarie,
1581 995 75 70 &
1596 995 164 70 transsum-

896 1032 146 56 ptiue
993 1032 195 56 poterunt
1140 1032 98 56 de
1188 1032 114 56 Deo
1253 1032 146 56 dici.

983 1081 130 40 Quia,
1069 1081 87 40 vt
1112 1081 159 40 dicitur
1228 1081 87 40 in
1271 1081 173 40 topicis,
1401 1081 130 40 Omnes
1487 1081 245 40 transferentos
1675 1081 72 40 se-

892 1109 166 57 cundum
1008 1109 182 57 aliquam
1141 1109 282 57 similitudinem
1373 1109 265 57 transferunt,
1588 1109 116 57 sed
1638 1109 116 57 omnis

895 1154 184 59 creatura
1033 1154 230 59 aliqualiter
1217 1154 230 59 assimilatur
1401 1154 123 59 Deo,
1478 1154 123 59 quia
1555 1154 138 59 ipsum
1631 1154 123 59 imita-

890 1191 135 61 tur,
974 1191 152 61 sicut
1076 1191 236 61 exemplatum
1261 1191 135 61 suum
1345 1191 219 61 exemplar,
1514 1191 84 61 &
1548 1191 185 61 ideatum
1666 1191 101 61 suam

891 1223 153 56 ideam,
998 1223 92 56 vt
1044 1223 138 56 infra
1121 1223 153 56 patebit.

906 1270 80 50 2
938 1270 225 50 Praeterea,
1115 1270 129 50 omne
1195 1270 209 50 continens
1356 1270 177 50 aliquas
1485 1270 257 50 perfectiones
1678 1270 64 50 po

894 1312 112 53 test
964 1312 197 53 denominari
1119 1312 98 53 per
1175 1312 112 53 eas,
1245 1312 98 53 vel
1301 1312 169 53 proprie,
1428 1312 84 53 si
1470 1312 197 53 formaliter
1611 1312 141 53 continet

894 1347 118 48 eat,
968 1347 103 48 vel
1027 1347 236 48 metaphorice,
1218 1347 103 48 seu
1277 1347 265 48 transsumptiue,
1498 1347 88 48 si
1542 1347 191 48 eminenter
1674 1347 74 48 con

886 1388 150 52 tinet
986 1388 133 52 eas,
1069 1388 117 52 sed
1136 1388 133 52 Deus
1219 1388 166 52 omnium
1336 1388 250 52 creaturarum
1519 1388 233 52 perfectionem

899 1423 179 62 continet,
1037 1423 97 62 aut
1092 1423 207 62 formaliter,
1258 1423 97 62 aut
1313 1423 179 62 emineter,
1451 1423 83 62 vt
1493 1423 152 62 patuit,
1603 1423 179 62 superius,

898 1460 122 62 ergo
974 1460 91 62 ab
1019 1460 122 62 omni
1095 1460 182 62 creatura
1232 1460 167 62 poterit
1354 1460 198 62 nominari,
1506 1460 76 62 &
1536 1460 91 62 si
1582 1460 106 62 non
1627 1460 122 62 semper

894 1508 183 41 proprie,
1031 1508 137 41 tamen
1123 1508 275 41 transsumptiue:
1352 1508 168 41 propter
1474 1508 107 41 hoc
1535 1508 107 41 ait
1596 1508 122 41 Aug.
1657 1508 92 41 quod

890 1543 125 62 Deus
968 1543 172 62 dicitur
1093 1543 125 62 Leo,
1171 1543 156 62 Petra,
1280 1543 140 62 Fapis
1374 1543 218 62 angularis,
1545 1543 78 62 &
1576 1543 156 62 cetera
1670 1543 78 62 hu-

877 1585 191 52 iusmodi
1016 1585 122 52 per
1085 1585 295 52 similitudinem
1328 1585 122 52 non
1398 1585 122 52 per
1467 1585 295 52 proprictatem.

902 1623 81 54 3
934 1623 226 54 Praeterea,
1111 1623 145 54 illae
1208 1623 290 54 transsumptiuae
1450 1623 226 54 locutiones
1627 1623 97 54 de
1659 1623 81 54 Deo

882 1667 163 49 multum
996 1667 130 49 sunt
1077 1667 146 49 nobis
1174 1667 260 49 necessariae,
1386 1667 130 49 quia
1467 1667 163 49 quanto
1581 1667 146 49 minor
1662 1667 81 49 est

886 1701 188 49 proportio
1030 1701 217 49 intellectus
1204 1701 87 49 ad
1248 1701 261 49 intelligibile,
1465 1701 130 49 tanto
1552 1701 130 49 magis
1639 1701 101 49 est
1682 1701 58 49 no

882 1750 128 45 cesse
967 1750 99 45 vti
1024 1750 270 45 similitudinaria
1251 1750 241 45 declaratione,
1450 1750 85 45 vt
1492 1750 99 45 per
1549 1750 128 45 ipsam
1620 1750 128 45 simili-

891 1780 173 43 tudinem
1017 1780 220 43 deueniamus
1190 1780 94 43 ad
1237 1780 188 43 notitiam
1378 1780 220 43 veritatis,
1551 1780 110 43 sed
1598 1780 141 43 obiecti

882 1820 177 49 diuinum
1011 1820 161 49 maxime
1124 1820 177 49 excedit
1253 1820 177 49 nostrum
1381 1820 258 49 intellectum,
1591 1820 129 49 quia
1655 1820 81 49 si-

887 1859 100 51 cut
944 1859 86 51 se
987 1859 129 51 habet
1073 1859 143 51 oculus
1173 1859 157 51 noctuae
1287 1859 86 51 ad
1330 1859 129 51 lucem
1416 1859 143 51 solis,
1516 1859 100 51 sic
1573 1859 86 51 se
1616 1859 129 51 habet
1688 1859 57 51 a-

892 1897 127 49 nimae
976 1897 155 49 nostrae
1089 1897 211 49 intellectus
1258 1897 85 49 ad
1300 1897 99 49 ea,
1357 1897 113 49 quae
1427 1897 113 49 sunt
1498 1897 254 49 manifestissima
1695 1897 56 49 in

888 1935 173 46 natura,
1014 1935 94 46 vt
1061 1935 173 46 dicitur
1187 1935 94 46 2.
1234 1935 157 46 metaph
1344 1935 126 46 ipse
1422 1935 126 46 enim
1501 1935 141 46 lucem
1579 1935 157 46 inhabita

884 1969 304 55 inaccessibilem,
1140 1969 128 55 quem
1220 1969 160 55 nullus
1332 1969 176 55 hominum
1460 1969 160 55 vidit,
1572 1969 112 55 nec
1620 1969 128 55 videre

897 2015 160 54 potest,
1014 2015 116 54 ergo
1086 2015 160 54 necesse
1203 2015 102 54 est
1261 2015 131 54 nobis
1348 2015 102 54 vti
1406 2015 247 54 metaphorieis,
1609 2015 73 54 &
1624 2015 116 54 trans-

887 2054 224 44 sumptiuis,
1063 2054 128 44 quod
1143 2054 96 44 ad
1191 2054 144 44 Deum,
1287 2054 433 44 appellationibsrupropter
1656 2054 80 44 hos

885 2095 103 50 ait
944 2095 147 50 Diony.
1047 2095 88 50 1.
1091 2095 88 50 de
1136 2095 177 50 angelica
1268 2095 221 50 hierarchia,
1445 2095 103 50 Non
1503 2095 118 50 enim
1577 2095 103 50 est
1621 2095 118 50 possi-

880 2131 117 49 bile
953 2131 146 49 aliter
1055 2131 131 49 nobis
1143 2131 146 49 lucere
1245 2131 160 49 diuinum
1361 2131 160 49 radium,
1478 2131 117 49 nisi
1551 2131 189 49 varietate
1682 2131 58 49 sa

889 2171 173 39 crorum
1010 2171 225 39 velaminum
1183 2171 225 39 anagogice
1339 2171 260 39 circumuelatum

886 2206 118 52 Sed
954 2206 168 52 contra
1071 2206 152 52 illud
1172 2206 219 52 occasione
1341 2206 269 52 precedentium
1543 2206 202 52 conclusio-

879 2244 104 50 num
939 2244 149 50 potest
1028 2244 149 50 instari.

894 2292 83 41 1
928 2292 132 41 Quia
1010 2292 149 41 purus
1109 2292 149 41 actus
1208 2292 116 41 non
1274 2292 182 41 videtur
1407 2292 165 41 habere
1522 2292 182 41 aliquam
1638 2292 99 41 simi

886 2322 213 53 litudinem
1050 2322 115 53 cum
1115 2322 115 53 co,
1181 2322 131 53 quod
1263 2322 279 53 essentialiter
1493 2322 148 53 habet
1575 2322 164 53 admixtam

892 2369 210 41 potentiam,
1057 2369 105 41 sed
1117 2369 120 41 Deus
1192 2369 105 41 est
1252 2369 135 41 purus
1343 2369 150 41 actus,
1448 2369 75 41 &
1478 2369 135 41 omnis
1553 2369 180 41 corporalis

888 2409 190 49 troatura
1031 2409 142 49 habet
1126 2409 269 49 essentialiter
1347 2409 190 49 admixtam
1490 2409 222 49 potentiam,
1648 2409 95 49 puta

892 2447 145 51 primam
993 2447 188 51 materiam,
1138 2447 116 51 quae
1210 2447 101 51 est
1268 2447 116 51 pura
1340 2447 188 51 potentia,
1485 2447 87 51 vt
1528 2447 130 51 patet
1615 2447 87 51 2.
1644 2447 87 51 phy-

884 2484 177 42 sicorum:
1017 2484 118 42 ipsa
1091 2484 118 42 enim
1165 2484 295 42 substantificatur
1415 2484 103 42 per
1474 2484 148 42 posse,
1578 2484 74 42 &
1592 2484 148 42 potentia

890 2521 96 42 est
945 2521 110 42 eius
1014 2521 206 42 differentia
1179 2521 220 42 essentialis,
1357 2521 96 42 sen
1412 2521 247 42 substantialis,
1618 2521 82 42 Vt
1646 2521 96 42 dicit

891 2555 169 52 Commen.
1014 2555 92 52 in
1060 2555 92 52 de
1106 2555 215 52 substantia
1275 2555 154 52 orbis:
1382 2555 108 52 Cum
1444 2555 154 52 igitur
1552 2555 138 52 omnes
1628 2555 108 52 trans

888 2594 190 60 ferentes
1030 2594 190 60 secundum
1173 2594 174 60 aliquam
1299 2594 269 60 similitudinem
1521 2594 253 60 transferant,

891 2636 181 46 videtur,
1027 2636 121 46 quod
1102 2636 151 46 nullum
1207 2636 136 46 nomen
1298 2636 196 46 videlicet
1449 2636 166 46 illarum
1569 2636 136 46 rerum
1645 2636 90 46 cor-

892 2678 198 49 porarlium
1044 2678 122 49 sibi
1120 2678 152 49 possit
1227 2678 198 49 competere
1364 2678 228 49 traussumpiue,

906 2717 78 45 2
938 2717 219 45 Praeterea,
1110 2717 157 45 illud,
1220 2717 125 45 quod
1298 2717 110 45 est
1361 2717 157 45 omnino
1471 2717 188 45 simplex,
1612 2717 157 45 nullam

891 2749 171 50 videtur
1016 2749 156 50 habere
1125 2749 265 50 similitudinem
1343 2749 109 50 cum
1406 2749 94 50 re
1452 2749 234 50 fimpliciter
1624 2749 109 50 compo

875 2788 141 61 sita,
969 2788 110 61 sed
1032 2788 125 61 Deus
1110 2788 110 61 est
1173 2788 141 61 omino
1267 2788 188 61 simplex,
1407 2788 110 61 cum
1470 2788 94 61 in
1517 2788 203 61 supposito
1658 2788 78 61 qi-

880 2828 120 47 uino
955 2828 135 47 nulla
1044 2828 105 47 sit
1104 2828 149 47 omnino
1209 2828 149 47 realis
1314 2828 224 47 distinctio,
1493 2828 75 47 &
1523 2828 209 47 suppositum
1672 2828 60 47 in

879 2872 89 46 eo
924 2872 179 46 realiter
1058 2872 104 46 sit
1117 2872 134 46 idem,
1206 2872 119 46 quod
1281 2872 164 46 natura,
1400 2872 89 46 vt
1444 2872 134 46 patet
1534 2872 104 46 per
1578 2872 164 46 predicta;

879 2911 139 50 omnis
971 2911 139 50 autem
1063 2911 216 50 corporalis
1233 2911 185 50 creatura
1372 2911 108 50 est
1433 2911 231 50 simpliciter
1603 2911 123 50 compo-

876 2947 135 53 sita,
966 2947 120 53 ergo
1026 2947 75 53 &c.

921 2961 76 74 3
951 2961 213 74 Praeterea,
1119 2961 213 74 similitudo
1286 2961 106 74 est
1347 2961 137 74 rerum
1438 2961 243 74 differentiam
1621 2961 106 74 eaden

883 3031 173 52 ualitas,
1012 3031 87 52 vt
1056 3031 130 52 patet
1142 3031 87 52 s.
1186 3031 144 52 metaph
1287 3031 101 52 sed
1344 3031 87 52 in
1388 3031 101 52 Deo
1445 3031 130 52 nulla
1532 3031 101 52 est
1575 3031 159 52 qualitas;

881 3068 126 56 quia
960 3068 189 56 secundum
1102 3068 173 56 August.
1228 3068 95 56 5.
1275 3068 95 56 de
1322 3068 158 56 trini:
1433 3068 126 56 Deus
1511 3068 173 56 dicitur
1622 3068 110 56 bonus

881 3106 105 65 une
926 3106 180 65 qualitate.
