2365 3547
239 338 713 68 CONCLVSIO

416 417 151 88 Quod
510 417 151 88 Deus
605 417 170 88 primo
699 417 207 88 cognoscit

567 479 183 67 seipsum.

225 545 446 82 SONCLVSIONEM
587 545 279 82 primam
782 545 251 82 probo
922 545 167 82 sic.

254 609 88 46 1
290 609 316 46 Perfectissimae
553 609 263 46 cognitionis
763 609 210 46 obiectum
903 609 193 46 primarium

244 648 132 46 debet
333 648 118 46 esse
406 648 279 46 perfectissimum:
641 648 103 46 Dei
700 648 176 46 cognitio
832 648 103 46 est
876 648 221 46 perfectissima

238 689 77 41 &
268 689 123 41 ipse
345 689 123 41 Deus
422 689 108 41 est
484 689 185 41 obiectum
623 689 293 41 perfectissimum,
869 689 108 41 cum
931 689 108 41 sit
977 689 123 41 perfe-

237 729 121 46 ctus
312 729 211 46 vniuersali
478 729 241 46 perfectione,
674 729 75 46 &
704 729 90 46 in
749 729 90 46 se
795 729 151 46 habeat
885 729 211 46 perfectiones

243 769 161 50 omnium
356 769 193 50 generum,
501 769 97 50 vt
549 769 177 50 dicitur
678 769 81 50 3
710 769 161 50 metah.
823 769 129 50 ergo
887 769 81 50 &c.

249 807 76 45 2
279 807 214 45 Praeterea,
447 807 275 45 simplicissimae
676 807 229 45 cognitionis
859 807 198 45 primarium
996 807 107 45 obie-

245 845 114 44 ctum
316 845 128 44 debet
401 845 114 44 esse
472 845 128 44 tale,
557 845 99 44 quo
614 845 128 44 nihil
699 845 142 44 possit
799 845 170 44 cogitari
912 845 185 44 simplicius;

231 884 107 50 sed
292 884 183 50 cognitio
429 884 107 50 Dei
490 884 107 50 est
551 884 274 50 simplicissima:
779 884 122 50 quia
855 884 152 50 primum
962 884 91 50 in
992 884 107 50 quoli

240 926 102 41 bet
299 926 145 41 genere
400 926 102 41 est
458 926 261 41 simplicissimum
676 926 145 41 illius
778 926 174 41 generis;
908 926 102 41 sed
966 926 87 41 in
995 926 102 41 gene-

229 964 95 41 re
277 964 237 41 cognitionis
466 964 190 41 cognitio
608 964 111 41 Dei
672 964 111 41 est
735 964 158 41 omnino
845 964 158 41 prima,
956 964 79 41 &
987 964 111 41 Deo
1035 964 63 41 ni

241 1002 105 47 hil
301 1002 209 47 simplicius
465 1002 149 47 potest
570 1002 194 47 cogitari,
719 1002 105 47 cum
779 1002 120 47 ipse
854 1002 105 47 sit
914 1002 149 47 omnino
1003 1002 90 47 sim-

254 1037 124 56 lex,
331 1037 93 56 vt
377 1037 139 56 patet
470 1037 93 56 ia
501 1037 139 56 metaph-

244 1080 78 47 3
276 1080 220 47 Praeterea,
448 1080 235 47 cognitionis
637 1080 204 47 totaliter
794 1080 267 47 independentis
998 1080 94 47 pri-

233 1119 157 47 marium
343 1119 188 47 obiectum
484 1119 110 47 est
547 1119 204 47 totaliter
703 1119 251 47 independens.
907 1119 125 47 illa
970 1119 125 47 patet.

246 1168 117 47 quia
320 1168 103 47 non
378 1168 147 47 potest
481 1168 117 47 esse
554 1168 132 47 minor
642 1168 220 47 dependentia
818 1168 88 47 in
862 1168 117 47 ipsa
936 1168 191 47 cognitio¬

230 1198 104 46 ne,
290 1198 119 46 quam
364 1198 89 46 in
408 1198 104 46 suo
468 1198 163 46 obiecto
587 1198 193 46 primario,
735 1198 74 46 a
765 1198 104 46 quo
825 1198 253 46 specificatur.
1018 1198 74 46 Sec

237 1238 175 43 cognitio
369 1238 102 43 Dei
427 1238 102 43 est
485 1238 146 43 omnino
587 1238 233 43 independens,
777 1238 117 43 quia
850 1238 88 43 si
894 1238 131 43 esset
967 1238 131 43 aliquis

230 1279 210 45 dependens,
395 1279 120 45 tunc
470 1279 135 45 esset
560 1279 195 45 creatura,
709 1279 75 45 &
739 1279 135 45 solus
829 1279 120 45 Deus
904 1279 105 45 est
949 1279 150 45 obiectum

239 1323 201 42 totaliter
393 1323 248 42 independens:
594 1323 124 42 quia
672 1323 155 42 omnia,
780 1323 124 42 quae
857 1323 124 42 sunt
935 1323 139 42 citra
1012 1323 93 42 Deum

248 1357 210 41 sependent
409 1357 81 41 a
441 1357 129 41 Deo,
522 1357 81 41 &
554 1357 97 41 ad
603 1357 145 41 ipsum
700 1357 242 41 ordinantur,
893 1357 97 41 vt
942 1357 145 41 patet
1022 1357 81 41 me-

233 1402 208 40 thaphysi,
393 1402 128 40 ergo
473 1402 144 40 solus
569 1402 128 40 Deus
649 1402 112 40 est
713 1402 192 40 obiectum
857 1402 208 40 primarium
1001 1402 96 40 suae

226 1436 223 53 cognitionis,

241 1474 78 45 4
273 1474 218 45 Praeterea,
443 1474 264 45 intellectibus
661 1474 233 45 oppositarum
847 1474 233 45 conditionum
1018 1474 78 45 exi

243 1511 206 49 stentibus,
405 1511 191 49 oppositus
552 1511 177 49 competit
685 1511 132 49 modus
773 1511 177 49 tendendi
906 1511 88 49 in
935 1511 162 49 obiectum;

230 1558 106 43 sed
290 1558 227 43 intellectus
472 1558 182 43 diuinus,
609 1558 76 43 &
639 1558 227 43 intellectus
821 1558 167 43 humanus
942 1558 121 43 sunt
1003 1558 91 43 oppo

250 1589 151 50 itarum
356 1589 242 50 conditionum,
553 1589 91 50 eo
598 1589 121 50 quod
674 1589 227 50 intellectus
856 1589 167 50 diuinus
977 1589 106 50 sit
1022 1589 76 50 pu-

244 1630 101 43 rus
301 1630 130 43 actus
388 1630 87 43 in
431 1630 144 43 genere
532 1630 289 43 intelligibilium,
778 1630 87 43 vt
821 1630 130 43 patet
907 1630 101 43 12.
965 1630 144 43 metap.
1052 1630 43 43 8

243 1673 218 45 intellectus
418 1673 145 45 noster
519 1673 102 45 sit
577 1673 116 45 pura
650 1673 174 45 potentia
781 1673 87 45 in
824 1673 145 45 genere
911 1673 189 45 intelligibs

243 1706 131 48 lium,
331 1706 87 48 vt
375 1706 131 48 patet
462 1706 102 48 per
520 1706 131 48 Auer.
608 1706 87 48 in
651 1706 87 48 3.
695 1706 87 48 de
739 1706 146 48 anima.
841 1706 102 48 Cum
899 1706 146 48 igitur
986 1706 117 48 noster

243 1748 226 49 intellectus
423 1748 135 49 prius
514 1748 195 49 cognoscat
664 1748 120 49 alia
739 1748 75 49 a
769 1748 105 49 se,
829 1748 75 49 &
859 1748 180 49 mediante
980 1748 120 49 cogni-

245 1796 137 37 tione
336 1796 168 37 aliorum
459 1796 183 37 deueniat
596 1796 92 37 in
642 1796 229 37 cognitionem
825 1796 214 37 suiipsius,
993 1796 92 37 vt
1024 1796 76 37 pa-

249 1825 108 48 tet
310 1825 92 48 3.
356 1825 92 48 de
402 1825 154 48 anima,
510 1825 123 48 ergo
587 1825 231 48 intellectus
772 1825 169 48 diuinus
895 1825 169 48 tamquam
1002 1825 108 48 prima

249 1863 126 48 rium
328 1863 189 48 obiectum
470 1863 126 48 suae
549 1863 237 48 cognitionis
738 1863 237 48 apprehendit
927 1863 189 48 seipsum,
1054 1863 47 48 &

242 1904 257 57 cognoscendo
447 1904 103 57 se
499 1904 223 57 cognoscit
670 1904 154 57 alia.

334 1942 205 45 praeterea,
495 1942 292 45 voluptuosissimum
743 1942 219 45 intelligere
919 1942 102 45 est
977 1942 73 45 a
992 1942 102 45 volus

249 1987 201 45 tuosissimo
407 1987 173 45 obiecto:
536 1987 101 45 sed
594 1987 216 45 intelligere
766 1987 101 45 Dei
824 1987 101 45 est
867 1987 230 45 uoluptuosissi-

249 2020 117 48 mum,
323 2020 88 48 vt
367 2020 162 48 dicitur
484 2020 103 48 12.
543 2020 147 48 metap.
646 2020 73 48 &
675 2020 147 48 diuina
778 2020 176 48 essentia
910 2020 103 48 est
954 2020 147 48 obiectum

221 2062 379 55 voluptuosissimum.

242 2099 80 49 3
274 2099 225 49 Praeterea,
451 2099 177 49 Auicen.
580 2099 96 49 in
628 2099 113 49 sua
692 2099 161 49 metaph
805 2099 129 49 ait,
885 2099 129 49 quod
965 2099 129 49 Deus
1030 2099 80 49 est

243 2144 250 49 intellector,
446 2144 78 49 &
478 2144 250 49 comprehensor
681 2144 125 49 sui,
759 2144 94 49 eo
805 2144 125 49 quod
883 2144 109 49 sua
930 2144 172 49 quidditas

248 2183 133 46 est
324 2183 228 46 spoliata
495 2183 95 46 a
514 2183 190 46 materia.

277 2220 97 47 Sed
333 2220 139 47 contra
430 2220 97 47 iam
485 2220 139 47 dictam
582 2220 166 47 veritate
707 2220 194 47 sophystice
859 2220 139 47 posset
956 2220 125 47 argui
1026 2220 83 47 sic-

258 2263 76 43 1
288 2263 136 43 Nulla
379 2263 167 43 persona
500 2263 151 43 diuina
606 2263 212 43 intelligit
773 2263 106 43 se,
833 2263 121 43 ergo
909 2263 121 43 Deus
985 2263 106 43 non
1030 2263 76 43 in-

248 2303 173 50 telligit
377 2303 86 50 se
420 2303 230 50 consequentia
607 2303 144 50 patet:
708 2303 115 50 quia
780 2303 158 50 qucquid
895 2303 173 50 conuenit
1025 2303 115 50 Deo,

254 2344 165 41 oportet,
378 2344 110 41 quod
447 2344 179 41 conueniat
585 2344 138 41 alicui
682 2344 152 41 diuinae
792 2344 165 41 persone,
916 2344 110 41 ergo
985 2344 69 41 a
999 2344 110 41 destru

261 2373 153 50 ctione
368 2373 244 50 consequentis
566 2373 107 50 &c.
627 2373 214 50 Antecedens
795 2373 198 50 probatur,
947 2373 122 50 quia
1008 2373 92 50 actu

259 2414 219 45 relationem
431 2414 235 45 importantes
619 2414 109 45 non
682 2414 125 45 sunt
760 2414 203 45 reciproci
916 2414 94 45 in
948 2414 156 45 diuinis;

257 2454 98 51 sed
313 2454 139 51 scire,
410 2454 70 51 &
438 2454 209 51 intelligere
605 2454 98 51 vel
661 2454 111 51 sunt
731 2454 125 51 ipsae
814 2454 195 51 relationes
954 2454 153 51 potentiae

252 2494 90 55 ad
297 2494 195 55 obiectum,
447 2494 90 55 vt
493 2494 150 55 quidam
598 2494 165 55 dicunt,
718 2494 105 55 vel
778 2494 150 55 saltem
883 2494 211 55 necessario
1034 2494 75 55 con

249 2538 201 45 cernunt
377 2538 237 45 relationem.

261 2565 77 52 2
291 2565 108 52 Ite
353 2565 139 52 Dion.
446 2565 93 52 7.
492 2565 93 52 de
538 2565 170 52 diuinis
662 2565 201 52 nominibus
816 2565 123 52 ait.
893 2565 123 52 Deus
970 2565 108 52 est
1016 2565 93 52 sine

247 2611 153 57 sensu,
354 2611 122 57 siue
430 2611 138 57 mete,
522 2611 107 57 non
583 2611 153 57 habens
690 2611 275 57 intellectuales
904 2611 199 57 operationes

303 2648 107 49 ped
364 2648 122 49 ista
440 2648 107 49 non
501 2648 213 49 impediunt:
668 2648 122 49 quia
744 2648 152 49 quanto
851 2648 183 49 obiectum
988 2648 107 49 est
1034 2648 76 49 pu-

250 2684 129 60 rius,
335 2684 71 60 &
364 2684 257 60 immaterialius,
578 2684 129 60 tanto
664 2684 186 60 purissimo
807 2684 200 60 itellectui
950 2684 157 60 obiicitur

255 2724 148 60 prius,
359 2724 74 60 &
388 2724 133 60 magis
477 2724 178 60 proprie:
611 2724 104 60 sed
670 2724 178 60 essentia
803 2724 148 60 diuina
907 2724 104 60 est
951 2724 163 60 denundata

263 2767 86 49 ib
306 2767 115 49 omni
377 2767 172 49 materia,
507 2767 72 49 &
535 2767 273 49 potentialitate,
765 2767 86 49 vt
808 2767 129 49 patet
894 2767 86 49 8.
923 2767 186 49 physicorum,

249 2811 73 47 &
279 2811 88 47 12
322 2811 117 47 meta
396 2811 88 47 in
439 2811 161 47 tantum.
556 2811 88 47 n.
600 2811 117 47 Deus
673 2811 102 47 est
732 2811 249 47 immaterialis,
937 2811 117 47 quod
995 2811 117 47 secun-

255 2842 117 50 dum
322 2842 133 50 Dam.
405 2842 100 50 2.
455 2842 133 50 libs
539 2842 133 50 omne
622 2842 150 50 aliud
722 2842 100 50 ad
772 2842 133 50 Deum
855 2842 233 50 comparatum
1022 2842 100 50 gros

248 2884 120 59 sum,
323 2884 75 59 &
353 2884 194 59 materiale
502 2884 209 59 inuenitur.
667 2884 224 59 Intellectus
846 2884 135 59 etiam
936 2884 164 59 diuinus
1040 2884 75 59 est

254 2924 228 56 purissimus,
436 2924 106 56 cum
497 2924 106 56 sit
557 2924 137 56 purus
648 2924 152 56 actus,
755 2924 91 56 vt
800 2924 137 56 patet
891 2924 137 56 eodem
982 2924 106 56 12.
1028 2924 91 56 meta

266 2969 98 42 Cum
322 2969 140 42 igitur
420 2969 168 42 essentia
546 2969 140 42 diuina
644 2969 140 42 semper
743 2969 112 42 sibi
813 2969 168 42 praesens
939 2969 112 42 sit,
1009 2969 84 42 ut
1037 2969 84 42 actu

258 3007 258 47 intelligibilis,
476 3007 177 47 sequitur,
612 3007 109 47 quod
680 3007 122 47 talis
761 3007 163 47 essentia
884 3007 109 47 sibi
938 3007 177 47 propriissi-

263 3048 91 51 me
308 3048 242 51 obiljciatur,
505 3048 76 51 &
535 3048 121 51 ipse
610 3048 106 51 eam
671 3048 212 51 intelligat
837 3048 166 51 tamquam
958 3048 121 51 suum
1018 3048 91 51 pro-

259 3082 154 56 prium
362 3082 86 56 &
396 3082 222 56 primarium
550 3082 188 56 obiectum,

298 3123 96 46 od
346 3123 159 46 primum
457 3123 207 46 dicendum,
616 3123 127 46 quod
696 3123 175 46 relatio
823 3123 191 46 secundum
951 3123 159 46 rationem

1128 286 138 70 potest
1225 286 110 70 esse
1293 286 179 70 reciproca
1431 286 124 70 etiam
1513 286 83 70 in
1555 286 165 70 diuinis,
1678 286 110 70 quia
1747 286 124 70 pater
1830 286 96 70 est
1871 286 110 70 sibiip

1129 338 91 54 si
1174 338 137 54 idem,
1265 338 76 54 &
1296 338 106 54 per
1357 338 213 54 consequens
1523 338 197 54 relatione
1675 338 228 54 identitatis
1842 338 152 54 refertur

1134 381 90 43 ad
1179 381 179 43 seipsum,
1313 381 105 43 sed
1373 381 134 43 scire
1463 381 105 43 vel
1522 381 224 43 intelligere
1701 381 164 43 diuinum
1821 381 105 43 non
1866 381 119 43 concer

1133 419 110 51 nit
1196 419 235 51 relationem,
1384 419 125 51 nisi
1462 419 188 51 secundum
1603 419 203 51 rationem,
1759 419 125 51 ergo
1822 419 172 51 huiusmodi

1132 459 124 47 actus
1215 459 152 47 possunt
1326 459 111 47 esse
1395 459 180 47 reciproci
1533 459 83 47 in
1575 459 166 47 diuinis.

1172 498 95 48 Ad
1220 498 189 48 secundum
1361 498 205 48 dicendum,
1519 498 126 48 quod
1598 498 110 48 per
1661 498 142 48 talia
1755 498 142 48 verba
1850 498 110 48 non
1897 498 79 48 in-

1124 541 178 42 tendit,
1253 541 130 42 Dion
1334 541 81 42 a
1367 541 113 42 Deo
1431 541 162 42 negare
1545 541 291 42 intellectualem
1772 541 211 42 operationem

1127 573 145 47 super
1223 573 241 47 excedentem,
1416 573 112 47 sed
1480 573 145 47 solum
1577 573 257 47 deficientem,
1785 573 128 47 quae
1850 573 128 47 compe-

1133 614 100 51 tit
1176 614 171 51 creaturis.

1231 680 243 84 cO
1353 680 365 84 NCLVS
1597 680 243 84 1O
1678 680 162 84 I.

1131 772 169 94 Quod
1236 772 169 94 Deus
1342 772 317 94 cognoscendo
1595 772 127 94 se
1638 772 232 94 cognoscit

1463 835 190 74 alia
1582 835 119 74 a
1606 835 119 74 se.

1153 927 182 49 MECVNDO
1286 927 149 49 dixi,
1385 927 132 49 quod
1468 927 132 49 Deus
1551 927 248 49 cognoscendo
1749 927 116 49 se,
1799 927 182 49 cognoscit

1136 951 76 70 D
1166 951 137 70 omnia
1258 951 122 70 alia
1334 951 153 70 creata
1426 951 244 70 cognoscibilia.

1135 1009 81 50 1
1167 1009 129 50 Quia
1248 1009 113 50 qui
1313 1009 194 50 persecte
1458 1009 210 50 cognoscit
1619 1009 178 50 aliquam
1749 1009 178 50 causam,
1862 1009 129 50 neces-

1126 1046 137 44 sario
1217 1046 198 44 cognoscet
1370 1046 122 44 omne
1446 1046 153 44 illud,
1553 1046 122 44 quod
1629 1046 107 44 per
1690 1046 92 44 se
1736 1046 183 44 causatur
1873 1046 76 44 a
1888 1046 92 44 tali

1135 1089 143 43 causa,
1235 1089 100 43 sed
1292 1089 114 43 Deus
1363 1089 171 43 perfecte
1492 1089 186 43 cognoscit
1634 1089 171 43 seipsum,
1763 1089 86 43 ut
1805 1089 128 43 patet
1891 1089 86 43 in
1920 1089 71 43 com

1139 1123 171 55 clusione
1267 1123 228 55 praecedenti,
1452 1123 71 55 &
1480 1123 114 55 ipse
1551 1123 100 55 est
1608 1123 100 55 per
1665 1123 85 55 se
1708 1123 128 55 causa
1793 1123 156 55 omnium,
1893 1123 85 55 quae

1134 1163 119 52 sunt
1209 1163 134 52 citra
1298 1163 149 52 ipsum:
1402 1163 119 52 quia
1476 1163 89 52 de
1521 1163 104 52 Deo
1580 1163 104 52 ait
1640 1163 119 52 Com.
1714 1163 89 52 2.
1759 1163 134 52 meth.
1848 1163 104 52 Est
1893 1163 89 52 enim

1131 1205 162 45 quoddam
1249 1205 103 45 ens
1308 1205 103 45 per
1367 1205 88 45 se
1411 1205 118 45 ens,
1484 1205 74 45 &
1514 1205 103 45 per
1572 1205 88 45 se
1616 1205 147 45 verum,
1719 1205 191 45 entitate,
1866 1205 74 45 &
1881 1205 103 45 veri-

1126 1245 119 44 tate
1200 1245 133 44 cuius
1289 1245 133 44 omnia
1378 1245 119 44 alia
1452 1245 119 44 sunt
1526 1245 148 44 entia,
1630 1245 74 44 &
1660 1245 133 44 vera:
1749 1245 119 44 ergo
1823 1245 119 44 Deus
1882 1245 104 44 cogno

1139 1280 142 52 cendo
1234 1280 95 52 se
1281 1280 205 52 cognoscit
1439 1280 142 52 omnia
1533 1280 126 52 alia
1612 1280 79 52 a
1628 1280 63 52 se

1143 1323 73 44 2
1173 1323 205 44 Praeterea,
1334 1323 146 44 illud,
1436 1323 117 44 quod
1509 1323 132 44 omnia
1597 1323 117 44 alia
1670 1323 161 44 dirigit
1787 1323 88 44 in
1831 1323 117 44 suos
1890 1323 102 44 fines

1135 1359 181 48 ordinate,
1274 1359 195 48 necessario
1428 1359 181 48 cognoscit
1567 1359 98 48 ea:
1623 1359 111 48 quia
1692 1359 84 48 si
1734 1359 98 48 non
1790 1359 223 48 cognosceret,

1130 1396 123 45 tunc
1207 1396 123 45 casu
1284 1396 200 45 dirigeret
1437 1396 108 45 ea,
1499 1396 77 45 &
1530 1396 108 45 per
1591 1396 215 45 consequens
1761 1396 108 45 non
1807 1396 169 45 ordinate;

1130 1437 111 44 sed
1193 1437 127 44 Deus
1273 1437 111 44 per
1336 1437 142 44 modum
1431 1437 158 44 artis,
1542 1437 79 44 &
1573 1437 190 44 ordinate
1716 1437 142 44 omnia
1811 1437 174 44 dirigit
1922 1437 63 44 in

1134 1476 123 49 suum
1211 1476 154 49 finem:
1318 1476 108 49 nam
1380 1476 139 49 etiam
1473 1476 123 49 ipse
1550 1476 231 49 commentator
1734 1476 77 49 a
1765 1476 185 49 veritate
1889 1476 92 49 cona

1132 1516 111 42 ctus
1201 1516 83 42 12
1243 1516 166 42 metaphy.
1368 1516 111 42 ait,
1437 1516 111 42 quod
1506 1516 152 42 calores
1617 1516 166 42 generati
1742 1516 83 42 ex
1783 1516 180 42 coloribus
1908 1516 83 42 stel

1131 1554 147 45 larum
1229 1554 229 45 generantes
1409 1554 213 45 quamlibet
1572 1554 180 45 speciem
1703 1554 213 45 specierum
1850 1554 131 45 anima-

1143 1595 125 42 ium,
1221 1595 156 42 habent
1330 1595 187 42 mensuras
1471 1595 187 42 proprias
1611 1595 94 42 ex
1658 1595 265 42 quantitatibus
1860 1595 125 42 motuum

1127 1632 221 44 stellarum,
1301 1632 79 44 &
1332 1632 284 44 dispositonibus
1569 1632 142 44 earum
1663 1632 95 44 ad
1710 1632 173 44 inuicem
1836 1632 95 44 in
1868 1632 126 44 propin

1150 1680 163 47 uitate,
1269 1680 74 47 &
1299 1680 208 47 remotione,
1462 1680 74 47 &
1492 1680 119 47 illa
1566 1680 178 47 inensura
1700 1680 178 47 prouenit
1834 1680 89 47 ab
1878 1680 119 47 arte
1938 1680 59 47 di

1147 1718 98 47 ina
1203 1718 252 47 intellectuali,
1413 1718 112 47 quae
1483 1718 98 47 est
1539 1718 154 47 similis
1652 1718 70 47 &
1680 1718 182 47 vniformis
1820 1718 126 47 vnius
1890 1718 98 47 artis

1154 1750 215 45 rincipalis,
1326 1750 100 45 sub
1383 1750 100 45 qua
1440 1750 129 45 fiunt
1526 1750 143 45 plures
1612 1750 115 45 artes,

1141 1797 76 39 3
1171 1797 214 39 Praeterea,
1340 1797 153 39 quanto
1447 1797 184 39 potentia
1584 1797 107 39 est
1645 1797 229 39 perfectior,
1829 1797 138 39 tanto
1906 1797 76 39 mi-

1146 1837 87 40 us
1190 1837 102 40 est
1248 1837 190 40 limitata:
1394 1837 102 40 sed
1453 1837 131 40 inter
1540 1837 131 40 omnes
1628 1837 131 40 alias
1715 1837 190 40 potentias
1846 1837 146 40 cogniti-

1147 1869 87 47 as
1191 1869 233 47 intellectiua
1380 1869 102 47 est
1439 1869 218 47 perfectior,
1613 1869 73 47 &
1643 1869 131 47 inter
1730 1869 131 47 omnes
1803 1869 189 47 intellecti-

1132 1905 100 44 uas
1189 1905 143 44 diuina
1289 1905 171 44 potentia
1417 1905 228 44 intellectiua
1602 1905 100 44 est
1659 1905 257 44 perfectissima,
1873 1905 114 44 ergo
1930 1905 57 44 in

1134 1946 140 47 nullo
1228 1946 171 47 poterit
1352 1946 124 47 esse
1430 1946 202 47 limitata,
1585 1946 78 47 &
1616 1946 109 47 per
1678 1946 233 47 consequensD
1865 1946 109 47 eus
1911 1946 78 47 om-

1138 1992 107 51 nia
1199 1992 213 51 cognoscet,
1366 1992 137 51 luxta
1458 1992 122 51 quod
1534 1992 183 51 dicitur,
1671 1992 137 51 Omnia
1762 1992 137 51 nuda,
1854 1992 76 51 &
1869 1992 122 51 aperta

1138 2024 121 44 sunt
1214 2024 152 44 oculis
1320 2024 137 44 eius,
1411 2024 91 44 ad
1457 2024 121 44 quem
1533 2024 137 44 nobis
1609 2024 121 44 sermo.

1150 2064 74 44 4
1180 2064 206 44 Praeterea,
1342 2064 147 44 beatus
1445 2064 132 44 Oreg.
1533 2064 118 44 2it.
1606 2064 118 44 Quid
1680 2064 118 44 est,
1754 2064 118 44 quod
1827 2064 103 44 non
1871 2064 118 44 videat

1154 2105 91 42 ui
1199 2105 181 42 videntem
1335 2105 136 42 omnia
1426 2105 151 42 videt,
1531 2105 106 42 sed
1592 2105 151 42 videre
1697 2105 106 42 Dei
1758 2105 106 42 est
1803 2105 181 42 cognoscere

1130 2143 79 43 &
1162 2143 238 43 intelligere
1352 2143 127 43 Dei,
1431 2143 127 43 ergo
1510 2143 127 43 Deus
1590 2143 222 43 intelligit
1748 2143 111 43 omnia

1208 2181 208 56 Praeterea,
1371 2181 178 56 Aristot.
1505 2181 89 56 1.
1549 2181 89 56 de
1594 2181 148 56 anima,
1697 2181 163 56 arguens
1816 2181 148 56 contra
1905 2181 89 56 Empe

1133 2222 163 38 doclem
1247 2222 131 38 ait,
1328 2222 131 38 quod
1410 2222 179 38 accidit
1541 2222 196 38 secundum
1687 2222 114 38 eum
1753 2222 131 38 Deum
1818 2222 163 38 insipsen

1150 2259 158 41 issimum
1265 2259 129 41 esse;
1351 2259 115 41 quia
1423 2259 101 41 non
1480 2259 201 41 cognoscit.
1639 2259 86 41 Et
1682 2259 86 41 3.
1725 2259 201 41 metaphysi,
1869 2259 115 41 contra

1145 2298 212 56 platonem,
1307 2298 81 56 &
1340 2298 228 56 Empedoclem
1519 2298 130 56 ait,
1600 2298 130 56 quod
1682 2298 195 56 secundum
1828 2298 114 56 eos
1877 2298 114 56 acci-

1136 2337 113 45 dit
1201 2337 275 45 foelicissimum
1427 2337 129 45 Deum
1508 2337 146 45 minus
1605 2337 210 45 prudentem
1767 2337 129 45 esse
1831 2337 162 45 ceteris:

1134 2379 132 43 quia
1217 2379 116 43 non
1283 2379 248 43 cognosceret
1481 2379 149 43 omnia
1580 2379 198 43 elementa
1729 2379 99 43 eo
1778 2379 132 43 quod
1861 2379 116 43 non
1910 2379 83 43 es-

1146 2422 98 38 et
1195 2422 229 38 compositus
1375 2422 98 38 ex
1424 2422 180 38 omnibus
1555 2422 229 38 elementis.
1736 2422 98 38 Ex
1785 2422 164 38 quibus
1883 2422 115 38 appa-

1137 2459 120 43 ret,
1212 2459 120 43 quod
1287 2459 105 43 non
1347 2459 165 43 videtur
1467 2459 150 43 fuisse
1572 2459 180 43 intentio
1706 2459 180 43 Aristot.
1841 2459 120 43 quod
1901 2459 90 43 Deus

1131 2495 141 56 nihil
1225 2495 235 56 cognosearet
1413 2495 141 56 extra
1507 2495 110 56 se,
1570 2495 110 56 cum
1633 2495 94 56 in
1680 2495 110 56 hoc
1742 2495 204 56 Aristoti,
1883 2495 110 56 alios

1117 2528 228 54 reprehendat

1148 2562 82 65 3
1180 2562 230 65 Praeterea,
1362 2562 230 65 Commentat.
1543 2562 148 65 super
1641 2562 99 65 de
1691 2562 148 65 coelo
1789 2562 82 65 &
1822 2562 148 65 mundo
1905 2562 82 65 tra

1144 2612 143 48 ctans
1239 2612 143 48 illud
1334 2612 174 48 uerbum,
1461 2612 174 48 quomodo
1588 2612 254 48 circulationi
1794 2612 111 48 non
1857 2612 111 48 est
1905 2612 95 48 con-

1141 2650 149 50 traria
1245 2650 119 50 alia
1320 2650 224 50 circulatio,
1499 2650 119 50 ait.
1574 2650 104 50 Ego
1633 2650 134 50 autem
1723 2650 134 50 longo
1812 2650 164 50 tempore
1916 2650 75 50 fe-

1144 2690 90 42 ci
1189 2690 150 42 moram,
1294 2690 90 42 in
1339 2690 105 42 quo
1399 2690 105 42 non
1459 2690 195 42 intellexi
1608 2690 255 42 explanationem
1818 2690 150 42 istius
1923 2690 105 42 lo¬

1147 2730 104 53 ti,
1207 2730 104 53 sed
1266 2730 119 53 Deus
1340 2730 134 53 duxit
1429 2730 89 53 me
1474 2730 89 53 in
1519 2730 119 53 hanc
1593 2730 208 53 veritatem:
1756 2730 119 53 tunc
1831 2730 134 53 arguo
1905 2730 89 53 sic,

1141 2769 114 48 Aut
1206 2769 131 48 Deus
1288 2769 180 48 induxit
1418 2769 114 48 eum
1484 2769 98 48 in
1533 2769 131 48 hanc
1614 2769 212 48 ueritatem
1777 2769 212 48 scienter,
1924 2769 82 48 vel

1151 2807 221 49 escienter.
1325 2807 95 49 Si
1372 2807 205 49 scienter,
1530 2807 126 49 tunc
1609 2807 174 49 habetur
1735 2807 237 49 propositum,
1908 2807 95 49 sci-

1137 2845 137 44 licet
1228 2845 122 44 quod
1304 2845 122 44 Deus
1380 2845 198 44 cognoscit
1533 2845 137 44 illud
1624 2845 228 44 particulare
1807 2845 137 44 extra
1898 2845 107 44 se,
1959 2845 76 44 &

1148 2882 115 55 qua
1213 2882 181 55 ratione
1345 2882 164 55 illud,
1460 2882 148 55 eadem
1558 2882 181 55 ratione
1690 2882 131 55 omne
1772 2882 164 55 aliud.
1887 2882 99 55 Si
1920 2882 82 55 ne-

1155 2921 177 57 cienter,
1288 2921 118 57 tunc
1362 2921 192 57 fortuite,
1510 2921 74 57 &
1539 2921 207 57 casualiter
1702 2921 177 57 duxisset
1835 2921 103 57 eum
1894 2921 89 57 in
1923 2921 74 57 hu-

1142 2964 172 48 iusmodi
1267 2964 203 48 ueritatem
1423 2964 78 48 :
1454 2964 172 48 fortuna
1579 2964 156 48 autem,
1688 2964 78 48 &
1719 2964 140 48 casus
1813 2964 125 48 sunt
1875 2964 125 48 causae

1155 3002 98 46 er
1204 3002 212 46 accidens,
1367 3002 81 46 &
1399 3002 114 46 per
1464 3002 228 46 consequens
1644 3002 228 46 reducuntur
1806 3002 196 46 necessario

1139 3047 94 42 in
1186 3047 173 42 aliquam
1312 3047 157 42 causam
1422 3047 110 42 per
1484 3047 110 42 se:
1547 3047 78 42 &
1579 3047 110 42 sic
1641 3047 220 42 causalitas
1814 3047 110 42 Dei
1861 3047 141 42 reduce-

1138 3083 150 45 retur
1238 3083 100 45 in
1288 3083 166 45 causam
1404 3083 183 45 aliquam
1537 3083 249 45 superiorem,
1737 3083 133 45 quod
1820 3083 116 45 est
1870 3083 133 45 imnos-

1148 3118 172 51 sibile,
1274 3118 94 51 ex
1321 3118 110 51 quo
1383 3118 157 51 patet,
1493 3118 125 51 quod
1571 3118 141 51 Auer.
1665 3118 188 51 Comment.
1806 3118 110 51 vel
1853 3118 157 51 sibiipsi
