2391 3563
389 290 124 71 Deum
466 290 108 71 sic
528 290 201 71 alloquens
682 290 93 71 r.
729 290 216 71 confessio.
899 290 93 71 An
945 290 124 71 opus
1022 290 155 71 habes,
1130 290 93 71 vt
1161 290 93 71 con-

397 349 197 55 tinearis,
548 349 106 55 qui
609 349 136 55 omnia
699 349 197 55 contines,
851 349 182 55 quoniam,
987 349 121 55 quae
1062 349 151 55 imples
1153 349 91 55 con-

400 387 161 53 tinendo
517 387 161 53 imples,
634 387 102 53 non
693 387 117 53 enim
766 387 132 53 uasa,
853 387 117 53 quae
926 387 88 53 te
970 387 132 53 plena
1058 387 132 53 sunt,
1146 387 88 53 re
1175 387 73 53 sta

394 425 128 57 bilem
479 425 171 57 faciunt:
608 425 128 57 quia,
693 425 71 57 &
722 425 86 57 si
765 425 214 57 frangantur,
936 425 100 57 non
993 425 214 57 effunderis,
1164 425 71 57 &
1179 425 71 57 cum

403 468 198 51 effunderis
558 468 127 51 super
643 468 113 51 nos,
713 468 99 51 non
770 468 85 51 tu
812 468 141 51 iaces,
911 468 99 51 sed
968 468 141 51 erigis
1066 468 113 51 nos,
1137 468 99 51 non
1179 468 71 51 tu-

394 502 226 59 dispergeris,
577 502 99 59 sed
634 502 169 59 colligis
761 502 113 59 nos.
831 502 85 59 Et
873 502 113 59 ideo
944 502 127 59 quasi
1028 502 85 59 ex
1071 502 141 59 radice
1155 502 99 59 prae-

400 548 206 52 dictorum
554 548 223 52 concludit
726 548 206 52 Anselmus
880 548 257 52 Monologion,
1086 548 137 52 quod
1155 548 103 52 quia

404 582 122 58 nihil
486 582 108 58 sine
554 582 95 58 Deo
608 582 149 58 potest,
716 582 95 58 aut
770 582 122 58 esse,
852 582 95 58 aut
906 582 203 58 conseruari,
1069 582 136 58 igitur
1150 582 95 58 dice-

392 637 100 42 re
442 637 183 42 cogimur
575 637 133 42 Deum
658 637 133 42 esse
741 637 166 42 vbique
858 637 83 42 &
874 637 150 42 semper.

432 655 103 69 Sed
491 655 132 69 Forte
579 655 176 69 dicetur,
711 655 117 69 quod
784 655 88 69 de
828 655 161 69 ratione
946 655 117 69 loci
1019 655 117 69 est,
1093 655 117 69 quod
1151 655 103 69 nihil

398 704 155 49 locati
507 704 109 49 sit
569 704 140 49 extra
663 704 140 49 ipsum
756 704 155 49 locum:
865 704 155 49 igitur
973 704 186 49 videtur,
1113 704 124 49 quod
1175 704 78 49 vel

386 745 128 60 Deus
466 745 128 60 erit
546 745 96 60 in
594 745 112 60 vno
658 745 128 60 loco
738 745 176 60 tantum,
865 745 112 60 vel
929 745 176 60 nusquam
1057 745 144 60 erit,
1153 745 80 60 &
1169 745 80 60 per

395 788 224 45 consequens
571 788 112 45 non
635 788 176 45 poterit
763 788 128 45 esse
843 788 176 45 vbique.
971 788 224 45 Antecedens
1131 788 112 45 patet

397 822 124 47 quia
474 822 93 47 2.
520 822 216 47 physicorum
690 822 186 47 dicitur,
830 822 155 47 Dignum
938 822 108 47 est
1000 822 139 47 locum
1077 822 170 47 continere

397 858 143 59 illud,
497 858 128 59 cuius
582 858 114 59 est,
654 858 100 59 nec
711 858 114 59 esse
782 858 171 59 maiorem,
910 858 100 59 nec
968 858 157 59 minorem
1082 858 114 59 ipso
1139 858 114 59 locato

430 902 216 50 Respondeo
597 902 216 50 breuiter,
763 902 133 50 quod
847 902 250 50 philosophus
1046 902 200 50 loquitur
1179 902 67 50 ib

406 936 86 55 de
449 936 114 55 tali
520 936 157 55 locato,
634 936 114 55 quod
705 936 185 55 localiter
848 936 71 55 &
876 936 271 55 circumscriptiue
1104 936 100 55 est
1161 936 86 55 in
1190 936 57 55 lo

404 975 109 64 co.
467 975 93 64 Et
513 975 93 64 de
560 975 124 64 tali
638 975 124 64 loco
715 975 140 64 etiam
808 975 264 64 intelligendum
1026 975 109 64 est
1073 975 186 64 antecedens

394 1015 161 61 positum
512 1015 88 61 in
556 1015 117 61 ista
615 1015 161 61 instantia

438 1052 147 48 Tertio
541 1052 132 48 dico,
629 1052 118 48 quod
703 1052 118 48 esse
776 1052 147 48 vbique
879 1052 103 48 per
938 1052 103 48 se,
997 1052 74 48 &
1026 1052 221 48 simpliciter
1188 1052 59 48 es

416 1100 166 58 proprium
541 1100 139 58 solius
638 1100 111 58 Dei,
707 1100 111 58 quia
777 1100 125 58 illud
860 1100 97 58 est
915 1100 166 58 proprium
1040 1100 180 58 alicuius,
1165 1100 83 58 quom

402 1133 179 49 conuenit
536 1133 119 49 sibi
610 1133 134 49 soli,
700 1133 74 49 &
729 1133 164 49 semper,
848 1133 74 49 &
878 1133 208 49 econuersim
1042 1133 208 49 predicatur
1191 1133 60 49 de

410 1176 94 47 eo,
463 1176 94 47 sed
517 1176 94 47 per
571 1176 94 47 se,
625 1176 67 47 &
652 1176 202 47 simpliciter
813 1176 108 47 esse
881 1176 148 47 vbique,
988 1176 94 47 sic
1042 1176 81 47 se
1082 1176 121 47 habet
1163 1176 81 47 ad
1190 1176 54 47 ip

401 1209 113 57 sum
466 1209 146 57 Deum.
563 1209 146 57 Maior
660 1209 146 57 patet
757 1209 113 57 per
822 1209 243 57 Porphyrium.
1016 1209 146 57 Minor
1113 1209 130 57 nota
1178 1209 81 57 est

394 1253 98 50 ex
426 1253 263 50 praecedentibus

431 1278 165 67 Contra
547 1278 149 67 tamen
646 1278 149 67 illam
746 1278 182 67 minorem
878 1278 165 67 posset
977 1278 116 67 argui

437 1318 81 64 1
469 1318 97 64 Et
518 1318 162 64 primo,
631 1318 129 64 quod
712 1318 129 64 esse
793 1318 162 64 vbique
906 1318 113 64 non
971 1318 113 64 sit
1036 1318 194 64 proprium
1165 1318 81 64 Dei

401 1375 90 44 ex
446 1375 105 44 eo,
506 1375 119 44 quod
580 1375 119 44 sibi
655 1375 119 44 soli
730 1375 209 44 conueniat:
894 1375 119 44 quia
968 1375 90 44 si
1013 1375 134 44 esset
1088 1375 164 44 solummodo

395 1404 126 52 vnus
474 1404 142 52 homo,
569 1404 126 52 tunc
648 1404 142 52 anima
742 1404 158 52 humana
853 1404 142 52 esset
947 1404 174 52 vbique,
1073 1404 110 52 cum
1137 1404 110 52 sit
1184 1404 63 52 to

404 1447 94 60 ta
451 1447 94 60 in
498 1447 125 60 toto
576 1447 188 60 corpore,
717 1447 125 60 quod
795 1447 219 60 viuificat,
967 1447 78 60 &
999 1447 125 60 tota
1077 1447 94 60 in
1108 1447 141 60 qualibe

394 1495 129 49 eius
458 1495 113 49 parte

438 1519 81 51 2
470 1519 227 51 Praeterea,
649 1519 195 51 secundum
795 1519 243 51 philosophum
989 1519 243 51 vniuersalia
1168 1519 81 51 sun

407 1564 162 49 vbique
520 1564 81 49 &
553 1564 178 49 semper,
682 1564 130 49 ergo
763 1564 113 49 non
828 1564 146 49 solum
909 1564 113 49 Deus.

444 1605 76 58 3
474 1605 213 58 Praeterea,
641 1605 198 58 vbicumque
793 1605 106 58 est
854 1605 167 58 corpus,
976 1605 106 58 ibi
1036 1605 213 58 necessario
1188 1605 61 58 es

411 1649 173 42 materia,
540 1649 101 42 sed
598 1649 87 42 in
641 1649 115 42 omni
714 1649 115 42 loco
786 1649 101 42 est
844 1649 159 42 corpus,
959 1649 115 42 quia
1031 1649 101 42 non
1089 1649 101 42 est
1147 1649 115 42 dare
1204 1649 58 42 va

407 1683 136 44 cuum,
498 1683 91 44 vt
543 1683 136 44 patet
634 1683 91 44 4.
679 1683 227 44 physicorum,
861 1683 121 44 ergo
937 1683 91 44 in
982 1683 121 44 omni
1058 1683 121 44 loco
1134 1683 106 44 est
1179 1683 76 44 ma-

407 1721 156 62 teria,
517 1721 78 62 &
548 1721 109 62 per
610 1721 218 62 consequens
782 1721 172 62 materia
907 1721 109 62 est
969 1721 172 62 vbique,
1094 1721 78 62 &
1125 1721 109 62 non
1172 1721 78 62 so-

399 1764 124 48 lum
452 1764 124 48 Deus.

431 1796 77 60 4
461 1796 217 60 Praeterea,
632 1796 155 60 illud,
740 1796 124 60 quod
818 1796 108 60 non
879 1796 186 60 conuenit
1019 1796 108 60 Deo
1081 1796 93 60 ab
1112 1796 139 60 aeterno

401 1841 108 49 non
462 1841 185 49 conuenit
601 1841 124 49 sibi
679 1841 170 49 semper,
802 1841 108 49 sed
864 1841 124 49 esse
941 1841 154 49 vbique
1049 1841 108 49 non
1096 1841 154 49 conuenif

391 1875 113 51 Deo
455 1875 97 51 ab
504 1875 194 51 aeterno,
649 1875 113 51 cum
714 1875 129 51 omne
795 1875 113 51 vbi
859 1875 162 51 factum
973 1875 113 51 sit
1037 1875 97 51 in
1070 1875 145 51 tempore

443 1919 203 49 Respondeo
600 1919 94 49 ad
647 1919 172 49 primum,
772 1919 125 49 quod
850 1919 94 49 ex
897 1919 110 49 hoc
960 1919 110 49 non
1022 1919 203 49 sequitur,
1163 1919 94 49 quod

399 1965 130 41 anima
485 1965 101 41 per
543 1965 101 41 se,
601 1965 72 41 &
630 1965 217 41 simpliciter
804 1965 130 41 esset
891 1965 159 41 vbique,
1007 1965 101 41 sed
1065 1965 130 41 solum
1152 1965 101 41 per
1195 1965 58 41 ac

409 1996 154 59 cidens,
521 1996 112 59 puta
591 1996 112 59 illo
660 1996 112 59 casu
716 1996 126 59 posito.

449 2030 99 52 Ad
498 2030 197 52 secundum
646 2030 213 52 dicendum,
810 2030 131 52 quod
892 2030 246 52 vniuersalia
1089 2030 115 52 non
1138 2030 115 52 dicun

401 2068 103 54 tur
460 2068 117 54 esse
533 2068 147 54 vbique
636 2068 191 54 positiue,
783 2068 103 54 sed
842 2068 206 54 priuatiue:
1003 2068 117 54 quia
1077 2068 162 54 nusquam
1180 2068 73 54 per

402 2111 89 50 se
447 2111 133 50 sunt:
536 2111 193 50 Inquantum
684 2111 119 50 enim
758 2111 222 50 vniuersalia
936 2111 133 50 sunt,
1025 2111 119 50 tunc
1084 2111 178 50 abstrahunt

395 2156 73 51 a
425 2156 250 51 conditionibus
630 2156 294 51 indiuiduantibus,
880 2156 117 51 quae
953 2156 117 51 sunt
1027 2156 103 51 hic
1085 2156 73 51 &
1115 2156 132 51 nunc,
1188 2156 59 51 qu

401 2194 107 53 per
462 2194 214 53 consequens
630 2194 214 53 abstrahunt
798 2194 92 53 ab
843 2194 122 53 vbi,
920 2194 76 53 &
950 2194 76 53 a
965 2194 92 53 loco

443 2228 96 47 Ad
491 2228 177 47 tertium
620 2228 209 47 dicendum,
780 2228 128 47 quod
861 2228 96 47 in
909 2228 128 47 omni
989 2228 128 47 loco
1069 2228 112 47 est
1118 2228 128 47 materi

395 2272 106 55 per
455 2272 196 55 accidens;
606 2272 91 55 in
652 2272 106 55 quo
712 2272 106 55 est
773 2272 151 55 corpus
878 2272 91 55 de
924 2272 257 55 praedicamento
1120 2272 136 55 substan

396 2319 131 40 tiae,
484 2319 116 40 quod
557 2319 116 40 addo
629 2319 102 40 pro
687 2319 146 40 tanto,
789 2319 116 40 quia
862 2319 87 40 in
906 2319 131 40 loco,
993 2319 102 40 vbi
1051 2319 116 40 sunt
1109 2319 146 40 acciden-

402 2353 102 43 tia
460 2353 203 43 sacramenti
619 2353 174 43 altaris,
750 2353 102 43 non
808 2353 102 43 est
866 2353 174 43 materia:
996 2353 116 43 quia
1069 2353 87 43 in
1112 2353 116 43 tali
1170 2353 87 43 loco

407 2392 201 43 localiter
561 2392 77 43 &
592 2392 217 43 occupatiue
763 2392 108 43 non
825 2392 108 43 est
886 2392 155 43 corpus
995 2392 93 43 de
1026 2392 232 43 praedicamento

393 2436 270 43 substantiae,
613 2436 118 43 sed
680 2436 236 43 tantummodo
866 2436 169 43 corpus
984 2436 101 43 de
1018 2436 236 43 predicamento

399 2463 239 52 quantitatis.
593 2463 134 52 Etiam
683 2463 105 52 non
742 2463 105 52 est
802 2463 224 52 simpliciter
981 2463 134 52 eadem
1071 2463 164 52 materia
1175 2463 75 52 int

396 2510 164 42 diuersis
520 2510 137 42 locis:
615 2510 96 42 sed
670 2510 96 42 est
725 2510 123 42 alia,
807 2510 68 42 &
835 2510 110 42 alia
903 2510 137 42 portio
999 2510 178 42 materiae,
1136 2510 96 42 sed
1177 2510 82 42 idem

402 2544 123 51 Deus
478 2544 108 51 est
540 2544 92 51 in
586 2544 123 51 omni
647 2544 108 51 loco.

432 2581 104 49 Ad
484 2581 190 49 quartum
622 2581 225 49 dicendum,
795 2581 138 49 quod
881 2581 138 49 Deum
968 2581 138 49 esse
1054 2581 190 49 vbique,
1176 2581 86 49 est

401 2623 127 48 Deum
480 2623 127 48 esse
559 2623 95 48 in
607 2623 174 48 omnibus
734 2623 158 48 rebus,
844 2623 111 48 ita
908 2623 127 48 quod
987 2623 142 48 nulla
1082 2623 111 48 res
1145 2623 111 48 sit
1193 2623 63 48 in

402 2660 106 58 qua
462 2660 121 58 Deus
538 2660 106 58 non
598 2660 121 58 sit,
674 2660 75 58 &
704 2660 121 58 ideo
779 2660 121 58 Deus
855 2660 91 58 ab
900 2660 166 58 aeterno
1021 2660 121 58 fuit
1096 2660 151 58 vbique
1187 2660 75 58 cum

409 2710 103 39 erat
473 2710 77 39 in
512 2710 141 39 seipso.
614 2710 103 39 quia
678 2710 115 39 nulla
755 2710 90 39 res
806 2710 115 39 erat,
883 2710 103 39 nisi
947 2710 103 39 ipse
1012 2710 128 39 solus.
1101 2710 77 39 In
1140 2710 115 39 aliis
1204 2710 51 39 re

407 2739 108 46 bus
468 2739 123 46 Deus
545 2739 154 46 caepit
653 2739 123 46 esse
729 2739 92 46 in
776 2739 169 46 tempore
898 2739 108 46 non
960 2739 108 46 per
1021 2739 215 46 mutationem
1175 2739 77 46 su-

392 2773 110 52 sed
455 2773 110 52 per
518 2773 219 52 mutationem
690 2773 157 52 rerum.
800 2773 110 52 Sic
862 2773 141 52 etiam
956 2773 110 52 res
1019 2773 172 52 fuerunt
1144 2773 94 52 in
1176 2773 78 52 Dec

399 2812 89 51 ab
444 2812 178 51 aeterno,
577 2812 104 51 non
637 2812 223 51 stabilitate
815 2812 134 51 rerum
904 2812 178 51 secundum
1037 2812 104 51 se,
1097 2812 104 51 sed
1141 2812 119 51 stabi-

396 2851 161 54 litate,
513 2851 73 54 &
543 2851 175 54 entitate
674 2851 117 54 Dei:
747 2851 117 54 quia
820 2851 132 54 omne,
908 2851 117 54 quod
981 2851 102 54 est
1040 2851 88 54 in
1084 2851 161 54 aliquo,
1186 2851 73 54 est

395 2895 95 47 in
443 2895 95 47 eo
490 2895 191 47 secundum
633 2895 143 47 modum
729 2895 127 47 eius
808 2895 95 47 in
856 2895 111 47 quo
919 2895 127 47 est,
999 2895 79 47 &
1031 2895 127 47 ideo
1110 2895 111 47 res
1158 2895 95 47 sunt

394 2937 88 49 in
438 2937 103 49 Deo
497 2937 250 49 aeternaliter;
703 2937 74 49 &
733 2937 118 49 Deus
806 2937 103 49 est
865 2937 88 49 in
909 2937 132 49 rebus
997 2937 250 49 temporaliter,
1188 2937 74 49 cum

397 2974 112 64 res
461 2974 241 64 mensurentur
654 2974 193 64 tempore,
798 2974 128 64 Deus
878 2974 144 64 autem
958 2974 225 64 aeternitate.

1359 331 587 76 ARTICVLVS
1765 331 226 76 I1.

1473 415 149 78 Vtrum
1573 415 182 78 Angelus
1705 415 116 78 sit
1771 415 99 78 in
1820 415 149 78 loco

1347 536 184 51 VANTVM
1475 536 110 51 ad
1530 536 220 51 secundum
1695 536 275 51 principale,
1916 536 165 51 vtrum
2008 536 129 51 ange

1305 571 121 61 lus
1374 571 121 61 sit
1443 571 103 61 in
1495 571 155 61 loco;
1598 571 155 61 ponam
1701 571 138 61 tres
1787 571 293 61 conclusiones.
2011 571 121 61 Prima

1281 611 130 58 quod
1362 611 179 58 angelus
1493 611 114 58 est
1558 611 98 58 in
1607 611 147 58 loco.
1705 611 196 58 Secunda,
1851 611 130 58 quod
1933 611 130 58 vnus
1998 611 147 58 angelus

1289 662 87 45 no
1332 662 145 45 potest
1433 662 116 45 esse
1506 662 87 45 in
1549 662 174 45 pluribus
1680 662 145 45 locis.
1781 662 159 45 Tertia,
1897 662 116 45 quod
1970 662 159 45 angelus
2071 662 58 45 mo

1278 694 143 57 uetur
1373 694 95 57 de
1421 694 127 57 loco
1500 694 95 57 ad
1532 694 127 57 locum.

1315 729 261 51 Conclusionem
1527 729 163 51 primam
1641 729 163 51 probat
1755 729 163 51 doctor
1869 729 163 51 noster
1967 729 81 51 sic

1312 769 83 53 1
1346 769 133 53 Vnum
1428 769 182 53 quodque
1561 769 116 53 est
1627 769 99 53 in
1677 769 133 53 loco
1760 769 116 53 per
1826 769 133 53 suam
1909 769 265 53 quantitatem.

1279 811 114 49 sed
1344 811 162 49 virtus
1457 811 162 49 angeli
1571 811 114 49 non
1636 811 276 49 quomodocumque
1863 811 195 49 accepta,
2009 811 114 49 sed
2058 811 81 49 per

1275 852 286 45 comparationem
1510 852 101 45 ad
1561 852 218 45 obiectum,
1729 852 84 45 &
1762 852 252 45 operationem
1964 852 118 45 est
2014 852 118 45 quan-

1286 892 130 47 titas
1372 892 159 47 angeli,
1488 892 116 47 ergo
1560 892 159 47 angelus
1676 892 145 47 potest
1777 892 116 47 dici
1850 892 116 47 vere
1922 892 116 47 esse
1994 892 87 47 in
2023 892 116 47 aliquo

1285 926 142 50 loco,
1380 926 111 50 vel
1443 926 190 50 corpore,
1586 926 190 50 secundum
1728 926 126 50 quod
1807 926 111 50 per
1870 926 237 50 operationem
2044 926 95 50 suam

1284 973 174 39 virtutem
1414 973 116 39 suam
1486 973 130 39 vere,
1573 973 72 39 &
1602 973 174 39 realiter
1732 973 174 39 applicat
1862 973 130 39 circa
1949 973 130 39 talem
2021 973 116 39 locum.

1275 1008 145 48 Minor
1372 1008 242 48 declaratur:
1565 1008 113 48 nam
1629 1008 161 48 virtus
1742 1008 113 48 non
1807 1008 177 48 dicitur
1936 1008 209 48 quantitas
2081 1008 64 48 in

1290 1045 145 45 prdine
1392 1045 87 45 ad
1436 1045 233 45 substantiam,
1625 1045 102 45 nam
1683 1045 87 45 vt
1727 1045 102 45 sic
1785 1045 160 45 dicitur
1901 1045 189 45 qualitas,
2047 1045 73 45 &
2061 1045 73 45 bo-

1285 1084 89 54 na
1330 1084 193 54 disposito
1478 1084 193 54 habentis;
1626 1084 104 54 nam
1686 1084 148 54 virtus
1790 1084 119 54 est,
1864 1084 119 54 quae
1938 1084 178 54 habentem
2057 1084 74 54 per

1285 1123 142 54 ficit,
1384 1123 114 54 ergo
1455 1123 114 54 esse
1526 1123 156 54 quantum
1640 1123 85 54 ei
1682 1123 185 54 competet,
1825 1123 85 54 vt
1867 1123 142 54 dictum
1967 1123 114 54 est,
2023 1123 114 54 scili-

1285 1167 117 49 cet
1352 1167 100 49 in
1402 1167 167 49 ordine
1519 1167 100 49 ad
1569 1167 217 49 obiectum,
1735 1167 133 49 siue
1818 1167 200 49 secundum
1952 1167 183 49 operatio-

1290 1201 111 46 nem
1353 1201 142 46 circa
1448 1201 206 46 obiectum.
1607 1201 142 46 Maior
1702 1201 142 46 patet
1797 1201 111 46 per
1860 1201 206 46 Auicennam
2018 1201 95 46 in
2050 1201 95 46 suf-

1289 1241 177 51 ficientia
1412 1241 68 51 sua

1323 1289 73 41 2
1353 1289 204 41 Praeterea,
1513 1289 145 41 istius
1614 1289 218 41 intentionis
1789 1289 160 41 videtur
1905 1289 116 41 esse
1978 1289 175 41 Damasli.
2094 1289 44 41 i

1288 1323 131 43 Dicit
1376 1323 131 43 enim,
1463 1323 116 43 quod
1535 1323 160 43 angelus
1651 1323 102 43 ibi
1709 1323 116 43 est,
1782 1323 102 43 vbi
1825 1323 160 43 operatur.

1311 1356 70 51 3
1339 1356 195 51 Praeterea,
1492 1356 139 51 illud,
1590 1356 125 51 cuius
1673 1356 139 51 virtus
1771 1356 98 51 est
1827 1356 153 51 finita,
1938 1356 70 51 &
1966 1356 181 51 limitata,
2091 1356 56 51 ne

1291 1401 175 46 cessario
1423 1401 117 46 loco
1495 1401 219 46 diffinitur,
1670 1401 73 46 &
1699 1401 102 46 per
1758 1401 204 46 consequens
1918 1401 219 46 diffinitiue
2078 1401 73 46 est

1286 1440 86 54 in
1329 1440 129 54 loco,
1414 1440 100 54 sed
1471 1440 143 54 virtus
1571 1440 143 54 angeli
1671 1440 100 54 est
1729 1440 157 54 finita,
1843 1440 71 54 &
1872 1440 186 54 limitata,
2014 1440 114 54 ergo
2072 1440 71 54 &c.

1283 1492 137 40 maior
1374 1492 153 40 patet:
1481 1492 107 40 nam
1542 1492 137 40 sicut
1634 1492 122 40 Deus
1710 1492 92 40 ex
1756 1492 107 40 hoc
1817 1492 107 40 est
1878 1492 168 40 vbique,
2000 1492 122 40 quia
2061 1492 76 40 sua

1293 1524 163 43 virtutis
1416 1524 177 43 quantitas
1552 1524 95 43 est
1607 1524 177 43 infinita,
1743 1524 95 43 sic
1797 1524 150 43 aliquid
1906 1524 109 43 erit
1975 1524 82 43 in
2015 1524 109 43 loco
2070 1524 68 43 de-

1284 1555 219 53 terminato:
1457 1555 125 53 quia
1535 1555 125 53 eius
1613 1555 157 53 virtus
1723 1555 110 53 est
1786 1555 157 53 finita
1896 1555 78 53 &
1927 1555 251 53 determinata,
2115 1555 47 53 &

1290 1603 123 45 ideo
1366 1603 169 45 angelus
1489 1603 123 45 loco
1565 1603 245 45 diffinietur,
1765 1603 107 45 cum
1826 1603 123 45 eius
1903 1603 153 45 virtus
2010 1603 107 45 sit
2056 1603 107 45 certa

1290 1635 173 46 mensura
1416 1635 236 46 determinata
1604 1635 79 46 &
1620 1635 173 46 diffinita

1325 1669 111 55 Sed
1388 1669 158 55 contra
1499 1669 142 55 illam
1594 1669 222 55 opinionem,
1768 1669 158 55 quidam
1879 1669 174 55 arguunt
1990 1669 158 55 directe,

1302 1717 132 51 uidam
1390 1717 205 51 indirecte;
1551 1717 161 51 Directe
1653 1717 88 51 sic-

1320 1749 73 55 1
1350 1749 88 55 Si
1393 1749 175 55 operatio
1525 1749 146 55 angeli
1627 1749 102 55 est
1686 1749 117 55 sibi
1759 1749 131 55 ratio
1846 1749 161 55 essendi
1963 1749 88 55 in
2007 1749 131 55 loco,
2080 1749 73 55 vel

1290 1794 119 44 haec
1365 1794 119 44 erit
1439 1794 179 44 operatio
1574 1794 194 44 immanens,
1723 1794 105 44 vel
1783 1794 179 44 operatio
1917 1794 209 44 transiens.
2066 1794 75 44 Non

1295 1838 143 40 prima;
1395 1838 100 40 nam
1452 1838 129 40 talis
1539 1838 172 40 operatio
1668 1838 100 40 cum
1725 1838 100 40 sit
1782 1838 230 40 intelligere,
1969 1838 72 40 &
1998 1838 129 40 velle
2069 1838 72 40 non

1285 1878 95 48 est
1340 1878 149 48 minoris
1448 1878 230 48 abstractionis
1637 1878 68 48 a
1664 1878 122 48 situ,
1746 1878 108 48 quam
1813 1878 162 48 essentia
1935 1878 149 48 angeli.
2043 1878 81 48 Si
2070 1878 68 48 igi

1294 1917 99 47 tur
1350 1917 169 47 essentia
1477 1917 141 47 angeli
1576 1917 99 47 non
1632 1917 99 47 est
1688 1917 113 47 sibi
1759 1917 127 47 ratio
1843 1917 155 47 essendi
1956 1917 85 47 in
1998 1917 127 47 loco,
2069 1917 70 47 nec

1296 1954 106 45 hoc
1356 1954 167 45 poterit
1478 1954 121 45 esse
1553 1954 121 45 eius
1629 1954 197 45 operatio.
1781 1954 106 45 Nec
1841 1954 182 45 secunda,
1977 1954 106 45 nam
2038 1954 136 45 sicut

1294 1994 192 50 quantitas
1442 1994 178 50 existens
1575 1994 89 50 in
1620 1994 104 50 vno
1679 1994 163 50 corpore
1798 1994 104 50 non
1857 1994 148 50 potest
1960 1994 148 50 alteri
2049 1994 89 50 cor-

1302 2040 112 47 pori
1372 2040 112 47 esse
1442 2040 126 47 ratio
1525 2040 153 47 essendi
1637 2040 84 47 in
1679 2040 112 47 loco
1748 2040 279 47 circumscriptiue:
1986 2040 98 47 sic
2027 2040 112 47 opera-

1290 2079 104 40 tio
1350 2079 194 40 transiens
1499 2079 179 40 existens
1633 2079 89 40 in
1678 2079 89 40 re
1723 2079 119 40 mota
1797 2079 104 40 non
1857 2079 164 40 poterit
1976 2079 119 40 esse
2036 2079 104 40 ratio

1290 2106 201 54 existendi
1444 2106 93 54 in
1491 2106 124 54 loco
1553 2106 232 54 determinatiuc

1327 2149 72 46 2
1355 2149 186 46 Preterea,
1499 2149 86 46 si
1542 2149 172 46 operatio
1671 2149 186 46 transiens
1814 2149 129 46 esset
1900 2149 143 46 alicui
2001 2149 129 46 ratio
2072 2149 72 46 es-

1294 2188 134 41 sendi
1384 2188 89 41 in
1428 2188 119 41 loco
1503 2188 239 41 diffinitiue,
1697 2188 119 41 tunc
1771 2188 149 41 corpus
1876 2188 149 41 mouens
1980 2188 134 41 aliud
2055 2188 89 41 cor-

1289 2233 106 47 pus
1350 2233 137 47 simul
1441 2233 137 47 esset
1532 2233 91 47 in
1578 2233 152 47 duobus
1684 2233 152 47 locis,
1790 2233 91 47 in
1836 2233 106 47 vno
1882 2233 258 47 circumscriptiue

1298 2266 104 61 per
1357 2266 178 61 propriam
1491 2266 237 61 quantitatem,
1683 2266 74 61 &
1713 2266 89 61 in
1757 2266 118 61 alio
1831 2266 222 61 diffinitiue
2009 2266 104 61 per
2053 2266 89 61 suam

1274 2308 225 56 operationem

1332 2327 69 66 3
1360 2327 194 66 Praeterea,
1512 2327 124 66 sicut
1595 2327 83 66 se
1636 2327 124 66 habet
1719 2327 152 66 operari
1830 2327 83 66 ad
1871 2327 124 66 esse,
1954 2327 97 66 sic
2010 2327 83 66 se
2037 2327 97 66 habes

1291 2386 156 53 operari
1404 2386 85 53 in
1447 2386 113 53 loco
1518 2386 85 53 ad
1560 2386 113 53 esse
1631 2386 85 53 in
1673 2386 128 53 loco,
1758 2386 99 53 sed
1815 2386 142 53 semper
1914 2386 156 53 operari
2013 2386 128 53 praesup

1300 2423 128 46 ponit
1385 2423 128 46 esse,
1471 2423 114 46 ergo
1542 2423 143 46 semper
1642 2423 157 46 operari
1756 2423 86 46 in
1799 2423 114 46 loco
1870 2423 228 46 praesupponit
2055 2423 114 46 esse

1295 2472 88 44 in
1339 2472 132 44 loco,
1427 2472 73 44 &
1457 2472 103 44 per
1516 2472 206 44 consequens
1677 2472 176 44 operatio
1809 2472 103 44 non
1868 2472 117 44 erit
1941 2472 132 44 ratio
2015 2472 117 44 essen-

1293 2504 93 45 di
1340 2504 93 45 in
1387 2504 140 45 loco:
1480 2504 125 45 quia
1558 2504 140 45 causa
1651 2504 109 45 non
1714 2504 249 45 praesupponit
1916 2504 202 45 effectum,
2056 2504 78 45 sec

1260 2540 202 54 econuerso.

1369 2572 190 56 Praeterea,
1519 2572 82 56 si
1560 2572 163 56 operatio
1682 2572 122 56 esset
1764 2572 122 56 ratio
1845 2572 149 56 essendi
1954 2572 82 56 in
1995 2572 122 56 loco,
2062 2572 82 56 tunc

1297 2616 96 57 cum
1352 2616 138 57 caelum
1449 2616 165 57 operetur
1573 2616 83 57 in
1614 2616 110 57 ouo,
1683 2616 96 57 vel
1738 2616 83 57 in
1780 2616 124 57 grano
1862 2616 138 57 milii,
1959 2616 138 57 caelum
2042 2616 96 57 esset

1295 2655 86 54 in
1338 2655 115 54 ouo,
1409 2655 100 54 vel
1467 2655 86 54 in
1510 2655 129 54 grano
1582 2655 100 54 milij

1332 2700 76 52 s
1362 2700 214 52 Praeterea,
1530 2700 107 52 cum
1592 2700 168 52 angelus
1714 2700 183 52 existens
1852 2700 92 52 in
1897 2700 138 52 caelo
1989 2700 183 52 Empvreo,

1284 2745 107 44 non
1345 2745 183 44 operetur
1482 2745 137 44 circa
1574 2745 168 44 aliquod
1696 2745 168 44 corpus,
1818 2745 229 44 sequeretur,
2002 2745 122 44 quod
2063 2745 76 44 an-

1295 2774 132 59 gelus
1384 2774 176 59 existens
1516 2774 88 59 in
1560 2774 132 59 caelo
1648 2774 162 59 Empvreo
1766 2774 103 59 non
1825 2774 132 59 esset
1913 2774 88 59 in
1942 2774 103 59 loco.

1328 2817 75 42 S
1358 2817 211 42 Praeterea,
1524 2817 166 42 angelus
1644 2817 196 42 transiens
1795 2817 90 42 de
1840 2817 136 42 caelo
1930 2817 90 42 ad
1975 2817 151 42 terram
2066 2817 60 42 po

1294 2861 121 40 test
1369 2861 181 40 transire
1505 2861 166 40 medium,
1626 2861 121 40 quod
1701 2861 136 40 nihil
1792 2861 181 40 operetur
1928 2861 91 40 in
1973 2861 166 40 inedio:
2094 2861 75 40 &

1293 2893 115 48 tunc
1365 2893 86 48 in
1408 2893 130 48 nullo
1494 2893 115 48 loco
1566 2893 130 48 esset
1653 2893 115 48 quia
1725 2893 101 48 dum
1783 2893 101 48 est
1840 2893 86 48 in
1884 2893 187 48 transitu,
2028 2893 101 48 non
2071 2893 72 48 est

1294 2930 88 48 in
1338 2930 146 48 caelo,
1441 2930 103 48 nec
1499 2930 88 48 in
1543 2930 146 48 terra,
1646 2930 117 48 quia
1719 2930 103 48 dum
1778 2930 161 48 aliquid
1895 2930 176 48 mouetur,
2027 2930 103 48 nec
2071 2930 73 48 est

1289 2972 88 47 in
1333 2972 162 47 termino
1451 2972 73 47 a
1480 2972 117 47 quo,
1554 2972 103 47 nec
1612 2972 88 47 in
1656 2972 162 47 termino
1774 2972 88 47 ad
1818 2972 132 47 quen,
1906 2972 103 47 nec
1965 2972 117 47 erit
2038 2972 88 47 in
2068 2972 73 47 me-

1283 3019 119 50 dio;
1358 3019 134 50 quia,
1447 3019 90 50 vt
1492 3019 224 50 supponitur,
1671 3019 105 50 dum
1731 3019 164 50 transit
1850 3019 164 50 medium,
1970 3019 105 50 non
2015 3019 119 50 opera-

1294 3047 97 54 tur
1350 3047 83 54 in
1391 3047 139 54 medio.

1372 3077 211 56 Praeterea,
1537 3077 90 56 si
1583 3077 165 56 operari
1703 3077 135 56 circa
1793 3077 105 56 rem
1853 3077 165 56 aliquam
1974 3077 211 56 corporalem

1294 3131 124 60 esset
1377 3131 166 60 praecisa
1501 3131 124 60 ratio
1584 3131 152 60 essendi
1695 3131 83 60 in
1736 3131 124 60 loco,
1819 3131 111 60 tunc
1888 3131 111 60 Deus
1958 3131 124 60 esset
2040 3131 83 60 in
2082 3131 97 60 lo
