2332 3551
408 194 197 77 Praeterea,
563 194 126 77 sicut
647 194 126 77 Deus,
731 194 112 77 sine
801 194 141 77 prquia
900 194 225 77 dispositione
1082 194 84 77 in
1111 194 126 77 instam-

374 250 95 47 ti
422 250 222 47 quancumque
596 250 158 47 formam
707 250 158 47 potest
817 250 190 47 inducere
960 250 95 47 in
1007 250 222 47 sensibilem
1166 250 63 47 ma

374 297 171 45 teriam,
499 297 93 45 eo
545 297 124 45 quod
623 297 109 45 sit
685 297 140 45 agens
778 297 186 45 primum,;
918 297 78 45 &
949 297 109 45 per
1011 297 218 45 consequens
1167 297 62 45 in

371 340 156 40 agendo
481 340 140 40 nihil
574 340 265 40 praesupponat,
792 340 78 40 &
824 340 125 40 agat
902 340 125 40 sine
980 340 125 40 motu
1057 340 78 40 &
1073 340 156 40 transmu-

369 371 176 50 tatione,
502 371 103 50 fic
560 371 221 50 intellectui
737 371 132 50 tali,
825 371 235 50 quantumlibet
1016 371 206 50 disposito,
1163 371 59 50 pe

375 406 127 48 suam
455 406 207 48 potentiam
614 406 207 48 huiusmodi
773 406 271 48 dispositiones
996 406 223 48 supplendo,
1155 406 80 48 vel

368 445 113 58 non
432 445 242 58 requirendo,
626 445 129 58 Deus
707 445 162 58 potest
820 445 194 58 inducere
966 445 113 58 sui
1030 445 194 58 notitiam
1159 445 65 58 in

371 484 213 50 tuitiuam:
535 484 263 50 quantumlibet
748 484 131 50 enim
830 484 197 50 infirmus
978 484 115 50 sit
1043 484 164 50 oculus
1142 484 82 50 non

373 525 151 44 ctuae:
478 525 151 44 posset
584 525 136 44 tamen
674 525 121 44 Deus
750 525 106 44 per
810 525 121 44 suam
885 525 196 44 potentiam
1036 525 166 44 facere,
1142 525 75 44 quo

375 567 167 46 clarius
496 567 136 46 solem
587 567 182 46 videret,
723 567 121 46 quam
799 567 212 46 quaecumque
966 567 167 46 aquila.
1087 567 106 46 Sed
1132 567 91 46 quod

367 601 135 47 talis
457 601 105 47 non
517 601 105 47 sit
577 601 210 47 necessario
741 601 165 47 beatus,
861 601 105 47 sed
921 601 150 47 possit
1025 601 150 47 manere
1115 601 105 47 damna

360 640 121 47 tus,
435 640 151 47 probo,
541 640 121 47 quia
617 640 121 47 sine
692 640 181 47 caritate
828 640 151 47 nullus
934 640 151 47 potest
1040 640 121 47 esse
1100 640 121 47 beatus

373 679 97 48 sed
428 679 110 48 ille
497 679 166 48 relinqui
622 679 152 48 poterit
732 679 110 48 sine
801 679 179 48 caritate,
939 679 110 48 quia
1008 679 152 48 caritas
1119 679 97 48 non
1160 679 69 48 esi

367 719 146 43 virtus
469 719 204 43 acquisita,
630 719 102 43 vel
688 719 233 43 acquisibilis
877 719 73 43 a
906 719 146 43 nobis,
1008 719 102 43 sed
1067 719 73 43 a
1096 719 117 43 solo
1154 719 73 43 Deo

372 761 166 45 creata,
493 761 106 45 vel
553 761 212 45 creabilis;
719 761 76 45 &
750 761 121 45 Deus
825 761 106 45 non
886 761 242 45 necessitatur
1082 761 91 45 ad
1112 761 121 45 crean-

371 797 113 51 dum
435 797 209 51 caritatem
596 797 96 51 in
644 797 209 51 voluntate
805 797 96 51 ex
853 797 129 51 hoc,
934 797 129 51 quod
1014 797 209 51 praedicto
1159 797 64 51 mo

363 841 93 47 do
409 841 185 47 operatur
548 841 139 47 circa
640 841 247 47 intellectum,
841 841 123 47 ergo
918 841 139 47 talis
1010 841 170 47 angelus
1118 841 108 47 potes

364 880 181 53 manere
472 880 181 53 damnatus

392 915 143 55 Dices
488 915 159 55 forte,
599 915 127 55 quod
678 915 111 55 non
742 915 111 55 sit
806 915 127 55 bona
885 915 270 55 consequentia,
1108 915 111 55 non
1155 915 80 55 est

365 958 180 47 beatus,
496 958 131 47 ergo
577 958 147 47 manet
676 958 213 47 damnatus:
839 958 131 47 quia
921 958 164 47 potest
1036 958 164 47 manere
1134 958 98 47 via-

371 1007 128 41 tor,
451 1007 80 41 &
483 1007 112 41 sic
547 1007 160 41 mediat
658 1007 144 41 inter
754 1007 207 41 damnatum,
913 1007 80 41 &
929 1007 144 41 beatum.

415 1034 234 45 Respondeo,
599 1034 134 45 quod
683 1034 150 45 sicut
783 1034 134 45 Deus
866 1034 117 45 non
933 1034 301 45 necessitabatur
1167 1034 67 45 ad

368 1075 159 45 dandum
479 1075 127 45 illi
559 1075 222 45 caritatem,
733 1075 111 45 sic
797 1075 111 45 non
860 1075 254 45 necessitatur
1066 1075 95 45 ad
1098 1075 127 45 dandum

370 1118 112 47 illi
440 1118 154 47 spatium
552 1118 237 47 paenitentiae,
747 1118 70 47 &
775 1118 98 47 sic
831 1118 196 47 necessario
985 1118 182 47 sequitur,
1124 1118 84 47 si
1166 1118 98 47 non

369 1159 108 46 est
430 1159 170 46 beatus,
554 1159 124 46 quod
632 1159 155 46 maneat
740 1159 201 46 damnatus.
895 1159 93 46 Et
941 1159 124 46 idem
1018 1159 139 46 modus
1096 1159 139 46 arguen-

360 1193 93 52 di
406 1193 154 52 potest
514 1193 154 52 deduci
622 1193 93 52 de
668 1193 170 52 viatore
791 1193 216 52 peccatore:
961 1193 123 52 ergo
1038 1193 139 52 multo
1115 1193 108 52 magi-

360 1230 117 51 Deus
434 1230 146 51 potest
536 1230 102 51 hoc
595 1230 88 51 in
638 1230 205 51 intellectu
799 1230 132 51 iusti
873 1230 146 51 viatoris

413 1265 223 52 Praeterea,
588 1265 112 52 non
652 1265 191 52 apparet,
796 1265 143 52 quare
891 1265 143 52 magis
987 1265 159 52 negare
1083 1265 143 52 debeamu

377 1308 129 53 Deum
458 1308 113 53 per
522 1308 113 53 sui
587 1308 210 53 potentiam
748 1308 210 53 huiusmodi
910 1308 210 53 mirabilia
1071 1308 145 53 posse
1152 1308 81 53 fa-

366 1354 121 47 cere
441 1354 91 47 in
487 1354 151 47 natura
592 1354 226 47 spirituali,
773 1354 121 47 quam
849 1354 91 47 in
894 1354 151 47 natura
1000 1354 211 47 corporali,
1151 1354 75 47 cum

360 1388 241 49 intellectiua
556 1388 151 49 anima,
661 1388 120 49 quae
736 1388 105 49 est
796 1388 181 49 perfecta
932 1388 166 49 gratia,
1052 1388 75 49 &
1067 1388 166 49 caritate,

357 1431 182 46 maiorem
490 1431 281 46 inclinationem
722 1431 132 46 habe
805 1431 99 46 at
854 1431 99 46 ad
904 1431 232 46 intuitiuam
1069 1431 166 46 visionem

369 1469 119 49 Dei,
444 1469 119 49 quam
518 1469 119 49 ista
593 1469 209 49 corporalia
757 1469 89 49 ad
802 1469 104 49 ea,
861 1469 119 49 quae
936 1469 104 49 per
995 1469 149 49 diuina
1085 1469 134 49 miracul

367 1505 164 50 saepius
487 1505 90 50 in
531 1505 105 50 eis
591 1505 134 50 facta
681 1505 194 50 leguntur.
830 1505 119 50 Quae
905 1505 119 50 enim
979 1505 224 50 conformitas
1143 1505 75 50 con

371 1549 147 54 poris
469 1549 164 54 humani
583 1549 98 54 ad
632 1549 180 54 statuam
763 1549 164 54 salis:
878 1549 98 54 in
927 1549 131 54 quam
1008 1549 147 54 tamen
1090 1549 131 54 conuer

370 1592 115 39 sum
435 1592 115 39 est
501 1592 115 39 per
566 1592 180 39 diuinam
697 1592 229 39 potentiam,
877 1592 98 39 vt
926 1592 147 39 patet
1025 1592 131 39 &en.
1106 1592 115 39 18.
1156 1592 65 39 Ve

367 1624 196 47 pulueris
514 1624 114 47 per
579 1624 180 47 terram,
710 1624 82 47 &
743 1624 131 47 mare
824 1624 196 47 dispersi
971 1624 98 47 ad
1020 1624 147 47 verum
1102 1624 131 47 corpus

360 1667 179 48 humanum
490 1667 260 48 integrandum,
701 1667 146 48 sicut
799 1667 130 48 fiet
880 1667 114 48 per
945 1667 179 48 diuinam
1059 1667 179 48 potentiam

369 1703 93 45 in
415 1703 263 45 resurrectione
632 1703 217 45 mortuorum:
802 1703 77 45 &
833 1703 108 45 sic
895 1703 93 45 de
941 1703 139 45 aliis
1034 1703 155 45 multis
1127 1703 93 45 mira

370 1744 176 46 bilibus
498 1744 112 46 Dei
562 1744 223 46 miraculis,
737 1744 96 46 in
785 1744 160 46 quibus
897 1744 96 46 ad
945 1744 223 46 propositum
1104 1744 128 46 semper

371 1789 154 46 potest
479 1789 154 46 argui,
586 1789 77 46 &
617 1789 108 46 vel
679 1789 108 46 per
741 1789 139 46 locum
833 1789 77 46 a
864 1789 170 46 simili,
987 1789 108 46 vel
1049 1789 108 46 per
1111 1789 139 46 locum
1188 1789 46 46 a

366 1822 152 51 minori
457 1822 213 51 affirmatiue-

407 1859 214 49 Praeterea,
575 1859 168 49 dominus
697 1859 138 49 lesus
789 1859 183 49 Christus
926 1859 122 49 fuit
1003 1859 138 49 verus
1094 1859 168 49 viator,

375 1902 156 41 tamen
479 1902 191 41 numquam
618 1902 209 41 destitit
774 1902 243 41 inituitiue
965 1902 174 41 videre
1070 1902 156 41 diuinam

351 1939 190 49 essentiam.

409 1974 96 48 Hic
464 1974 123 48 dices
546 1974 137 48 forte,
641 1974 109 48 quod
710 1974 109 48 ipse
778 1974 123 48 etiam
860 1974 137 48 fuerit
956 1974 109 48 vere
1010 1974 123 48 beatus.

407 2020 147 48 Dico,
505 2020 131 48 quod
586 2020 131 48 fuit
668 2020 163 48 beatus
782 2020 261 48 quandocumque
994 2020 180 48 voluit,
1109 2020 114 48 quam-

361 2060 99 42 uis
417 2060 99 42 non
474 2060 141 42 semper
573 2060 141 42 beatus
672 2060 155 42 fuerit,
785 2060 113 42 quia
856 2060 85 42 si
898 2060 85 42 in
940 2060 184 42 beatifica
1082 2060 170 42 fruitio

364 2098 93 49 ne
410 2098 185 49 continue
549 2098 263 49 permansisset,
765 2098 155 49 nullum
874 2098 170 49 dolorem
997 2098 216 49 sensisset.
1152 2098 77 49 Cum

372 2136 119 52 enim
446 2136 148 52 modica
550 2136 148 52 stilla
654 2136 222 52 spiritualis
832 2136 252 52 iucunditatis,
1039 2136 74 52 &
1054 2136 163 52 refrigeri

365 2176 167 48 fecerit
486 2176 182 48 martvres
623 2176 197 48 quandoque
774 2176 91 48 in
820 2176 258 48 acerbissimis,
1032 2176 76 48 &
1047 2176 167 48 exquisiti

365 2221 200 42 cormentis
519 2221 200 42 passiones
673 2221 139 42 quasi
765 2221 108 42 pro
827 2221 154 42 nihilo
935 2221 169 42 ducere,
1058 2221 139 42 teste
1135 2221 77 42 Lau

366 2251 170 47 rentio,
489 2251 108 47 qui
551 2251 170 47 positus
674 2251 139 47 super
767 2251 216 47 craticulam
936 2251 139 47 dixit
1029 2251 93 47 ad
1060 2251 154 47 tvrannum

359 2295 185 47 Carbones
497 2295 108 47 tui
559 2295 123 47 mihi
636 2295 231 47 refrigerium
821 2295 216 47 praestant,
991 2295 123 47 tibi
1068 2295 139 47 autem
1145 2295 77 47 ae-

362 2340 159 36 ternum
474 2340 239 36 supplicium.
665 2340 96 36 Si
712 2340 159 36 igitur
824 2340 191 36 Christus
967 2340 159 36 viator
1063 2340 159 36 existens

359 2374 155 50 semper
468 2374 155 50 beatus
577 2374 186 50 fuisset,
717 2374 186 50 videtur,
857 2374 124 50 quod
934 2374 140 50 quasi
1028 2374 140 50 nihil
1105 2374 109 50 passu

360 2410 190 45 fuisset.
503 2410 111 45 Hoc
566 2410 142 45 tamen
661 2410 95 45 ad
708 2410 190 45 praesens
851 2410 142 45 solum
946 2410 127 45 dico
1009 2410 206 45 disputatiuc

362 2452 126 60 quia
441 2452 95 60 in
489 2452 158 60 tertio
599 2452 142 60 libro
694 2452 253 60 distinctione
900 2452 111 60 15.
963 2452 142 60 forte
1042 2452 174 60 oppositum

364 2489 141 50 istius
449 2489 127 50 tenebo.

402 2529 214 44 Praeterea,
570 2529 107 44 pro
631 2529 107 44 iam
692 2529 137 44 dicta
783 2529 229 44 conclusione
967 2529 168 44 videtur
1089 2529 122 44 esse
1150 2529 61 44 ma

362 2570 175 49 nifeste
489 2570 222 49 auctoritas
664 2570 222 49 sanctorum.
839 2570 159 49 Deatus
950 2570 127 49 enim
1029 2570 175 49 Ambros:
1141 2570 79 49 su-

370 2608 113 50 per
434 2608 145 50 illud
531 2608 162 50 verbum
645 2608 129 50 Luc.
725 2608 97 50 1.
774 2608 178 50 Angelus
903 2608 162 50 domini
1016 2608 194 50 apparuit
1145 2608 65 50 Sa

370 2646 173 47 tharie,
496 2646 110 47 sic
559 2646 126 47 ait.
638 2646 110 47 Non
701 2646 189 47 immerito
842 2646 173 47 angelus
968 2646 157 47 domini
1063 2646 157 47 apparuit

354 2692 212 44 sacerdoti,
520 2692 121 44 quia
596 2692 121 44 veri
672 2692 212 44 sacerdotis
838 2692 227 44 nunciabatur
1020 2692 197 44 aduentus,
1156 2692 61 44 in

361 2723 135 49 euius
451 2723 195 49 voluntate
600 2723 120 49 fuit
675 2723 165 49 videri,
795 2723 135 49 cuius
885 2723 165 49 naturae
1005 2723 105 49 est
1064 2723 105 49 non
1109 2723 105 49 vide-

362 2764 104 49 ri.
422 2764 163 49 videtur
540 2764 134 49 enim,
629 2764 89 49 si
674 2764 134 49 vult,
763 2764 104 49 non
822 2764 178 49 videtur,
956 2764 89 49 si
1000 2764 104 49 non
1060 2764 134 49 vult.
1134 2764 89 49 Vnde

362 2802 79 45 &
394 2802 158 45 beatus
504 2802 126 45 Aug.
583 2802 95 45 in
630 2802 110 45 lib
693 2802 95 45 de
741 2802 174 45 videndo
867 2802 142 45 Deum,
962 2802 142 45 illud
1056 2802 110 45 iam
1104 2802 110 45 dictu

355 2841 204 45 Ambrosij
508 2841 237 45 commendans
694 2841 119 45 sic
762 2841 136 45 ait,
847 2841 119 45 Cum
915 2841 136 45 Deus
1000 2841 170 45 absens
1101 2841 119 45 puta-

362 2883 117 46 tur,
436 2883 176 46 videtur,
567 2883 88 46 si
611 2883 132 46 vult:
699 2883 73 46 &
728 2883 102 46 cum
787 2883 176 46 praesens
919 2883 117 46 est,
992 2883 102 46 non
1050 2883 176 46 videtur,
1167 2883 59 46 si

354 2922 104 45 non
414 2922 134 45 vult,
503 2922 119 45 quia
578 2922 104 45 non
637 2922 104 45 est
697 2922 89 45 in
741 2922 194 45 potestate
890 2922 149 45 nostra
995 2922 164 45 videre,
1114 2922 104 45 sed
1158 2922 60 45 in

357 2961 107 48 sua
418 2961 198 48 voluntate
570 2961 107 48 est
631 2961 198 48 apparere.
784 2961 92 48 Et
830 2961 153 48 subdit
936 2961 168 48 August.
1058 2961 92 48 Si
1089 2961 122 48 queris

360 3000 161 57 quomodo
478 3000 117 57 Deus
551 3000 147 57 dictus
653 3000 103 57 est
712 3000 234 57 inuisibilis,
903 3000 88 57 si
947 3000 147 57 potest
1049 3000 161 57 videri.
1152 3000 73 57 He-

350 3040 204 51 spodendum
507 3040 283 51 estinuisibilem
743 3040 126 51 esse
822 3040 173 51 natura,
947 3040 157 51 videri
1057 3040 157 51 autem,
1151 3040 79 51 cum

1263 199 140 62 vult,
1357 199 78 62 &
1388 199 140 62 sicut
1481 199 140 62 vult.
1575 199 93 62 Ex
1622 199 156 62 quibus
1731 199 156 62 verbis
1840 199 202 62 euidenter
1980 199 140 62 apparet

1263 249 212 46 Augustinum
1429 249 136 46 illud
1520 249 182 46 sentire,
1656 249 121 46 quod
1732 249 182 46 superius
1868 249 136 46 dixi,
1959 249 136 46 alias
2049 249 106 46 non

1262 289 161 41 diceret,
1382 289 107 41 quod
1449 289 161 41 videtur,
1569 289 94 41 cum
1623 289 120 41 vult,
1703 289 67 41 &
1730 289 120 41 sicut
1797 289 80 41 vult

1293 324 211 45 Praeterea,
1459 324 106 45 non
1519 324 136 45 minus
1609 324 181 45 dependet
1745 324 181 45 accidens
1881 324 75 45 a
1911 324 211 45 substantia
2062 324 60 45 in

1251 370 190 48 essendo,
1393 370 79 48 &
1425 370 205 48 operando,
1583 370 126 48 quam
1662 370 237 48 intellectus
1851 370 79 48 a
1883 370 221 48 voluntate,
2041 370 79 48 sed

1265 406 109 52 per
1328 406 203 52 potentiam
1484 406 109 52 Dei
1546 406 187 52 accidens
1686 406 78 52 &
1718 406 94 52 in
1764 406 187 52 essendo,
1905 406 78 52 &
1936 406 94 52 in
1967 406 156 52 operando

1259 447 187 44 separatur
1403 447 72 44 a
1431 447 216 44 substantia,
1604 447 115 44 ergo
1676 447 158 44 poterit
1792 447 216 44 intellectus
1965 447 144 44 habere
2051 447 72 44 o-

1265 486 218 43 perationem
1436 486 202 43 perfectam
1592 486 124 43 sine
1669 486 218 43 operatione
1840 486 233 43 voluntatis,
2027 486 78 43 &
2042 486 78 43 per

1261 526 216 42 consequens
1430 526 123 42 sine
1507 526 246 42 beatitudine.
1707 526 139 42 Maior
1800 526 154 42 patet:
1907 526 123 42 quia
1984 526 123 42 plus
2046 526 77 42 de-

1266 564 151 42 pendet
1372 564 196 42 posterius
1523 564 76 42 a
1553 564 166 42 priori,
1674 564 121 42 quam
1749 564 136 42 prius
1840 564 76 42 a
1870 564 227 42 posteriori:
2036 564 76 42 sec

1250 614 235 39 intellectus
1438 614 94 39 in
1485 614 109 39 sua
1547 614 219 39 operatione
1719 614 109 39 est
1782 614 235 39 naturaliter
1970 614 141 39 prior
2048 614 78 39 vo-

1255 641 206 45 luntate,
1409 641 120 45 cum
1478 641 154 45 bonum
1581 641 206 45 cognitum
1735 641 120 45 sit
1803 641 189 45 nostrae
1923 641 206 45 voluntatis

1259 684 200 41 obiectum,
1413 684 108 41 sed
1474 684 185 41 accidens
1613 684 108 41 est
1675 684 200 41 posterius
1829 684 231 41 substantia,
2014 684 93 41 vt
2045 684 77 41 ua-

1255 723 113 46 tet
1319 723 97 46 7.
1368 723 242 46 physicorum.
1561 723 145 46 Minor
1658 723 145 46 patet
1755 723 97 46 in
1803 723 226 46 sacramento
1965 723 161 46 altaris:

1258 761 112 45 vbi
1322 761 224 45 accidentia
1498 761 128 45 sunt
1578 761 128 45 sine
1658 761 208 45 subiecto,
1818 761 80 45 &
1850 761 144 45 tamen
1946 761 144 45 omnem
2026 761 96 45 ope-

1252 806 198 45 rationem
1400 806 214 45 exercent,
1565 806 132 45 quam
1647 806 214 45 habuerunt
1812 806 99 45 in
1861 806 214 45 subiecto;
2010 806 115 45 quan-

1259 839 134 48 titas
1348 839 119 48 enim
1423 839 134 48 locum
1512 839 178 48 occupat,
1646 839 149 48 albedo
1750 839 208 48 disgregat,
1913 839 74 48 &
1943 839 104 48 sic
2002 839 89 48 de
2032 839 104 48 alius

1235 877 235 43 accidentibus

1279 913 114 51 Sed
1344 913 114 51 his
1409 913 163 51 dictis
1523 913 179 51 videtur
1653 913 212 51 repugnare
1816 913 212 51 sententia
1963 913 179 51 venerabi-

1257 956 105 43 lis
1317 956 150 43 nostri
1422 956 195 43 doctoris,
1571 956 105 43 qui
1631 956 180 43 expresse
1766 956 150 43 tenet,
1871 956 120 43 quod
1930 956 195 43 impossibile

1247 997 115 40 sit
1312 997 214 40 essentiam
1477 997 181 40 diuinam
1608 997 99 40 ab
1657 997 230 40 intellectu
1838 997 164 40 aperte
1953 997 181 40 videri;
2068 997 49 40 &

1262 1037 205 50 voluntatem
1424 1037 103 50 non
1482 1037 191 50 diligere:
1629 1037 88 50 in
1673 1037 117 50 actu
1747 1037 117 50 enim
1820 1037 235 50 intellectus,
2011 1037 88 50 vt
2040 1037 88 50 ipse

1253 1078 115 43 ait,
1324 1078 200 43 necessario
1482 1078 200 43 requiritur
1639 1078 172 43 intentio
1768 1078 200 43 voluntatis
1926 1078 157 43 propter
2026 1078 100 43 tria-

1285 1114 152 48 Primo,
1391 1114 121 48 quia
1467 1114 91 48 si
1513 1114 106 48 non
1573 1114 167 48 adesset
1695 1114 182 48 intentio
1831 1114 228 48 voluntatis,
1999 1114 121 48 intel-

1260 1149 148 51 lectus
1364 1149 148 51 posset
1467 1149 148 51 auerti
1570 1149 89 51 ab
1600 1149 133 51 obiecto

1295 1190 180 50 Secundo,
1430 1190 120 50 quia
1505 1190 135 50 licet
1595 1190 150 50 multae
1700 1190 165 50 species
1820 1190 120 50 sint
1895 1190 90 50 in
1925 1190 195 50 intellectu,

1252 1233 150 43 nulla
1352 1233 150 43 tamen
1452 1233 166 43 potest
1569 1233 166 43 mouere
1685 1233 250 43 intellectum
1885 1233 100 43 ad
1935 1233 150 43 actum
2018 1233 100 43 pro-

1259 1275 147 49 prium
1357 1275 294 49 intelligendum,
1601 1275 130 49 nisi
1683 1275 114 49 per
1748 1275 245 49 intentionem
1927 1275 196 49 voluntatis

1260 1307 162 46 feramur
1378 1307 133 46 super
1466 1307 236 46 phantasmata:
1658 1307 118 46 quia
1731 1307 162 46 species
1849 1307 88 46 de
1893 1307 88 46 se
1938 1307 103 46 non
1996 1307 103 46 est
2041 1307 88 46 tam-

1253 1352 106 48 tae
1313 1352 257 48 actualitatis,
1525 1352 121 48 quod
1601 1352 151 48 possit
1707 1352 166 48 causare
1828 1352 136 48 actum
1903 1352 227 48 intelligendi,

1253 1394 178 47 praeter
1382 1394 210 47 huiusmodi
1544 1394 242 47 intentionem
1721 1394 194 47 voluntatis

1297 1428 167 48 Tertio,
1418 1428 213 48 requiritur
1585 1428 197 48 intentio,
1737 1428 167 48 propter
1859 1428 213 48 ordinatum,
2026 1428 76 48 &
2041 1428 76 48 de-

1257 1465 137 46 bitum
1348 1465 198 46 iudicium,
1501 1465 137 46 sicut
1593 1465 137 46 oculo
1684 1465 122 46 enim
1761 1465 214 46 dormientis
1929 1465 153 46 posset
2020 1465 107 46 fieri

1249 1509 131 50 lucis
1337 1509 203 50 impressio,
1496 1509 145 50 nullum
1598 1509 131 50 tamen
1685 1509 131 50 esset
1772 1509 189 50 iudicium,
1918 1509 116 50 sic,
1990 1509 87 50 vt
2034 1509 116 50 ait,

1250 1547 113 41 non
1315 1547 194 41 implicat
1460 1547 324 41 contradictionem,
1736 1547 130 41 quod
1817 1547 97 41 in
1866 1547 162 41 nostro
1963 1547 162 41 intelle-

1252 1586 106 49 ctu
1312 1586 121 49 fiat
1388 1586 197 49 impressio
1540 1586 76 49 a
1570 1586 152 49 diuina
1676 1586 197 49 essentia,
1828 1586 76 49 &
1858 1586 197 49 huiusmodi
1995 1586 136 49 impres-

1247 1626 119 44 sio
1315 1626 85 44 a
1349 1626 119 44 Deo
1417 1626 254 44 conseruetur
1620 1626 170 44 absque
1739 1626 237 44 intentione
1909 1626 220 44 voluntatis:

1258 1668 96 43 sed
1313 1668 205 43 impossibile
1477 1668 109 43 est,
1545 1668 109 43 qued
1613 1668 109 43 ibi,
1682 1668 82 43 ex
1722 1668 109 43 tali
1791 1668 218 43 impressione,
1968 1668 96 43 sit
2009 1668 123 43 aliquod

1253 1702 188 51 iudicium
1394 1702 125 51 sine
1473 1702 219 51 voluntatis
1629 1702 188 51 intentione

1284 1747 104 50 Sed
1344 1747 134 50 salua
1433 1747 149 50 semper
1537 1747 208 50 reuerentia
1701 1747 149 50 istius
1805 1747 253 50 illustrissimi
1999 1747 119 50 docto-

1258 1781 122 45 ris,
1334 1781 137 45 illud
1425 1781 91 45 ad
1471 1781 183 45 praesens
1608 1781 107 45 non
1669 1781 213 45 intelligo.
1837 1781 122 45 nam,
1913 1781 107 45 cum
1974 1781 122 45 Deus
2050 1781 91 45 om

1252 1825 95 41 ne
1300 1825 142 41 genus
1395 1825 158 41 causae
1505 1825 158 41 possit
1616 1825 206 41 supplere,
1774 1825 174 41 excepto
1901 1825 158 41 genere
1995 1825 127 41 causae

1252 1859 247 50 materialis,
1449 1859 82 50 &
1482 1859 198 50 formalis
1630 1859 247 50 inherentis,
1828 1859 214 50 inquantum
1976 1859 148 50 aliquid

1261 1905 260 50 mperfectionis
1475 1905 214 50 includunt;
1643 1905 107 50 non
1705 1905 153 50 video,
1812 1905 122 50 quin
1888 1905 138 50 Deus,
1965 1905 153 50 respectu

1266 1945 177 47 erfectae
1399 1945 280 47 intellectionis,
1635 1945 147 47 possit
1738 1945 177 47 supplere
1870 1945 133 47 huius
1944 1945 177 47 voluntatis

1248 1975 261 56 intentionem,
1460 1975 163 56 maxime
1574 1975 114 56 cum
1639 1975 147 56 talis
1737 1975 196 56 intentio
1884 1975 228 56 voluntatis
2047 1975 82 56 non

1259 2015 98 56 sit
1315 2015 126 56 causa
1399 2015 196 56 materialis
1554 2015 140 56 istius
1652 2015 267 56 intellectionis,
1876 2015 98 56 nec
1933 2015 168 56 inhereat
2045 2015 70 56 in-

1251 2067 209 40 tellectui:
1415 2067 119 40 quia
1489 2067 104 40 est
1549 2067 134 40 actus
1638 2067 209 40 voluntatis
1802 2067 74 40 a
1832 2067 194 40 voluntate
1966 2067 164 40 elicitus.

1262 2099 193 49 Quicquid
1407 2099 161 49 igitur
1519 2099 193 49 voluntas
1664 2099 113 49 per
1728 2099 145 49 talem
1825 2099 241 49 intentionem
2001 2099 129 49 causat

1243 2133 96 46 in
1291 2133 240 46 intellectu,
1483 2133 112 46 hoc
1547 2133 176 46 causare
1675 2133 176 46 videtur
1803 2133 192 46 secundum
1947 2133 144 46 oenus
2027 2133 96 46 cau-

1247 2179 105 43 sae
1307 2179 241 43 efficientis:
1503 2179 75 43 &
1533 2179 105 43 per
1593 2179 211 43 consequens
1759 2179 75 43 a
1789 2179 105 43 Deo
1849 2179 151 43 potest
1939 2179 181 43 perfectis-

1254 2212 121 58 sime
1314 2212 151 58 suppleri

1281 2256 177 45 Primum
1405 2256 177 45 igitur
1529 2256 124 45 non
1599 2256 194 45 videtur
1740 2256 265 45 concludere:
1952 2256 141 45 quia
2023 2256 106 45 Deus

1254 2299 227 45 perfectiori
1436 2299 121 45 modo
1511 2299 151 45 potest
1617 2299 167 45 firmare
1738 2299 197 45 potentiam
1890 2299 136 45 circa
1966 2299 151 45 obiectum

1253 2335 131 46 quam
1334 2335 229 46 quaecumque
1514 2335 196 46 intentio
1645 2335 212 46 voluntatis.

1298 2371 191 50 Secundum
1442 2371 112 50 non
1505 2371 143 50 valet
1601 2371 96 50 in
1649 2371 223 50 proposito:
1824 2371 128 50 quia
1904 2371 143 50 etiam
1983 2371 128 50 secun-

1254 2411 111 52 dum
1317 2411 142 52 illum
1412 2411 205 52 doctorem,
1570 2411 126 52 Deus
1649 2411 111 52 non
1712 2411 253 52 intelligitur
1917 2411 111 52 per
1965 2411 142 52 speciem

1253 2453 135 43 etiam
1343 2453 90 43 in
1388 2453 120 43 his,
1464 2453 120 43 quae
1539 2453 256 43 intelliguntur
1750 2453 105 43 per
1810 2453 166 43 speciem
1930 2453 120 43 Deus
1991 2453 120 43 posset

1248 2496 167 43 maiorem
1369 2496 227 43 actualitate
1551 2496 167 43 causare
1672 2496 91 43 in
1717 2496 167 43 specle,
1838 2496 121 43 quam
1914 2496 136 43 talis
1990 2496 136 43 species

1256 2534 171 44 vmquam
1376 2534 103 44 ab
1427 2534 240 44 intentione
1615 2534 240 44 voluntatis
1804 2534 171 44 posset
1907 2534 205 44 percipere.

1271 2572 112 51 Nec
1335 2572 176 51 tertium
1463 2572 176 51 obstat,
1590 2572 96 51 vt
1638 2572 112 51 iam
1702 2572 176 51 patuit:
1830 2572 144 51 etiam
1925 2572 160 51 posset
2021 2572 96 51 Deus

1244 2604 127 53 sine
1324 2604 287 53 contradictione
1563 2604 223 53 annihilare
1738 2604 239 53 voluntatem,
1929 2604 80 53 &
1945 2604 159 53 intelle-

1249 2649 123 50 ctum
1326 2649 108 50 cum
1387 2649 185 50 essentia
1526 2649 154 50 animae
1634 2649 231 50 conseruare,
1819 2649 77 50 &
1849 2649 108 50 sua
1911 2649 185 50 potentia
2034 2649 108 50 ipsis

1249 2688 231 50 intellectui
1433 2688 92 50 ad
1480 2688 200 50 perfectam
1634 2688 231 50 operationem
1819 2688 216 50 cooperari.
1988 2688 108 50 Nec
2050 2688 108 50 va
2096 2688 46 50 a

1255 2726 107 57 set
1316 2726 153 57 illud,
1423 2726 122 57 quod
1499 2726 153 57 doctor
1607 2726 107 57 iam
1668 2726 153 57 dictus
1775 2726 153 57 addit,
1882 2726 168 57 dicens,
2004 2726 122 57 quod
2066 2726 76 57 si-

1245 2767 124 51 sola
1322 2767 201 51 impressio
1477 2767 217 51 sufficeret
1647 2767 93 51 ad
1694 2767 248 51 cognitionem:
1895 2767 124 51 tunc
1973 2767 139 51 etiam
2050 2767 93 51 ipse

1245 2806 106 48 aer
1305 2806 181 48 videret.
1441 2806 106 48 Non
1501 2806 106 48 est
1562 2806 166 48 simile:
1683 2806 121 48 quia
1758 2806 121 48 ipse
1833 2806 106 48 aer
1894 2806 106 48 non
1954 2806 136 48 habet
2030 2806 75 48 po-

1248 2844 162 46 tentiam
1366 2844 177 46 visiuam,
1499 2844 147 46 igitur
1602 2844 118 46 eius
1675 2844 191 46 impressio
1822 2844 103 46 non
1881 2844 103 46 est
1940 2844 147 46 visio.
2028 2844 74 46 Sec

1247 2883 144 53 dato,
1343 2883 128 53 quod
1423 2883 176 53 haberet
1551 2883 160 53 visum,
1663 2883 128 53 bene
1744 2883 240 53 sequeretur,
1936 2883 128 53 quod
2000 2883 112 53 talis

1242 2920 201 54 impressio
1396 2920 139 54 esset
1488 2920 154 54 visio:
1596 2920 123 54 quia
1674 2920 139 54 etiam
1766 2920 123 54 ille
1843 2920 216 54 reuerendus
1998 2920 123 54 doctor

1248 2962 93 56 in
1295 2962 140 56 prima
1388 2962 109 56 sua
1450 2962 217 56 quaestione
1621 2962 93 56 de
1667 2962 217 56 cognitione
1838 2962 202 56 angelorum
1977 2962 140 56 saepis-

1248 2999 117 52 sime
1321 2999 146 52 dicit,
1423 2999 117 52 quod
1496 2999 189 52 impressio
1642 2999 160 52 speciei
1759 2999 87 52 in
1802 2999 160 52 pupilla
1919 2999 102 52 sit
1963 2999 160 52 realiter,

1246 3037 95 64 ipsa
1306 3037 119 64 visio.
