2409 3530
212 244 75 75 4
242 244 211 75 Praeterea,
408 244 151 75 posita
513 244 135 75 causa
603 244 226 75 sufficienti
784 244 75 75 &
814 244 105 75 non
874 244 196 75 impedita,
1010 244 75 75 im-

208 311 163 43 mediate
327 311 178 43 sequitur
460 311 192 43 effectus,
608 311 104 43 sed
667 311 178 43 voluntas
800 311 104 43 Dei
860 311 118 43 fuit
934 311 89 43 ab
963 311 104 43 aeter

255 393 108 40 Sed
316 393 123 40 illa
393 393 108 40 non
455 393 231 40 concludunt,
639 393 123 40 quia
716 393 123 40 Deus
793 393 154 40 habuit
901 393 92 40 ab
932 393 138 40 aeternu

205 423 228 59 potentiam
381 423 246 59 producendi
574 423 246 59 creaturam,
767 423 193 59 attamen
890 423 193 59 solummodo

206 476 125 37 tunc
285 476 203 37 produxit,
441 476 156 37 quando
550 476 172 37 aeterna
675 476 109 37 sua
738 476 188 37 voluntas
879 476 203 37 creaturam
1019 476 63 37 vo

202 508 124 55 luit
279 508 124 55 esse
341 508 185 55 productam.

240 534 106 66 Ad
293 534 177 66 primum
417 534 177 66 igitur
541 534 230 66 dicendum,
717 534 141 66 quod
805 534 124 66 non
876 534 194 66 negamus
1000 534 88 66 di-

206 582 143 50 uinam
301 582 222 50 potentiam,
476 582 111 50 sed
539 582 190 50 dicimus,
682 582 127 50 quod
762 582 190 50 voluntas
904 582 111 50 est
968 582 111 50 per
1016 582 63 50 se

202 629 85 42 &
236 629 153 42 prima
338 629 153 42 causa
440 629 170 42 omnium
559 629 255 42 productorum
764 629 102 42 ad
815 629 170 42 extra,
934 629 119 42 cum
985 629 85 42 po

191 680 33 41 s

197 707 229 62 neplacitum
377 707 82 62 &
409 707 196 62 imperium
557 707 131 62 suae
622 707 213 62 voluntatis.

252 742 107 58 Ad
306 742 215 58 secundum
467 742 161 58 patet
574 742 161 58 eodem
664 742 125 58 modo.

244 757 102 78 Ad
295 757 187 78 tertium
431 757 220 78 dicendum,
600 757 136 78 quod
685 757 187 78 quamuis
821 757 204 78 potentia
973 757 102 78 in
1007 757 85 78 no-

206 826 117 47 bis
273 826 218 47 immediate
441 826 184 47 eliciat
575 826 151 47 actum
676 826 268 47 productiuum,
894 826 151 47 tamen
977 826 101 47 quia

206 857 87 56 in
249 857 231 56 artificiatis
437 857 101 56 hoc
494 857 101 56 non
552 857 144 56 facit,
653 857 116 56 nisi
725 857 87 56 ad
769 857 173 56 imperium
884 857 188 56 voluntatis;

194 915 30 41 s

207 943 138 46 luxta
299 943 123 46 quod
375 943 169 46 dicitur
498 943 92 46 8.
544 943 169 46 metaph.
667 943 215 46 Principium
820 943 261 46 artificiatorum.

210 973 104 67 est
270 973 193 67 voluntas;
418 973 89 67 Et
463 973 149 67 alibi.
567 973 253 67 Artificiatum,
775 973 74 67 &
805 973 164 67 volitum
924 973 119 67 sunt
984 973 89 67 idem

225 1022 105 50 Sic
285 1022 90 50 in
330 1022 194 50 proposito
464 1022 60 50 &c

239 1032 98 73 Ad
288 1032 180 73 quartum
419 1032 213 73 dicendum,
582 1032 131 73 quod
664 1032 147 73 talis
762 1032 147 73 forma
860 1032 196 73 arguendi
991 1032 82 73 non

191 1115 33 41 i

210 1136 151 57 tentia
315 1136 151 57 contra
421 1136 106 57 te,
481 1136 121 57 quia
557 1136 106 57 non
617 1136 136 57 minus
707 1136 106 57 Dei
768 1136 181 57 potentia
903 1136 106 57 est
948 1136 121 57 aeter.

192 1194 33 41 s

200 1208 120 50 dum,
275 1208 120 50 quod
350 1208 105 50 Dei
410 1208 180 50 voluntas
545 1208 120 50 fuit
620 1208 90 50 ab
665 1208 180 50 aeterno,
800 1208 90 50 vt
845 1208 135 50 esset
920 1208 150 50 creatur:

199 1257 92 51 in
245 1257 184 51 tempore,
382 1257 77 51 &
413 1257 122 51 ideo
489 1257 168 51 quamuis
612 1257 184 51 voluntas
750 1257 107 51 sit
811 1257 184 51 aeterna,
933 1257 138 51 creatu.

192 1311 33 41 i

289 1371 623 89 ARTICVLVS
720 1371 192 89 II

269 1483 169 52 Vtrum
382 1483 150 52 Deus
476 1483 244 52 cognoscat
664 1483 188 52 futura
777 1483 282 52 contingentia.

235 1556 98 54 A
275 1556 195 54 VANTVM
411 1556 117 54 ad
470 1556 235 54 secundum
646 1556 274 54 articulum,
861 1556 176 54 vtrum
959 1556 117 54 Deus

220 1584 233 78 cognoscat
399 1584 179 78 futura
524 1584 304 78 contingentia,
775 1584 143 78 dico
864 1584 179 78 primo,
972 1584 107 78 Deus

200 1643 137 56 certa
291 1643 182 56 scientia
428 1643 182 56 cognouit
564 1643 152 56 futura
670 1643 243 56 contingentia
868 1643 91 56 ab
898 1643 152 56 aeterno.

218 1676 82 72 1
250 1676 132 72 Quia
333 1676 99 72 si
382 1676 132 72 non:
465 1676 132 72 tunc
547 1676 132 72 nunc
630 1676 132 72 Deus
712 1676 115 72 aut
778 1676 181 72 haberet
910 1676 148 72 rerum
993 1676 82 72 al-

209 1721 163 62 quarum
323 1721 261 62 ignorantiam,
535 1721 196 62 postquam
682 1721 196 62 producte
828 1721 147 62 sunt,
926 1721 114 62 aut
975 1721 98 62 ali-

206 1772 121 38 quid
281 1772 121 38 suae
357 1772 196 38 icientiae
508 1772 106 38 per
568 1772 166 38 euentum
689 1772 136 38 rerum
779 1772 91 38 in
825 1772 121 38 esse
885 1772 196 38 accreuisset

208 1807 261 47 Consequentia
420 1807 212 47 manifesta
583 1807 130 47 est,
664 1807 196 47 vtrumque
811 1807 147 47 etiam
892 1807 196 47 consequens

193 1838 453 68 apparet
481 1838 577 68 impossibile.

235 1875 78 53 2
267 1875 218 53 Praeterea,
438 1875 140 53 illud
531 1875 125 53 Deus
609 1875 93 53 ab
656 1875 171 53 aeterno
780 1875 202 53 cognouit,
936 1875 140 53 cuius
1014 1875 62 53 ab

221 1921 164 60 aeterno
341 1921 149 60 potuit
445 1921 120 60 esse
520 1921 149 60 causa,
625 1921 105 60 sed
684 1921 254 60 vniuseuiusque
879 1921 194 60 contingenti

222 1962 87 56 ab
266 1962 160 56 aeterno
383 1962 146 56 potuit
485 1962 117 56 esse
557 1962 146 56 causa,
659 1962 117 56 ergo
718 1962 58 56 &c

237 1995 72 66 3
265 1995 202 66 Praeterea,
424 1995 87 66 si
467 1995 115 66 non,
540 1995 101 66 hoc
597 1995 130 66 esset
684 1995 101 66 pro
742 1995 144 66 tanto,
843 1995 115 66 quia
915 1995 130 66 eorum
1001 1995 115 66 esse

229 2039 152 48 posset
335 2039 197 48 impediri;
487 2039 106 48 sed
548 2039 106 48 hoc
608 2039 106 48 non
669 2039 167 48 obstat,
791 2039 106 48 nam
851 2039 106 48 cum
912 2039 121 48 Deus
973 2039 106 48 omnia

211 2074 123 59 illa
287 2074 230 59 impedientia
472 2074 200 59 cognoscat
625 2074 92 59 ab
671 2074 184 59 aeterno,
810 2074 123 59 ideo
886 2074 92 59 de
932 2074 138 59 certo
1009 2074 77 59 no-

209 2115 108 53 uit
270 2115 139 53 vtrum
363 2115 139 53 talia
456 2115 155 53 futura
565 2115 201 53 eueniant,
720 2115 108 53 vel
782 2115 108 53 non
828 2115 155 53 eueniant

212 2133 178 73 Secundo
341 2133 146 73 dico,
439 2133 130 73 quod
520 2133 113 73 per
585 2133 227 73 praedictam
763 2133 259 73 certitudinem
974 2133 146 73 diui

212 2193 107 61 nae
273 2193 198 61 scientiae
425 2193 107 61 non
486 2193 183 61 tollitur
623 2193 259 61 contingentiaa
836 2193 137 61 rebus
912 2193 168 61 contingen

218 2244 148 42 tibus;
322 2244 104 42 nam
381 2244 104 42 cum
441 2244 178 42 scientia
574 2244 104 42 Dei
634 2244 104 42 non
693 2244 104 42 sit
752 2244 134 42 causa
842 2244 148 42 rerum,
945 2244 119 42 nisi
1005 2244 74 42 me-

205 2276 151 48 diante
311 2276 212 48 voluntate,
477 2276 91 48 vt
522 2276 151 48 patuit
628 2276 91 48 in
674 2276 76 48 t
704 2276 197 48 articulo;
855 2276 181 48 voluntas
976 2276 106 48 autem

218 2316 104 56 Dei
278 2316 104 56 non
337 2316 119 56 vult
411 2316 208 56 necessario
575 2316 208 56 quaecumque
738 2316 134 56 scit,
827 2316 104 56 sed
887 2316 163 56 libere,
1006 2316 74 56 &
1021 2316 59 56 po

215 2354 119 49 test
290 2354 90 49 ea
335 2354 105 49 non
394 2354 149 49 velle,
499 2354 179 49 loquendo
633 2354 90 49 de
678 2354 119 49 his,
753 2354 119 49 quae
827 2354 119 49 sunt
902 2354 134 49 extra
976 2354 105 49 ipsum

218 2396 122 47 ergo
294 2396 184 47 scientia
432 2396 107 47 Dei
493 2396 92 47 vt
539 2396 107 47 est
600 2396 138 47 causa
692 2396 107 47 cum
754 2396 245 47 determinetur
953 2396 92 47 ad
983 2396 92 47 esfe

213 2429 135 55 ctum
298 2429 203 55 mediante
450 2429 169 55 libera
568 2429 220 55 voluntate
738 2429 118 55 non
805 2429 186 55 imponit
924 2429 152 55 aliquan

208 2474 233 54 necessitatem
398 2474 117 54 his,
471 2474 117 54 quae
544 2474 146 54 futura
646 2474 117 54 sunt
719 2474 117 54 nisi
791 2474 87 54 ex
835 2474 219 54 conditione,
996 2474 87 54 puta

222 2518 199 49 supposito,
378 2518 114 49 quod
449 2518 114 49 Deus
520 2518 128 49 velit
605 2518 85 49 ea
648 2518 114 49 sic,
719 2518 99 49 vel
775 2518 114 49 sic,
832 2518 142 49 cuenire,

302 2591 612 84 AETLCVLVS
726 2591 235 84 III

390 2674 142 83 Vtrum
485 2674 126 83 Deus
563 2674 157 83 possit
673 2674 142 83 scire
752 2674 173 83 infinita.

258 2777 201 65 SVANTVM
404 2777 110 65 ad
459 2777 201 65 tertium
605 2777 256 65 articulum,
806 2777 164 65 vtrum
915 2777 146 65 Deus
988 2777 110 65 pos

261 2834 106 46 sit
321 2834 136 46 scire
412 2834 196 46 infinita,
563 2834 196 46 distingui
714 2834 166 46 potest,
834 2834 121 46 quia
910 2834 106 46 vel
955 2834 136 46 quaeri-

201 2862 110 50 tur
264 2862 94 50 de
311 2862 188 50 infinito
452 2862 204 50 discreto,
609 2862 110 50 vel
672 2862 204 50 continuo;
828 2862 141 50 Primo
923 2862 125 50 modo
985 2862 110 50 satis

225 2903 234 56 communiter
409 2903 251 56 conceditur,
610 2903 134 56 quod
693 2903 134 56 Deus
777 2903 217 56 cognoscit
927 2903 167 56 infinita

228 2942 84 54 &
262 2942 101 54 ab
312 2942 168 54 eterno
430 2942 218 54 cognouit,
597 2942 134 54 quod
681 2942 201 54 probatur
832 2942 134 54 sic.

232 2979 82 56 1
264 2979 131 56 Deus
346 2979 98 56 ab
396 2979 181 56 aeterno
527 2979 197 56 cognouit
675 2979 164 56 omnia,
790 2979 131 56 quae
872 2979 131 56 actu
937 2979 148 56 fuerun-

201 3017 100 59 in
251 3017 117 59 eo:
318 3017 117 59 sed
385 3017 100 59 vt
435 3017 117 59 ait
502 3017 184 59 Commen.
635 3017 217 59 12imetaph
802 3017 150 59 omnes
886 3017 200 59 proportio.

224 3055 103 65 nes
283 3055 74 65 &
313 3055 162 65 formae,
431 3055 118 65 quae
504 3055 88 65 in
549 3055 177 65 potentia
681 3055 118 65 sunt
755 3055 88 65 in
799 3055 133 65 prima
888 3055 177 65 materia,
1006 3055 88 65 sunt

226 3112 127 47 actu
305 3112 95 47 in
353 3112 142 47 primo
448 3112 174 47 motore,
574 3112 111 47 cum
637 3112 158 47 igitur
748 3112 174 47 materia
875 3112 111 47 sit
938 3112 95 47 in
969 3112 127 47 poten

1110 265 108 51 tia
1171 265 93 51 ad
1218 265 201 51 infinitas
1372 265 154 51 formas
1480 265 154 51 saltem
1588 265 170 51 numero,
1712 265 123 51 ergo
1773 265 62 51 &c

1129 305 84 49 2
1163 305 235 49 Praeterea,
1347 305 218 49 quicumque
1515 305 201 49 perfecte
1665 305 218 49 cognoscit
1816 305 151 49 aliquam

1104 340 211 60 virtutem,
1266 340 194 60 perfecte
1412 340 211 60 cognoscit
1574 340 162 60 omnia,
1687 340 97 60 ad
1736 340 130 60 quae
1801 340 178 60 huiusmodi

1118 388 154 57 virtus
1226 388 93 57 se
1272 388 154 57 potest
1380 388 216 57 extendere,
1549 388 108 57 sed
1611 388 123 57 Deus
1688 388 123 57 suam
1765 388 185 57 virtutem
1888 388 93 57 per-

1112 429 128 50 secte
1197 429 200 50 cognoscit,
1354 429 100 50 qua
1411 429 86 50 se
1454 429 185 50 extendere
1596 429 100 50 pot
1653 429 86 50 ad
1696 429 185 50 infinita,
1839 429 114 50 ergo
1896 429 71 50 &c.

1124 469 78 47 3
1156 469 219 47 Praeterea,
1327 469 94 47 ad
1374 469 125 47 idem
1452 469 141 47 facit
1546 469 219 47 auctoritas
1718 469 94 47 P.
1765 469 172 47 August.
1874 469 94 47 quam

1117 504 144 68 adduxi
1217 504 159 68 distin.
1333 504 101 68 35.
1390 504 216 68 conclusione
1563 504 86 68 4:
1607 504 86 68 in
1650 504 187 68 solutione
1794 504 159 68 quintae
1895 504 72 68 ra

1088 547 125 46 tionis

1109 574 110 65 Sed
1172 574 221 65 contrarium
1346 574 158 65 istius
1456 574 158 65 quidam
1567 574 158 65 Doctor
1677 574 158 65 tenens
1787 574 158 65 arguit
1882 574 79 65 sic

1156 627 129 47 Quod
1237 627 113 47 non
1301 627 129 47 est,
1382 627 113 47 nec
1447 627 129 47 esse
1528 627 178 47 potest,
1657 627 113 47 hoc
1722 627 129 47 Deus
1802 627 113 47 non
1851 627 113 47 cogno

1105 663 137 55 scit,
1196 663 198 55 infinitum
1348 663 198 55 discretum
1501 663 107 55 est
1562 663 213 55 huiusmodi;
1729 663 91 55 si
1775 663 122 55 enim
1836 663 137 55 possent

1092 703 115 46 esse
1163 703 172 46 discreta
1293 703 187 46 infinita,
1436 703 115 46 illa
1508 703 244 46 constituerent
1709 703 187 46 continuum
1839 703 129 46 infini-

1112 743 103 40 tum
1171 743 235 40 magnitudine,
1362 743 118 40 quod
1436 743 221 40 impossibile
1612 743 103 40 est
1671 743 132 40 esse:
1759 743 118 40 quia
1833 743 103 40 cum
1877 743 88 40 vir-

1108 782 108 59 tus
1169 782 186 59 sequatur
1309 782 263 59 magnitudinem,
1525 782 232 59 sequeretur,
1711 782 124 59 quod
1788 782 170 59 praeter
1897 782 77 59 di-

1099 820 140 52 uinam
1193 820 187 52 virtutem
1333 820 140 52 esset
1426 820 156 52 virtus
1520 820 171 52 infinita.

1103 860 81 51 2
1135 860 129 51 Item
1216 860 146 51 forma
1313 860 275 51 substantialis
1539 860 162 51 illius
1653 860 259 51 magnitudinis
1863 860 146 51 esset
1944 860 49 51 (

1105 901 229 46 infinita
1277 901 229 46 secundum
1429 901 286 46 perfectionem.

1074 930 119 54 Sed
1142 930 153 54 illud
1244 930 119 54 non
1312 930 221 54 infringit
1482 930 221 54 predictam
1651 930 289 54 conclusionem,
1889 930 119 54 nec
1940 930 51 54 u

1084 977 159 45 aliter
1195 977 175 45 oportet
1322 977 238 45 respondere,
1513 977 127 45 quam
1593 977 207 45 responsum
1752 977 111 45 est
1799 977 175 45 superius;

1102 1011 163 51 Potest
1216 1011 147 51 tamen
1313 1011 163 51 negari
1427 1011 163 51 minor.
1542 1011 98 51 Ad
1590 1011 244 51 probationem
1786 1011 147 51 dico,
1867 1011 98 51 quod

1093 1055 174 52 discreta
1224 1055 160 52 possunt
1340 1055 116 52 esse
1413 1055 189 52 infinita,
1558 1055 116 52 quae
1630 1055 131 52 tamen
1717 1055 102 52 non
1775 1055 131 52 esset
1848 1055 116 52 conti-

1094 1102 123 44 nua,
1170 1102 138 44 sicut
1262 1102 123 44 sunt
1339 1102 153 44 angeli
1446 1102 77 44 &
1477 1102 169 44 animae.
1599 1102 138 44 Etiam
1691 1102 184 44 infinita
1814 1102 153 44 continua

1105 1143 173 42 possent
1231 1143 78 42 a
1262 1143 110 42 Deo
1325 1143 173 42 produci
1450 1143 235 42 seceessiue,
1639 1143 125 42 quae
1717 1143 173 42 quamuis
1827 1143 141 42 secudum

1094 1173 177 48 aliquos
1222 1173 193 48 repugnet
1367 1173 145 48 simul
1463 1173 145 48 esse,
1560 1173 112 48 non
1624 1173 145 48 tamen
1720 1173 209 48 repugnat,
1865 1173 96 48 quin

1105 1215 148 47 simul
1203 1215 82 47 a
1236 1215 115 47 Deo
1302 1215 181 47 possent
1434 1215 214 47 cognosci:
1598 1215 115 47 nam
1664 1215 263 47 repugnantia,
1861 1215 99 47 quam

1095 1249 165 50 habent
1211 1249 99 50 ad
1261 1249 149 50 simul
1360 1249 215 50 essendum,
1525 1249 116 50 non
1592 1249 116 50 est
1658 1249 99 50 ex
1707 1249 116 50 Dei
1757 1249 215 50 ignorantia,

1111 1287 108 53 vel
1172 1287 231 53 impotentia;
1357 1287 108 53 sed
1419 1287 139 53 solum
1512 1287 93 53 ex
1558 1287 139 53 parte
1650 1287 185 53 effectus
1789 1287 108 53 est
1836 1287 123 53 huius-

1098 1327 131 56 modi
1180 1327 262 56 repugnantia,
1393 1327 98 56 vt
1442 1327 180 56 ipsimet
1573 1327 180 56 dicunt:
1705 1327 98 56 De
1754 1327 197 56 continuo
1885 1327 82 56 au-

1094 1372 107 47 rem
1155 1372 183 47 infinito
1292 1372 137 47 dicit
1384 1372 153 47 doctor
1491 1372 168 47 noster,
1613 1372 76 47 &
1643 1372 137 47 multi
1735 1372 137 47 alij,
1827 1372 122 47 quod
1888 1372 76 47 cum

1102 1406 120 44 non
1171 1406 172 44 habeat
1291 1406 155 44 ideam
1394 1406 103 44 in
1445 1406 120 44 Deo
1514 1406 206 44 secundum
1669 1406 103 44 se
1720 1406 86 44 a
1755 1406 120 44 Deo
1824 1406 120 44 non
1875 1406 86 44 po-

1097 1440 125 56 test
1175 1440 218 56 intelligi:
1347 1440 125 56 Quid
1425 1440 140 56 tamen
1518 1440 109 56 ego
1580 1440 93 56 de
1627 1440 109 56 hoc
1690 1440 187 56 sentiam,
1830 1440 93 56 ad
1861 1440 109 56 prae-

1103 1480 132 55 sens
1185 1480 132 55 nolo
1267 1480 231 55 discutere,
1449 1480 115 55 sed
1515 1480 165 55 domimo
1630 1480 231 55 concedente
1795 1480 181 55 discutiam

1108 1523 85 55 in
1150 1523 157 55 secundo
1264 1523 157 55 distin.
1378 1523 142 55 prima.

1207 1603 686 55 ARTICVLVIS
1697 1603 245 55 III

1242 1680 194 78 Vtrum
1372 1680 151 78 Dei
1458 1680 301 78 proudentia
1695 1680 129 78 se
1738 1680 215 78 extendat

1445 1753 135 58 ad
1490 1753 158 58 omiia

1176 1827 179 63 VANTVM
1302 1827 108 63 ad
1355 1827 197 63 quartum
1499 1827 269 63 principale,
1714 1827 161 63 vtrum
1822 1827 126 63 Dei
1875 1827 90 63 pro

1110 1876 237 46 uidentia
1288 1876 119 46 se
1347 1876 237 46 extendat
1525 1876 119 46 ad
1565 1876 138 46 omnia

1097 1910 91 55 1
1133 1910 237 55 Dicendum,
1316 1910 146 55 quod
1407 1910 201 55 quamuis
1553 1910 182 55 humana
1680 1910 274 55 prouidentia
1881 1910 91 55 non

1105 1951 94 56 se
1152 1951 187 56 extendat
1293 1951 94 56 ad
1340 1951 156 56 omnia:
1449 1951 125 56 quia
1527 1951 219 56 consilium,
1699 1951 78 56 &
1730 1951 109 56 per
1777 1951 187 56 consequens

1126 1997 215 45 prouidentia
1298 1997 172 45 alicuius
1427 1997 100 45 non
1484 1997 172 45 extendit
1613 1997 100 45 se,
1670 1997 115 45 nisi
1742 1997 86 45 ad
1785 1997 100 45 ea,
1842 1997 115 45 quae
1899 1997 72 45 per

1113 2039 105 46 eum
1173 2039 165 46 possunt
1293 2039 105 46 vel
1352 2039 210 46 promoueri,
1517 2039 105 46 vel
1577 2039 195 46 impediri;
1727 2039 135 46 multa
1816 2039 120 46 vero
1876 2039 90 46 sunt

1127 2082 107 47 uae
1188 2082 107 47 per
1249 2082 183 47 hominem,
1386 2082 92 47 vt
1432 2082 122 47 homo
1509 2082 122 47 est,
1585 2082 107 47 nec
1646 2082 168 47 possunt
1768 2082 199 47 impediri,
1906 2082 76 47 nec

1123 2117 225 41 promoueri;
1299 2117 160 41 diuina
1412 2117 144 41 tamen
1508 2117 241 41 prouidentia
1700 2117 96 41 ad
1748 2117 160 41 omnium
1861 2117 96 41 se
1893 2117 64 41 ex

1118 2148 148 47 tendit,
1225 2148 94 47 cum
1279 2148 121 47 nihil
1359 2148 94 47 sit
1413 2148 94 47 tam
1467 2148 188 47 difficile,
1615 2148 107 47 quin
1682 2148 134 47 diuino
1776 2148 161 47 consilio
1883 2148 81 47 pos-

1106 2189 108 48 sit
1167 2189 216 48 promoueri;
1337 2189 77 48 &
1367 2189 139 48 nihil
1460 2189 108 48 tam
1521 2189 231 48 contingens,
1706 2189 108 48 vel
1768 2189 139 48 etiam
1845 2189 123 48 neces-

1118 2227 164 50 sarium,
1237 2227 119 50 quin
1311 2227 134 50 eodem
1401 2227 178 50 consilio
1534 2227 149 50 possit
1624 2227 164 50 impediri.

1139 2279 78 39 2
1171 2279 219 39 Praeterea,
1342 2279 125 39 mala
1420 2279 172 39 subsunt
1545 2279 172 39 diuinae
1670 2279 265 39 prouidentiae,
1873 2279 94 39 ergo

1096 2306 146 51 omnia
1193 2306 146 51 alia.
1290 2306 259 51 Consequentia
1501 2306 162 51 patet,
1614 2306 130 51 quia
1695 2306 113 51 cum
1760 2306 162 51 nullum
1857 2306 113 51 agens

1110 2345 195 56 aspiciens
1260 2345 90 56 ad
1305 2345 135 56 malum
1396 2345 120 56 agat
1471 2345 120 56 quod
1546 2345 135 56 agit,
1636 2345 90 56 vt
1681 2345 165 56 dicitur
1802 2345 90 56 4.
1847 2345 90 56 de
1877 2345 90 56 diui

1114 2390 158 42 nomin,
1225 2390 95 42 si
1273 2390 174 42 aliquid
1399 2390 174 42 deberet
1526 2390 254 42 subterfugere
1732 2390 174 42 diuinam
1843 2390 127 42 proui-

1114 2425 185 45 dentiam
1249 2425 84 45 &
1282 2425 286 45 ordinationem,
1517 2425 118 45 hoc
1585 2425 168 45 maxime
1702 2425 151 45 esset
1803 2425 151 45 ipsum
1887 2425 84 45 ma-

1124 2462 107 46 um:
1185 2462 214 46 Antecedens
1353 2462 138 46 patet
1445 2462 107 46 per
1506 2462 183 46 Docthium
1644 2462 76 46 4
1674 2462 92 46 de
1720 2462 153 46 conso.
1827 2462 107 46 vbi
1888 2462 122 46 ait,

1112 2499 145 51 Modus
1209 2499 177 51 diuinus
1338 2499 129 51 est,
1418 2499 129 51 quod
1499 2499 97 51 ad
1548 2499 145 51 bonum
1644 2499 194 51 dirigens
1790 2499 161 51 cuncta
1886 2499 81 51 di-

1123 2541 153 57 sponat:
1234 2541 97 57 nam
1290 2541 83 57 si
1331 2541 69 57 a
1359 2541 166 57 reprobis
1484 2541 125 57 nihil
1567 2541 125 57 causa
1650 2541 111 57 mali
1719 2541 166 57 geritur,
1844 2541 125 57 licet
1914 2541 55 57 in

1123 2576 158 61 agendo
1234 2576 174 61 errent,
1360 2576 142 61 multo
1455 2576 142 61 minus
1550 2576 126 61 ordo
1629 2576 126 61 ille
1708 2576 95 61 de
1755 2576 174 61 cardine
1865 2576 111 61 summi

1116 2624 115 48 boni
1188 2624 202 48 proficiens
1346 2624 72 48 a
1375 2624 101 48 suo
1433 2624 187 48 deffectit
1577 2624 173 48 exordio;
1707 2624 86 48 Et
1750 2624 159 48 August.
1865 2624 86 48 in
1894 2624 72 48 en-

1118 2655 215 49 chyridion
1284 2655 132 49 ait,
1366 2655 132 49 quod
1449 2655 149 49 malum
1548 2655 132 49 bene
1631 2655 215 49 ordinatum
1796 2655 83 49 &
1829 2655 116 49 suo
1879 2655 99 49 loco

1126 2692 175 56 positum
1253 2692 207 56 commendat
1413 2692 143 56 bona,
1508 2692 96 56 vt
1556 2692 143 56 magis
1652 2692 207 56 placeant,
1811 2692 96 56 Et
1843 2692 127 56 subdit

1123 2732 127 64 quod
1203 2732 127 64 Deus
1282 2732 223 64 omnipotens
1457 2732 111 64 non
1521 2732 175 64 sineret
1648 2732 127 64 mali
1728 2732 175 64 aliquid
1855 2732 127 64 esse
1918 2732 64 64 in

1115 2775 135 55 opere
1205 2775 120 55 suo,
1279 2775 120 55 nisi
1354 2775 75 55 a
1384 2775 105 55 Deo
1444 2775 135 55 esset
1534 2775 224 55 omnipotens,
1713 2775 75 55 &
1743 2775 149 55 bonus,
1847 2775 90 55 vt
1877 2775 90 55 beni

1121 2820 168 52 faceret
1243 2820 76 52 &
1274 2820 92 52 de
1304 2820 107 52 malo,

1157 2837 106 66 Ad
1210 2837 248 66 argumentum
1406 2837 248 66 principale
1601 2837 231 66 dicendum,
1778 2837 142 66 quod
1867 2837 142 66 quam

1129 2903 101 41 uis
1186 2903 173 41 scientia
1316 2903 101 41 Dei
1373 2903 101 41 sit
1431 2903 230 41 immutabilis,
1618 2903 130 41 tamen
1704 2903 115 41 quia
1776 2903 101 41 est
1834 2903 130 41 causa
1906 2903 72 41 re-

1116 2931 117 56 rum
1183 2931 200 56 mediante
1333 2931 217 56 voluntate
1500 2931 184 56 diuina,
1634 2931 133 56 quae
1717 2931 200 56 respectu
1851 2931 133 56 omnium

1130 2978 213 40 creabilium
1297 2978 198 40 totaliter
1450 2978 107 40 est
1511 2978 152 40 libera
1617 2978 137 40 etiam
1709 2978 198 40 libertate
1846 2978 137 40 contra-

1130 3008 186 56 dictionis,
1276 3008 106 56 ideo
1342 3008 172 56 mutabilis
1475 3008 133 56 potest
1568 3008 106 56 esse
1634 3008 159 56 effects,
1753 3008 106 56 quia
1820 3008 119 56 talis
1899 3008 119 56 erit,

1139 3051 148 60 qualis
1243 3051 104 60 eum
1302 3051 119 60 Deus
1377 3051 119 60 vult
1451 3051 134 60 esse,
1540 3051 74 60 &
1570 3051 119 60 tunc
1644 3051 119 60 est,
1718 3051 148 60 quando
1822 3051 104 60 eum
1866 3051 119 60 diuina

1110 3090 241 68 voluntas
1291 3090 161 68 esse
1391 3090 342 68 determinauit.
