2211 3578
382 291 131 77 tiam
464 291 197 77 superius
611 291 197 77 inductam
759 291 164 77 contra
873 291 164 77 primam
972 291 213 77 solutionem.

367 362 98 43 Ad
416 362 164 43 sextum
530 362 147 43 patet
629 362 115 43 per
694 362 115 43 ea,
760 362 131 43 quae
841 362 147 43 dicta
940 362 131 43 sunt
1022 362 98 43 ad
1054 362 164 43 quartum.

381 405 108 39 Ad
435 405 179 39 primum
560 405 233 39 adductum,
740 405 126 39 pro
812 405 179 39 errore
937 405 233 39 Stoicorum
1099 405 143 39 dicen-

372 442 116 43 dum,
445 442 116 43 quod
518 442 131 43 licet
605 442 116 43 illa
678 442 131 43 maior
765 442 102 43 sit
823 442 116 43 vera
896 442 87 43 de
940 442 175 43 scientia
1070 442 160 43 nostra,
1172 442 73 43 cu-

379 477 115 49 ius
444 477 213 49 certitudo
608 477 197 49 dependet
755 477 82 49 a
788 477 197 49 scibili,
936 477 147 49 tamen
1034 477 115 49 non
1100 477 115 49 est
1149 477 98 49 vera

382 515 96 58 de
430 515 193 58 scientia
575 515 129 58 Dei,
655 515 129 58 quae
736 515 113 58 est
800 515 177 58 penitus
928 515 241 58 independens
1121 515 96 58 ab
1154 515 96 58 omni

385 562 104 41 cre
430 562 118 41 atura.

384 600 148 44 Posset
488 600 134 44 etiam
577 600 134 44 dici,
666 600 163 44 posito,
785 600 119 44 quod
859 600 104 44 sit
918 600 119 44 vera
993 600 89 44 de
1037 600 178 44 scibili,
1156 600 74 44 quo

379 633 101 55 est
436 633 173 55 obiectum
566 633 202 55 principale
725 633 144 55 illius
826 633 202 55 scientiae,
985 633 130 55 tamen
1072 633 101 55 non
1129 633 101 55 est
1173 633 72 55 ue-

378 674 88 45 ra
422 674 176 45 respectu
555 674 206 45 cuiuslibet
716 674 162 45 obiecti
834 674 206 45 secundarij
995 674 162 45 cogniti
1113 674 88 45 in
1142 674 103 45 huius

383 715 121 46 modi
458 715 196 46 scientia,
610 715 76 46 &
640 715 121 46 tunc
715 715 106 46 non
776 715 121 46 plus
851 715 166 46 habetur
972 715 91 46 ex
1017 715 166 46 virtute
1123 715 121 46 illius

376 763 194 39 maioris,
522 763 130 39 quam
602 763 130 39 quod
683 763 194 39 scientia
829 763 113 39 Dei
894 763 113 39 non
959 763 113 39 est
1023 763 146 39 magis
1104 763 146 39 immuta-

384 791 150 44 bilis,
489 791 120 44 quam
564 791 150 44 diuina
669 791 195 44 essentia,
819 791 120 44 quae
894 791 105 44 est
954 791 120 44 suum
1029 791 180 44 obiectum
1149 791 105 44 prin-

373 840 176 34 cipale;
501 840 160 34 potest
613 840 144 34 tamen
709 840 128 34 esse
789 840 256 34 immutabilior
998 840 128 34 omni
1062 840 176 34 creatura,

377 870 104 52 cum
436 870 133 52 nulla
525 870 178 52 creatura
659 870 104 52 sit
718 870 178 52 obiectum
851 870 192 52 primarium
999 870 163 52 illius,
1118 870 104 52 sed
1162 870 74 52 ta-

366 913 144 43 tum
449 913 165 43 modo
531 913 288 43 secundarium.

389 945 110 47 Ad
444 945 219 47 secundum
608 945 146 47 nego
700 945 219 47 minorem.
864 945 110 47 Ad
919 945 274 47 probationem
1120 945 128 47 dicen

372 987 112 51 dum,
442 987 112 51 quod
512 987 154 51 diuinae
623 987 182 51 scientiae
763 987 126 51 nihil
847 987 182 51 accrescit
987 987 84 51 ex
1028 987 210 51 productione
1182 987 56 51 re

370 1031 100 51 rum
427 1031 85 51 in
469 1031 128 51 esse;
555 1031 128 51 sicut
640 1031 114 51 enim
711 1031 114 51 nunc
783 1031 114 51 Deus
854 1031 114 51 scit
925 1031 185 51 infinita,
1067 1031 114 51 quae
1124 1031 114 51 produm

380 1066 118 49 cere
454 1066 162 49 posset,
572 1066 89 49 si
616 1066 162 49 vellet,
734 1066 148 49 quorum
838 1066 133 49 tamen
926 1066 148 49 nullum
1015 1066 221 49 produceretur.

372 1103 115 54 sic,
444 1103 86 54 si
487 1103 130 54 nihil
573 1103 144 54 eorum,
674 1103 115 54 quae
746 1103 130 54 sunt,
832 1103 72 54 &
861 1103 173 54 fuerunt,
990 1103 230 54 produxisset,
1163 1103 72 54 nec

376 1147 171 46 vmquam
496 1147 257 46 producturus
702 1147 171 46 esset,
822 1147 154 46 nihil
924 1147 154 46 minus
1010 1147 223 46 cognosceret

366 1187 167 50 omnia,
483 1187 84 50 &
517 1187 184 50 singula
651 1187 84 50 :
684 1187 134 50 quam
768 1187 134 50 nunc
852 1187 234 50 cognoscat,
1036 1187 201 50 postquam
1170 1187 67 50 ea

358 1223 180 55 produxit.

409 1236 96 78 Ad
457 1236 176 78 tertium
585 1236 208 78 dicendum,
745 1236 144 78 quod,
841 1236 96 78 vt
889 1236 144 78 patet
985 1236 96 78 ex
1033 1236 160 78 dictis
1129 1236 96 78 supe

365 1303 133 49 rius,
454 1303 104 49 non
513 1303 118 49 plus
587 1303 104 49 hic
646 1303 237 49 concluditur,
838 1303 118 49 nisi
912 1303 118 49 quod
986 1303 118 49 tale
1060 1303 163 49 futurum
1164 1303 59 49 ni

376 1347 157 49 potest
486 1347 110 49 non
549 1347 251 49 contingenter
752 1347 188 49 euenire,
893 1347 94 49 ex
940 1347 110 49 quo
1003 1347 125 49 Deus
1081 1347 94 49 ab
1112 1347 110 49 aeter

364 1387 96 46 no
412 1387 223 46 praesciuit
588 1387 144 46 ipsum
683 1387 255 46 contingenter
891 1387 128 46 esse
971 1387 192 46 futurum;
1098 1387 144 46 propter

375 1421 133 49 quod
458 1421 116 49 per
525 1421 183 49 diuinam
658 1421 282 49 praescientiam
890 1421 116 49 non
957 1421 199 49 tollitur
1090 1421 149 49 contin-

368 1471 151 42 gentia
473 1471 75 42 a
503 1471 151 42 rebus,
609 1471 135 42 sicut
699 1471 196 42 intendunt
850 1471 151 42 dicere
955 1471 166 42 Stoici,
1075 1471 105 42 sed
1121 1471 105 42 magi

357 1499 231 56 confirmatur,

469 1626 592 70 ARTICVLVS
879 1626 228 70 III

501 1743 158 85 Vtrum
607 1743 246 85 reprobatus
801 1743 176 85 possit
906 1743 176 85 saluari.

354 1888 215 61 SVANTVM
511 1888 117 61 ad
570 1888 215 61 quartum
726 1888 274 61 articulum,
941 1888 176 61 vtrum
1039 1888 176 61 reproba

422 1934 109 47 tus
484 1934 155 47 possit
593 1934 186 47 saluari,
733 1934 124 47 dico
810 1934 202 47 breuiter,
966 1934 124 47 quod
1044 1934 155 47 aliquo
1137 1934 93 47 modo

355 1972 111 48 est
419 1972 206 48 possibile
577 1972 222 48 reprobatum
752 1972 111 48 non
815 1972 190 48 damnari,
958 1972 79 48 &
990 1972 111 48 per
1038 1972 190 48 consequens

369 2011 172 44 saluari:
498 2011 115 44 quia
569 2011 143 44 illud,
670 2011 115 44 quod
741 2011 100 44 non
799 2011 100 44 est
856 2011 215 44 simpliciter
1028 2011 158 44 necesse
1129 2011 100 44 esse,

365 2048 108 51 hoc
426 2048 201 51 possibile
581 2048 108 51 est
643 2048 108 51 non
705 2048 139 51 esse;
797 2048 108 51 sed
859 2048 216 51 reprobatum
1029 2048 170 51 damnari
1153 2048 108 51 non

364 2096 100 45 est
421 2096 214 45 simpliciter
592 2096 157 45 necesse
705 2096 128 45 esse,
791 2096 114 45 ergo
862 2096 100 45 &c.
919 2096 128 45 Maior
1004 2096 142 45 patet,
1104 2096 114 45 quia
1161 2096 57 45 no

363 2128 163 49 necesse
482 2128 134 49 esse,
571 2128 74 49 &
601 2128 193 49 possibile
749 2128 104 49 non
808 2128 119 49 esse
883 2128 237 49 conuertuntur
1076 2128 89 49 in
1105 2128 119 49 secun-

357 2171 94 41 do
404 2171 157 41 ordine
514 2171 204 41 modalium,
671 2171 94 41 vt
718 2171 141 41 patet
812 2171 94 41 2.
859 2171 282 41 perihermenias.
1079 2171 141 41 Minorem

366 2210 146 49 probo,
469 2210 117 49 quia
542 2210 88 49 si
586 2210 161 49 aliquis
703 2210 219 49 necessitate
878 2210 190 49 absoluta,
1024 2210 73 49 &
1039 2210 190 49 ineuitabili

371 2250 232 46 damnaretur,
556 2250 108 46 tuc
618 2250 139 46 eadem
711 2250 232 46 necessitate
896 2250 216 46 mortaliter
1051 2250 170 46 peccaret.

363 2285 105 51 sed
423 2285 211 51 consequens
589 2285 105 51 est
649 2285 150 51 falsum
754 2285 241 51 consequentia
949 2285 150 51 patet:
1055 2285 120 51 quia
1115 2285 105 51 infei

362 2324 122 44 nali
438 2324 137 44 poena
529 2324 167 44 aeterna
651 2324 152 44 nullus
757 2324 198 44 damnatur,
910 2324 122 44 nisi
986 2324 107 44 pro
1047 2324 167 44 peccato
1153 2324 61 44 mo

360 2362 123 50 tali,
442 2362 164 50 falsitas
566 2362 123 50 etiam
648 2362 219 50 consequentis
826 2362 96 50 est
881 2362 123 50 nota:
963 2362 110 50 quia
1031 2362 82 50 si
1059 2362 164 50 necessita-

365 2403 90 50 te
410 2403 226 50 ineuitabili
591 2403 166 50 aliquis
712 2403 211 50 mortaliter
877 2403 196 50 peccaret,
1028 2403 121 50 tunc
1088 2403 136 50 mortale

366 2444 208 49 peccatum
522 2444 121 49 non
591 2444 156 49 esset
695 2444 225 49 peccatum:
868 2444 121 49 nam
937 2444 208 49 secundum
1076 2444 139 49 Deatum

356 2491 174 42 August.
482 2491 95 42 in
530 2491 142 42 libro
624 2491 252 42 enchyridion,
830 2491 189 42 peccatum
972 2491 158 42 tantum
1082 2491 110 42 est
1129 2491 95 42 pec-

356 2520 154 44 catum,
463 2520 169 44 quantum
586 2520 108 44 est
648 2520 246 44 voluntarium,
848 2520 77 44 &
879 2520 92 44 si
925 2520 138 44 nullo
1017 2520 123 44 modo
1094 2520 108 44 est
1140 2520 77 44 vo-

356 2561 213 45 luntarium,
523 2561 137 45 nullo
615 2561 122 45 modo
691 2561 107 45 est
752 2561 198 45 peccatum:
904 2561 107 45 Sed
965 2561 107 45 vbi
1026 2561 107 45 est
1072 2561 152 45 ineuita-

373 2602 112 49 ilis
443 2602 209 49 necessitas,
610 2602 98 49 ibi
666 2602 126 49 nihil
750 2602 154 49 videtur
862 2602 112 49 esse
932 2602 84 49 de
974 2602 209 49 voluntario,
1127 2602 84 49 ergo

358 2639 220 45 reprobatus
531 2639 157 45 aliquo
641 2639 126 45 modo
720 2639 173 45 poterit
830 2639 141 45 saluari

399 2678 97 45 Ad
447 2678 226 45 argumentum
625 2678 226 45 principale
802 2678 210 45 dicendum,
963 2678 129 45 quod
1044 2678 113 45 cum
1092 2678 129 45 prede-

392 2719 197 45 stinatio,
544 2719 106 45 vel
604 2719 106 45 sit
665 2719 137 45 ipsum
756 2719 167 45 diuinum
877 2719 228 45 propositum,
1060 2719 106 45 vel
1105 2719 76 45 ne-

440 2759 196 46 cessario
587 2759 196 46 includat
734 2759 180 46 diuinum
864 2759 245 46 propositum,
1044 2759 98 46 quod

472 2798 239 44 simpliciter
663 2798 111 44 est
727 2798 239 44 immutabile:
918 2798 127 44 ideo
982 2798 127 44 prede-

505 2835 188 45 stinatus
646 2835 94 45 ad
694 2835 141 45 vitam
788 2835 188 45 aeternam
929 2835 94 45 de
960 2835 110 45 pote-

545 2869 113 55 tia
609 2869 113 55 Dei
674 2869 193 55 ordinata
819 2869 177 55 nunquam
947 2869 113 55 dam

575 2910 205 56 nabitur
724 2910 242 56 vltimate;
892 2910 130 56 Appa-

625 2949 94 54 ret
678 2949 135 54 igitur
773 2949 108 54 quod
827 2949 121 54 argumen

669 2991 128 50 tum
742 2991 128 50 non
797 2991 110 50 con-

723 3023 150 56 cludit.

1381 334 575 86 DISTINCTIO
1792 334 205 86 SII

1334 436 148 83 clara
1432 436 148 83 buius
1531 436 280 83 distinctionis
1762 436 214 83 generalis
1910 436 148 83 diusio,

1447 494 98 70 in
1496 494 114 70 qua
1561 494 343 70 praedestinationis
1839 494 114 70 coula

1564 544 260 67 muestigatur.

1578 634 101 47 I
1618 634 182 47 AVTEM
1739 634 263 47 QVAERIMVS
1941 634 141 47 &c.
2002 634 101 47 Hic

1594 669 162 52 Magister
1715 669 162 52 inquirit
1837 669 81 52 de
1877 669 122 52 causa
1945 669 149 52 praedesti

1594 716 181 44 nationis,
1733 716 111 44 puta
1802 716 125 44 vtrum
1886 716 139 44 aliqua
1969 716 125 44 aptitu-

1597 749 84 51 do
1639 749 169 51 causalis
1766 749 84 51 ex
1808 749 127 51 parte
1878 749 225 51 praedestinati,

1585 794 97 49 vel
1641 794 181 49 reprobati
1780 794 153 49 fuerit,
1891 794 111 49 quam
1947 794 153 49 aspiciens

1598 831 106 50 Deus
1664 831 106 50 hunc
1730 831 252 50 praedestinauit,
1942 831 66 50 &
1969 831 119 50 illum
2035 831 66 50 re-

1604 867 174 54 probauit:
1738 867 67 54 &
1765 867 174 54 diuiditur
1899 867 67 54 i
1926 867 107 54 duas
1979 867 121 54 partes;

1273 916 115 42 quia
1345 916 129 42 primo
1431 916 173 42 inquirit
1560 916 86 42 an
1603 916 273 42 praedestinatio,
1834 916 101 42 vel
1891 916 201 42 reprobatio
2035 916 72 42 cau

1269 951 129 41 setur
1354 951 86 41 ex
1397 951 186 41 humanorum
1540 951 186 41 meritorum
1683 951 186 41 bonitate,
1826 951 100 41 vel
1883 951 171 41 malitia,
1997 951 100 41 Secu-

1273 987 84 44 do
1315 987 197 44 incidenter
1470 987 169 44 quaerit,
1597 987 127 44 vtrum
1681 987 141 44 diuina
1779 987 211 44 prescientia
1948 987 155 44 mutetur
2047 987 56 44 ex

1276 1026 206 43 creaturarum
1441 1026 220 43 mutabilitate
1620 1026 110 43 ibi,
1689 1026 179 43 Praeterea
1813 1026 289 43 considerarioportet.

1269 1061 134 55 Prima
1358 1061 89 55 in
1403 1061 134 55 tres:
1492 1061 104 55 nam
1552 1061 134 55 primo
1641 1061 134 55 circa
1730 1061 134 55 illam
1819 1061 253 55 inquisitionem
2013 1061 89 55 suam

1269 1103 228 52 intentionem
1451 1103 197 52 exprimit,
1603 1103 167 52 secundo
1724 1103 76 52 a
1754 1103 106 52 sua
1815 1103 212 52 intentione
1967 1103 137 52 quandam

1273 1147 186 41 opinionem
1416 1147 186 41 excludit,
1559 1147 72 41 &
1588 1147 143 41 tertio
1688 1147 157 41 errorem
1802 1147 172 41 quorudam
1917 1147 186 41 haereticori

1263 1182 203 53 infringit.
1422 1182 160 53 Secunda
1538 1182 116 53 ibi,
1611 1182 160 53 Opinati
1727 1182 116 53 sunt
1799 1182 102 53 &c.
1857 1182 145 53 Tertia
1959 1182 116 53 ibi,
2017 1182 102 53 Multi

1267 1225 114 46 vero
1338 1225 100 46 &c.
1395 1225 156 46 lstarum
1509 1225 156 46 secunda
1622 1225 185 46 diuiditur
1765 1225 85 46 in
1807 1225 114 46 tres
1878 1225 156 46 partes;
1992 1225 100 46 nam
2035 1225 71 46 il-

1267 1259 110 47 lam
1330 1259 204 47 opinionem
1487 1259 220 47 excludendo
1659 1259 141 47 primo
1753 1259 188 47 Magister
1894 1259 157 47 ponit,
1989 1259 125 47 quodex

1267 1304 233 51 prescientia
1454 1304 202 51 meritorum
1610 1304 171 51 electio
1734 1304 109 51 Dei
1797 1304 109 51 non
1859 1304 202 51 prouenit,
1999 1304 109 51 secun

1266 1339 90 56 do
1311 1339 90 56 in
1356 1339 211 56 contrarium
1522 1339 75 56 &
1552 1339 181 56 obijcit,
1687 1339 75 56 &
1718 1339 151 56 tertio
1823 1339 226 56 obiectionem
1989 1339 135 56 soluit.

1270 1378 158 53 Secunda
1385 1378 115 53 ibi,
1457 1378 101 53 His
1514 1378 130 53 tamen
1601 1378 202 53 aduersari.
1759 1378 144 53 Tertia
1860 1378 115 53 ibi,
1932 1378 101 53 Sed
1989 1378 115 53 quid
2047 1378 72 53 in-

1267 1422 181 50 telligere
1406 1422 181 50 voluerit.
1545 1422 167 50 Sequitur
1670 1422 111 50 illa
1740 1422 125 50 pars,
1823 1422 125 50 Multi
1907 1422 125 50 vero:
1990 1422 70 50 &
2004 1422 111 50 diuidi

1266 1462 104 41 tur
1326 1462 89 41 in
1370 1462 119 41 duas
1444 1462 163 41 partes:
1563 1462 104 41 nam
1622 1462 134 41 primo
1711 1462 178 41 Magister
1845 1462 148 41 contra
1934 1462 178 41 haeretican

1260 1501 190 52 opinionem
1406 1501 190 52 ostendit,
1552 1501 117 52 quod
1625 1501 102 52 nec
1683 1501 262 52 praedestinatio
1902 1501 102 52 nec
1946 1501 160 52 reprobati

1264 1536 210 47 causantur
1426 1536 97 47 ex
1474 1536 178 47 meritis
1603 1536 97 47 de
1652 1536 146 47 facto
1749 1536 307 47 praecedentibus:
1992 1536 129 47 Secun-

1255 1582 100 37 do
1305 1582 216 37 ostendit,
1471 1582 133 37 quod
1554 1582 182 37 bonorum
1687 1582 216 37 meritorum
1853 1582 100 37 ad
1886 1582 232 37 praedestina-

1265 1615 181 58 tionem,
1396 1615 82 58 &
1429 1615 181 58 malorum
1561 1615 99 58 ad
1611 1615 280 58 reprobationem
1842 1615 115 58 non
1908 1615 115 58 est
1957 1615 165 58 aequalis

1257 1660 204 53 respectus.
1418 1660 161 53 Secunda
1535 1660 117 53 ibi,
1608 1660 102 53 Sed
1666 1660 204 53 quaeritur.
1827 1660 175 53 Sequitur
1958 1660 117 53 illa
2031 1660 131 53 pars,

1254 1695 195 44 Praeterea
1404 1695 225 44 considerari
1584 1695 180 44 oportet,
1719 1695 75 44 &
1749 1695 195 44 diuiditur
1899 1695 90 44 in
1944 1695 120 44 tres
2004 1695 120 44 partes

1257 1738 124 42 quia
1334 1738 139 42 primo
1427 1738 139 42 mouet
1520 1738 232 42 quaestionem
1706 1738 93 42 de
1752 1738 201 42 scientia,
1907 1738 77 42 &
1922 1738 217 42 praescientia

1259 1774 258 55 indistincte;
1469 1774 177 55 Secundo
1598 1774 210 55 respondet
1759 1774 177 55 quantum
1888 1774 97 55 ad
1936 1774 161 55 illud,
2033 1774 97 55 quod

1258 1817 158 53 petitur
1372 1817 86 53 ex
1416 1817 129 53 parte
1502 1817 244 53 prescientiae.
1703 1817 144 53 Tertio
1803 1817 158 53 quantum
1918 1817 86 53 ad
1961 1817 144 53 illud,
2047 1817 86 53 quod

1261 1857 182 54 quaeritur
1401 1857 84 54 ex
1443 1857 126 54 parte
1527 1857 196 54 scientiae.
1681 1857 154 54 Secunda
1792 1857 112 54 ibi,
1862 1857 84 54 De
1904 1857 224 54 praescientia
2072 1857 70 54 pri

1246 1897 116 53 mum
1313 1897 265 53 respondemus.
1528 1897 165 53 Tertia
1644 1897 132 53 ibi,
1726 1897 99 53 De
1776 1897 199 53 scientia
1925 1897 149 53 autem
2024 1897 149 53 dici

1255 1933 115 56 mus
1320 1933 115 56 &c.
1386 1933 148 56 Circa
1485 1933 132 56 hanc
1567 1933 280 56 distinctionem
1781 1933 148 56 quaero.

1568 2047 181 59 Quaestio

1362 2135 123 85 An
1424 2135 288 85 reprobatio
1650 2135 247 85 precibus
1815 2135 226 85 sanctorum

1539 2189 214 72 impediri
1682 2189 160 72 possit;

1463 2662 128 72 ITR
1536 2662 110 72 VM
1591 2662 257 72 reprobatio
1793 2662 183 72 possit
1921 2662 220 72 impediri
2068 2662 110 72 pre-

1490 2724 161 54 cibus
1598 2724 251 54 sanctorum.
1795 2724 108 54 Et
1848 2724 197 54 videtur
1992 2724 143 54 quod
2063 2724 108 54 sic.

1497 2756 145 56 Quia
1587 2756 181 56 illud,
1714 2756 145 56 quod
1804 2756 127 56 est
1877 2756 253 56 promotiuum
2057 2756 127 56 vnius

1497 2807 283 50 oppositorum,
1727 2807 124 50 hoc
1798 2807 124 50 est
1869 2807 265 50 impeditiuum
2063 2807 106 50 alte

1488 2842 149 51 rius,
1588 2842 165 51 maxime
1703 2842 99 51 si
1753 2842 149 51 talia
1852 2842 132 51 sint
1934 2842 198 51 opposita
2066 2842 116 51 imme-

1481 2885 176 38 diata:
1604 2885 123 38 sed
1675 2885 334 38 praedestinatio,
1956 2885 88 38 &
1973 2885 211 38 reprobatio

1491 2914 137 63 sunt
1577 2914 206 63 opposita
1731 2914 241 63 immediata:
1920 2914 137 63 quia
2006 2914 137 63 sine
2075 2914 103 63 omni

1242 2960 152 55 medio
1343 2960 152 55 omnes
1445 2960 186 55 homines
1580 2960 118 55 vel
1647 2960 135 55 sunt
1731 2960 304 55 praedestinati,
1985 2960 118 55 vel
2035 2960 152 55 reprob-

1242 2997 117 58 ti,
1309 2997 84 58 &
1343 2997 302 58 praedestinatio
1594 2997 184 58 iuuatur
1728 2997 201 58 precibus
1879 2997 235 58 sanctorum,
2063 2997 101 58 vt
2097 2997 117 58 dicit

1253 3030 176 69 Peatus
1377 3030 141 69 Aug.
1465 3030 141 69 ergo
1553 3030 247 69 reprobatio
1747 3030 211 69 impediri
1905 3030 194 69 poterit
2029 3030 176 69 precibus

1235 3068 202 62 sanctorum.

1277 3110 167 54 Contra
1394 3110 100 54 in
1444 3110 183 54 inferno
1577 3110 150 54 nulla
1677 3110 117 54 est
1744 3110 233 54 redemptio,
1928 3110 100 54 ut
1978 3110 200 54 legitur,
2128 3110 117 54 sed

1238 3150 248 63 reprobatus
1433 3150 124 63 est
1504 3150 106 63 in
1557 3150 212 63 infernum
1716 3150 248 63 ordinatus,
1910 3150 141 63 ergo
1999 3150 88 63 &
2034 3150 141 63 cer.
2105 3150 106 63 Quia
