2434 3574
311 267 597 78 ARTICVLVS
724 267 230 78 II.

389 364 149 87 Vtrum
489 364 100 87 in
539 364 116 87 Deo
605 364 133 87 sint
688 364 166 87 plures
788 364 199 87 potentiae.

302 466 190 72 VANTVM
435 466 114 72 ad
492 466 210 72 secudum
645 466 267 72 articulum,
854 466 171 72 vtrum
969 466 114 72 in
1007 466 95 72 Dei

292 519 101 48 ma
343 519 134 48 sint
427 519 168 48 plures
544 519 235 48 potentiae,
729 519 218 48 dicendum,
897 519 134 48 quod
981 519 118 48 vna
1031 519 84 48 est

241 558 184 50 potentia
379 558 107 50 Dei
425 558 169 50 realiter:

287 599 81 44 1
319 599 129 44 Quia
400 599 210 44 potentiae
562 599 178 44 sparsae
691 599 97 44 in
740 599 210 44 agentibus
885 599 227 44 inferioribus

246 640 113 45 sunt
317 640 142 45 vnitae
416 640 85 45 in
458 640 184 45 agentibus
600 640 241 45 superioribus,
798 640 99 45 sed
854 640 113 45 Deus
925 640 99 45 est
968 640 142 45 superior

242 680 172 54 omnium,
367 680 125 54 ergo
445 680 140 54 nulla
539 680 172 54 poterit
663 680 125 54 esse
741 680 94 54 in
788 680 109 54 Deo
851 680 156 54 realis
944 680 156 54 potentia

237 716 248 53 multitudo,
432 716 142 53 ergo
503 716 71 53 &c

282 760 77 42 2
312 760 216 42 Praeterea,
482 760 139 42 omne,
575 760 123 42 quod
652 760 123 42 agit
729 760 108 42 per
791 760 154 42 multas
899 760 201 42 virtutes,
1037 760 62 42 es

239 796 215 50 reducibile
408 796 92 50 in
454 796 138 50 agens
546 796 108 50 per
608 796 138 50 vnam,
700 796 108 50 sed
761 796 123 50 Deus
838 796 108 50 cum
900 796 108 50 sit
961 796 138 50 agens
1038 796 77 50 pri

239 842 108 41 mum
300 842 108 41 non
362 842 108 41 est
424 842 232 41 reducibilis
610 842 93 41 in
657 842 139 41 aliud
750 842 155 41 agens.
858 842 139 41 Maior
951 842 139 41 patet
1029 842 77 41 por

247 872 141 44 DVon.
341 872 109 44 15.
404 872 94 44 de
450 872 125 44 diu,
528 872 94 44 no
575 872 109 44 vbi
638 872 187 44 dicitur,
778 872 125 44 quod
856 872 141 44 omnis
934 872 172 44 multitudo

245 914 208 50 participat
409 914 223 50 aliqualiter
587 914 119 50 vno;
661 914 89 50 Et
706 914 134 50 eadem
795 914 193 50 sententia
944 914 163 50 ponitur
1048 914 59 50 in

239 950 147 63 prima
337 950 245 63 propositone
516 950 147 63 Procli-

289 985 74 54 3
319 985 207 54 Praeterea,
482 985 104 54 vbi
541 985 178 54 potentia
674 985 163 54 agentis
792 985 104 54 est
851 985 133 54 idem,
940 985 118 54 quod
999 985 104 54 essen

234 1010 99 68 tia
290 1010 169 68 agentis,
417 1010 85 68 si
460 1010 169 68 essentia
587 1010 99 68 est
643 1010 113 68 vna,
714 1010 71 68 &
742 1010 169 68 potentia
869 1010 99 68 est
926 1010 113 68 vna,
996 1010 99 68 sed
1038 1010 71 68 po-

237 1067 148 52 tentia
341 1067 103 52 Dei
400 1067 103 52 est
459 1067 133 52 idem,
547 1067 118 52 quod
621 1067 177 52 essentia
754 1067 118 52 Dei;
828 1067 74 52 &
857 1067 177 52 essentia
990 1067 103 52 sua
1034 1067 74 52 est

243 1113 109 39 vna
306 1113 171 39 tantum,
430 1113 156 39 igitur
539 1113 78 39 &
571 1113 187 39 potentia
711 1113 109 39 sua
773 1113 109 39 vna
820 1113 140 39 tantum.

276 1148 77 51 4
306 1148 214 51 Praeterea,
475 1148 92 51 in
521 1148 107 51 Deo
582 1148 107 51 est
643 1148 107 51 vna
705 1148 214 51 magnitudo,
873 1148 123 51 ergo
950 1148 107 51 vna
996 1148 107 51 poten

232 1186 128 48 tia;
312 1186 255 48 consequentia
519 1186 160 48 patet,
631 1186 128 48 quia
711 1186 128 48 Deus
791 1186 112 48 non
855 1186 112 48 est
918 1186 160 48 magnus
1014 1186 96 48 mole

233 1227 107 44 sed
294 1227 183 44 virtute,
431 1227 76 44 &
462 1227 198 44 magnitudo
614 1227 122 44 eius
691 1227 122 44 idem
767 1227 122 44 est,
843 1227 122 44 quod
920 1227 153 44 virtus
1011 1227 92 44 eius

238 1265 118 51 siue
312 1265 177 51 potentia
445 1265 133 51 eius.
534 1265 207 51 Antecedens
697 1265 133 51 ponit
785 1265 118 51 Aug.
859 1265 89 51 5.
904 1265 89 51 de
933 1265 89 51 tri-

276 1302 105 55 Sed
336 1302 135 55 Forte
426 1302 135 55 dicet
515 1302 179 55 aliquis,
650 1302 120 55 quod
724 1302 120 55 Deus
799 1302 120 55 vere
874 1302 209 55 intelligit
1023 1302 90 55 ali-

233 1345 120 47 qua,
308 1345 120 47 quae
383 1345 135 47 tamen
474 1345 105 47 non
534 1345 135 47 vult,
624 1345 120 47 ergo
700 1345 135 47 aliud
790 1345 105 47 est
850 1345 226 47 intelligere
1016 1345 90 47 Dei,

243 1388 75 42 &
273 1388 135 42 aliud
363 1388 135 42 velle
453 1388 120 42 Dei,
529 1388 75 42 &
559 1388 105 42 per
619 1388 211 42 consequens
784 1388 120 42 alia
859 1388 105 42 est
920 1388 180 42 potentia
1040 1388 60 42 in

245 1421 224 45 tellectiua,
424 1421 75 45 &
454 1421 119 45 alia
529 1421 194 45 volitiua.
678 1421 209 45 Antecedens
842 1421 149 45 patet:
947 1421 119 45 quia
1006 1421 90 45 Deus

236 1463 220 45 intelligit
409 1463 126 45 omne
488 1463 205 45 flagitium
646 1463 236 45 peccatorum,
834 1463 110 45 cum
897 1463 142 45 iudex
976 1463 126 45 debeat

240 1502 120 45 esse
315 1502 180 45 conscius
450 1502 90 45 de
495 1502 180 45 crimine,
630 1502 120 45 quod
704 1502 135 45 punit
794 1502 75 45 &
824 1502 180 45 iudicat:
959 1502 105 45 sed
1004 1502 90 45 con-

232 1540 193 52 sequentia
381 1540 149 52 patet:
485 1540 119 52 quia
559 1540 89 52 de
604 1540 119 52 his,
678 1540 119 52 quae
752 1540 119 52 sunt
827 1540 178 52 realiter
960 1540 134 52 idem,
1035 1540 74 52 non

236 1581 169 52 possunt
358 1581 169 52 extrema
481 1581 292 52 contradictionis
727 1581 138 52 simul
804 1581 184 52 verificari

281 1621 88 51 Ad
325 1621 133 51 illud
414 1621 133 51 patet
502 1621 162 51 solutio
620 1621 103 51 per
679 1621 133 51 dicta
767 1621 191 51 superius,
915 1621 103 51 vbi
959 1621 147 51 tractaui

232 1661 86 54 de
260 1661 187 54 attributis.

275 1694 113 48 Est
340 1694 146 48 tamen
437 1694 259 48 aduertendum,
647 1694 129 48 quod
728 1694 194 48 quilibet
873 1694 227 48 catholicus
1035 1694 65 48 ha

234 1742 114 42 bet
299 1742 227 42 concedere,
477 1742 130 42 quod
558 1742 179 42 extrema
688 1742 308 42 contradictionis
948 1742 97 42 ad
980 1742 114 42 minus

230 1777 90 47 in
275 1777 165 47 diuinis
395 1777 240 47 verificentur
590 1777 90 47 de
635 1777 105 47 ead
694 1777 90 47 em
739 1777 90 47 re
784 1777 180 47 poenitus
904 1777 195 47 indistincta

233 1812 99 51 ex
282 1812 164 51 natura
397 1812 131 51 rei,
479 1812 115 51 sed
545 1812 230 51 tantummodo
725 1812 181 51 variata
857 1812 197 51 secundum
988 1812 115 51 modum

232 1852 270 51 significandi,
454 1852 111 51 seu
518 1852 143 51 etiam
613 1852 190 51 secundum
756 1852 143 51 modum
851 1852 95 51 se
899 1852 190 51 habendi;
1026 1852 79 51 nam

238 1896 124 56 Deus
316 1896 78 56 &
347 1896 156 56 deitas
456 1896 202 56 differunt
612 1896 140 56 solum
705 1896 93 56 in
752 1896 124 56 modo
830 1896 280 56 significandi,:
1047 1896 47 56 &

237 1933 129 47 tamen
323 1933 115 47 ista
394 1933 100 47 est
452 1933 129 47 vera,
538 1933 115 47 Deus
609 1933 172 47 generat,
739 1933 86 47 vt
782 1933 143 47 patuit
882 1933 186 47 superius,
1025 1933 72 47 &
1040 1933 57 47 il

245 1980 90 39 la
290 1980 105 39 est
350 1980 151 39 falsa,
456 1980 151 39 deitas
561 1980 181 39 generat,
697 1980 90 39 vt
742 1980 135 39 patet
832 1980 90 39 ex
862 1980 241 39 determinatione

244 2021 213 41 tniuersalis
414 2021 185 41 concilii,
557 2021 128 41 extra
642 2021 85 41 de
684 2021 128 41 summa
770 2021 142 41 trini.
869 2021 71 41 &
883 2021 100 41 fica-

279 2043 120 61 Item
354 2043 180 61 essentia
489 2043 180 61 existens
624 2043 90 61 in
669 2043 150 61 patre,
773 2043 75 61 &
803 2043 135 61 eadem
893 2043 150 61 diuina
983 2043 105 61 essen

230 2098 105 48 tia
290 2098 179 48 existens
424 2098 90 48 in
469 2098 134 48 filio
559 2098 134 48 nullo
648 2098 119 48 modo
723 2098 194 48 realiter,
872 2098 105 48 nec
917 2098 179 48 formaliter

233 2140 88 43 ex
277 2140 146 43 natura
380 2140 102 43 rei
438 2140 161 43 differt
555 2140 73 43 a
585 2140 161 43 seipsa,
702 2140 73 43 &
731 2140 132 43 tamen
819 2140 132 43 eadem
907 2140 190 43 essentia,
1038 2140 59 43 vt

231 2169 99 53 est
287 2169 85 53 in
330 2169 127 53 patre
415 2169 99 53 non
472 2169 99 53 est
528 2169 227 53 communicata,
712 2169 71 53 &
741 2169 85 53 vt
783 2169 99 53 est
840 2169 85 53 in
882 2169 142 53 filio,
982 2169 99 53 est
1024 2169 85 53 con

205 2215 203 57 municata.

276 2243 83 51 E
310 2243 167 51 quibus
427 2243 150 51 etiam
527 2243 200 51 apparet,
677 2243 134 51 quod
760 2243 150 51 omnia
860 2243 217 51 argumenta
1011 2243 83 51 fur

234 2285 123 57 data
311 2285 139 57 super
403 2285 200 57 huiusmodi
557 2285 324 57 contradictionibus
835 2285 93 57 in
881 2285 170 57 diuinis
989 2285 108 57 modis

229 2333 116 44 cum
296 2333 248 44 concludunt,
494 2333 132 44 quia
577 2333 116 44 non
643 2333 149 44 magis
743 2333 265 44 contradicunt
958 2333 132 44 essc
1024 2333 83 44 com

236 2369 227 51 municabile,
417 2369 76 51 &
447 2369 106 51 non
508 2369 121 51 esse
583 2369 272 51 communicabile,
810 2369 76 51 &
840 2369 106 51 sic
901 2369 91 51 de
946 2369 136 51 aliis
1021 2369 76 51 con

230 2417 239 44 similibus,
418 2417 136 44 quam
503 2417 136 44 essc
588 2417 273 44 communicatum
810 2417 85 44 &
844 2417 119 44 non
912 2417 136 44 esse
981 2417 119 44 commu

236 2443 188 56 nicatum,
378 2443 126 56 quae
456 2443 141 56 tamen
550 2443 251 56 verificantur
755 2443 94 56 de
802 2443 141 56 eadem
896 2443 157 56 diuina
990 2443 110 56 essen

227 2483 110 60 tia
290 2483 173 60 propter
416 2483 157 60 alium,
526 2483 79 60 &
557 2483 141 60 alium
651 2483 141 60 modum
746 2483 94 60 se
793 2483 188 60 habendi:
934 2483 110 60 qui
997 2483 126 60 tami

233 2518 155 62 nullam
342 2518 233 62 varietatem,
529 2518 109 62 nec
591 2518 264 62 distinctionem
809 2518 140 62 ponit
902 2518 93 62 in
933 2518 171 62 essentia:

240 2569 124 51 quia
317 2569 93 51 si
363 2569 124 51 ille
440 2569 139 51 modus
533 2569 93 51 se
580 2569 170 51 habendi
703 2569 170 51 aliquam
827 2569 263 51 distinctionem
1028 2569 77 51 in-

241 2602 178 52 trinsece
375 2602 163 52 poneret
493 2602 89 52 in
538 2602 193 52 essentia,
686 2602 119 52 tunc
761 2602 134 52 pater
850 2602 74 52 &
879 2602 148 52 filius
983 2602 104 52 non
1028 2602 74 52 es-

231 2653 124 45 sent
308 2653 155 45 omnino
416 2653 124 45 idem
493 2653 93 45 in
540 2653 201 45 essentia,
694 2653 108 45 nec
756 2653 108 45 per
818 2653 216 45 consequens
972 2653 124 45 esseni

234 2688 159 44 omnino
345 2688 127 44 idem
425 2688 127 44 Deus
504 2688 223 44 formaliter
679 2688 80 44 &
711 2688 239 44 intrinsece,
902 2688 127 44 quod
982 2688 111 44 est
1029 2688 64 44 co

235 2727 111 45 tra
299 2727 143 45 fidem
394 2727 238 45 catholicam,
585 2727 79 45 &
616 2727 191 45 expresse
759 2727 159 45 contra
871 2727 222 45 decretalem
1030 2727 79 45 iam

232 2762 184 69 proxime
366 2762 217 69 allegatam

351 2845 632 67 ARTICVLVS.
802 2845 181 67 I.

361 2921 150 90 Vtrum
461 2921 100 90 in
511 2921 117 90 Deo
578 2921 117 90 sit
645 2921 200 90 potentia
795 2921 117 90 seu
845 2921 133 90 virtus

579 2981 164 69 infinita.

305 3055 189 75 VANTVM
438 3055 114 75 ad
494 3055 208 75 tertium
646 3055 265 75 articulum,
854 3055 170 75 vtrum
968 3055 114 75 in
1005 3055 95 75 Deo

326 3112 93 65 it
373 3112 202 65 potentia,
529 3112 124 65 siue
606 3112 156 65 virtus
715 3112 202 65 infinita,
871 3112 202 65 dicendum,
1011 3112 93 65 quod

1147 277 117 67 Deum
1221 277 117 67 esse
1294 277 191 67 infinitae
1440 277 191 67 potentiae
1587 277 147 67 nullus
1690 277 161 67 fidelis
1807 277 132 67 debet
1880 277 132 67 dubita-

1143 334 105 47 re,
1203 334 105 47 sed
1263 334 105 47 nec
1323 334 120 47 apud
1397 334 165 47 aliquem
1517 334 224 47 cuiuscumque
1697 334 165 47 sectae,
1816 334 105 47 vel
1861 334 135 47 nationi

1146 373 179 50 Vertitur
1280 373 89 50 in
1325 373 164 50 dubium,
1444 373 119 50 Deum
1518 373 119 50 esse
1593 373 194 50 infinitae
1742 373 194 50 potentiae
1891 373 89 50 in
1921 373 89 50 dura

1145 408 149 51 tione,
1250 408 105 51 cum
1309 408 135 51 talis
1399 408 179 51 potentia
1534 408 135 51 etiam
1623 408 90 51 de
1668 408 149 51 multis
1773 408 135 51 aliis
1862 408 135 51 rebus
1937 408 60 51 no

1137 452 200 48 negetur.
1288 452 150 48 Vtrum
1388 452 150 48 autem
1488 452 217 48 euidenter
1655 452 84 48 &
1689 452 267 48 philosophice
1889 452 117 48 proba

1151 483 83 56 ri
1193 483 138 56 possit
1289 483 111 56 Deum
1358 483 111 56 esse
1428 483 180 56 infinitae
1566 483 180 56 virtutis,
1704 483 97 56 seu
1759 483 180 56 potentiae
1897 483 83 56 in
1925 483 83 56 vigo

1138 536 120 41 re,
1207 536 155 41 multi
1310 536 206 41 Doctorum
1464 536 241 41 antiquorum
1653 536 86 41 &
1688 536 241 41 modernorum
1877 536 103 41 in
1911 536 86 41 du-

1145 562 132 45 bium
1227 562 230 45 posuerunt:
1408 562 214 45 Determino
1572 562 148 45 tamen
1671 562 99 45 me
1720 562 99 45 ad
1770 562 165 45 partem
1868 562 132 45 affir-

1144 612 183 53 matiuam,
1281 612 213 53 videlicet,
1448 612 122 53 quod
1525 612 152 53 possit
1631 612 198 53 euidenter
1784 612 76 53 &
1799 612 198 53 philosophi-

1135 640 97 51 ce
1167 640 145 51 probari

1166 681 79 46 1
1198 681 126 46 Quia
1277 681 126 46 omne
1355 681 173 46 finitum
1482 681 252 46 praesupponit
1687 681 173 46 aliquid
1813 681 142 46 prius
1907 681 110 46 se,
1955 681 47 46 a

1145 724 103 45 quo
1204 724 177 45 dependet
1337 724 88 45 in
1381 724 162 45 ratione
1499 724 206 45 mensurati,
1661 724 103 45 vel
1720 724 250 45 mensurabilis,
1911 724 74 45 sei

1140 764 163 43 virtus,
1259 764 119 43 siue
1333 764 178 43 potentia
1466 764 163 43 vigoris
1585 764 148 43 diuini
1689 764 104 43 non
1748 764 222 43 presupponit
1911 764 89 43 ali-

1154 803 111 47 uid
1218 803 143 47 prius
1313 803 111 47 se,
1376 803 79 47 a
1408 803 111 47 quo
1471 803 222 47 dependeat,
1645 803 111 47 cum
1709 803 111 47 sit
1772 803 158 47 omnino
1867 803 127 47 prima-

1140 839 135 40 Maior
1230 839 150 40 patet:
1335 839 120 40 quia
1409 839 120 40 omne
1484 839 165 40 finitum
1604 839 105 40 est
1664 839 150 40 certis
1769 839 195 40 limitibus
1903 839 90 40 ter-

1143 878 189 47 minatum,
1285 878 79 47 &
1316 878 110 47 per
1379 878 220 47 consequens
1552 878 94 47 ab
1599 878 157 47 aliquo
1709 878 236 47 mensuratum:
1898 878 126 47 esse

1132 920 151 44 autem
1233 920 218 44 immensum,
1401 920 84 44 &
1434 920 151 44 tamen
1535 920 134 44 esse
1619 920 235 44 terminatum
1804 920 84 44 &
1820 920 185 44 limitatum

1135 955 210 54 uidentur
1274 955 210 54 repugnare.

1177 997 76 47 2
1207 997 212 47 Praeterea,
1374 997 121 47 Deus
1449 997 106 47 non
1510 997 106 47 est
1570 997 166 47 minoris
1691 997 166 47 vigoris
1812 997 76 47 &
1828 997 166 47 virtuosi-

1135 1038 133 44 tatis,
1228 1038 107 44 quam
1294 1038 266 44 diligibilitatis,
1521 1038 93 44 sed
1574 1038 107 44 ipse
1641 1038 93 44 est
1694 1038 173 44 infinitae
1814 1038 186 44 diligibilita

1131 1077 108 44 tis,
1199 1077 95 44 cum
1253 1077 108 44 ipse
1321 1077 95 44 sit
1375 1077 149 44 vltimus
1483 1077 135 44 finis,
1578 1077 81 44 de
1618 1077 95 44 quo
1672 1077 149 44 dicitur
1781 1077 81 44 2.
1808 1077 189 44 politicorum,

1138 1113 109 53 quod
1207 1113 123 53 finis
1288 1113 96 53 est
1343 1113 82 53 in
1384 1113 177 53 infinitum
1520 1113 218 53 diligibilis,
1698 1113 109 53 ergo
1766 1113 109 53 ipse
1834 1113 96 53 est
1875 1113 123 53 infini-

1141 1150 99 54 tae
1198 1150 185 54 potentiae
1340 1150 71 54 &
1354 1150 227 54 vigorositatis.

1179 1197 73 50 3
1209 1197 204 50 Praeterea,
1369 1197 219 50 philosophus
1544 1197 88 50 8.
1588 1197 204 50 physicorum
1749 1197 117 50 ait,
1822 1197 117 50 quod
1895 1197 88 50 si
1924 1197 73 50 vir

1139 1235 106 41 tus
1199 1235 136 41 primi
1290 1235 167 41 motoris
1412 1235 136 41 esset
1503 1235 152 41 virtus
1609 1235 91 41 in
1654 1235 182 41 corpore,
1791 1235 121 41 tunc
1852 1235 136 41 moueres

1135 1270 136 48 ipsum
1225 1270 90 48 in
1271 1270 196 48 instanti:
1421 1270 75 48 &
1451 1270 181 48 procedit
1587 1270 121 48 illa
1662 1270 241 48 consequentia
1858 1270 90 48 ex
1904 1270 121 48 his,

1136 1313 131 45 quae
1217 1313 180 45 dixerat
1348 1313 98 45 in
1397 1313 163 45 sexto,
1511 1313 131 45 puta
1593 1313 131 45 quod
1675 1313 196 45 secundum
1805 1313 180 45 augmentum

1133 1352 200 36 virtutis
1283 1352 100 36 in
1333 1352 167 36 motore
1450 1352 233 36 diminuitur
1634 1352 183 36 tempus,
1767 1352 117 36 quo
1834 1352 150 36 motus
1917 1352 100 36 men-

1129 1388 174 47 suratur,
1260 1388 116 47 ergo
1333 1388 102 47 cum
1391 1388 160 47 instans
1507 1388 87 47 in
1550 1388 189 47 infinitum
1696 1388 102 47 sit
1754 1388 160 47 breuius
1855 1388 131 47 quocum-

1139 1429 108 46 que
1200 1429 185 46 tempore,
1339 1429 185 46 oportet,
1477 1429 123 46 quod
1554 1429 154 46 virtus
1662 1429 139 46 primi
1754 1429 169 46 motoris
1877 1429 108 46 sit
1923 1429 62 46 in

1131 1468 199 49 infinitum
1284 1468 214 49 efficacior
1452 1468 168 49 virtute
1575 1468 230 49 cuiuscumque
1758 1468 184 49 alterius
1881 1468 107 49 moto-

1130 1508 115 47 ris
1195 1508 197 47 mouentis
1343 1508 132 47 idem
1426 1508 165 47 mobile
1541 1508 99 47 in
1574 1508 148 47 tempore

1168 1547 83 48 4
1202 1547 232 48 Praeterea,
1384 1547 149 48 Auer.
1483 1547 248 48 Commentator
1681 1547 149 48 ponit
1781 1547 99 48 in
1830 1547 149 48 primo
1913 1547 66 48 mo

1128 1586 136 43 bili
1213 1586 188 43 praeter
1350 1586 171 43 primum
1469 1586 205 43 motorem,
1623 1586 188 43 motorem
1742 1586 239 43 appropriatum

1144 1625 107 48 qui
1205 1625 199 48 immediate
1358 1625 138 48 mouet
1450 1625 199 48 huiusmodi
1604 1625 169 48 mobile;
1726 1625 138 48 quia,
1818 1625 92 48 vt
1864 1625 123 48 ait,
1926 1625 61 48 si

1137 1672 176 48 primus
1260 1672 158 48 motor
1366 1672 193 48 moueret
1506 1672 141 48 tale
1594 1672 176 48 mobile
1717 1672 246 48 immediate,
1893 1672 105 48 tunc

1135 1705 156 43 moueret
1248 1705 127 43 ipsum
1333 1705 85 43 in
1375 1705 184 43 instanti,
1517 1705 71 43 &
1545 1705 99 43 sic
1601 1705 170 43 sequitur
1729 1705 113 43 idem
1799 1705 113 43 quod
1856 1705 113 43 prius.

1173 1742 78 53 s
1204 1742 217 53 Praeterea,
1374 1742 155 53 agens,
1483 1742 124 53 siue
1560 1742 140 53 motor
1653 1742 124 53 suam
1731 1742 186 53 actionem
1855 1742 140 53 propria

1134 1778 165 48 virtute
1254 1778 90 48 in
1299 1778 195 48 infinitum
1449 1778 210 48 continuans
1613 1778 105 48 non
1673 1778 165 48 innixus
1793 1778 150 48 alicui
1883 1778 105 48 alte-

1130 1820 92 49 ri,
1182 1820 184 49 necessario
1327 1820 92 49 est
1379 1820 170 49 infinitae
1510 1820 157 49 virtutis
1628 1820 197 49 intensiuae,
1785 1820 92 49 seu
1838 1820 79 49 in
1864 1820 118 49 vigore;

1133 1858 132 54 Deus
1215 1858 115 54 est
1281 1858 214 54 huiusmodi
1445 1858 197 54 loquendo
1593 1858 263 54 philosophice
1807 1858 82 54 &
1823 1858 165 54 theologi

1138 1897 103 46 ce,
1197 1897 117 46 ergo
1270 1897 103 46 &c.
1329 1897 132 46 probo
1417 1897 176 46 maiorem:
1549 1897 117 46 quia
1622 1897 132 46 minor
1710 1897 103 46 est
1768 1897 190 46 infinitas
1900 1897 88 46 vir-

1134 1946 133 40 tutis
1223 1946 89 40 in
1268 1946 104 40 sua
1327 1946 163 40 actione
1445 1946 89 40 ab
1490 1946 148 40 altera
1594 1946 222 40 dependente,
1772 1946 119 40 quam
1831 1946 163 40 infinitas

1126 1979 189 50 virtutis
1268 1979 204 50 totaliter
1425 1979 283 50 independentis,
1661 1979 79 50 &
1692 1979 157 50 omnino
1802 1979 173 50 primae:
1912 1979 79 50 Cum

1128 2015 147 47 igitur
1231 2015 147 47 coelum
1335 2015 74 47 &
1364 2015 192 47 quaelibet
1511 2015 251 47 intelligentia
1718 2015 118 47 sint
1791 2015 192 47 duratione
1924 2015 59 47 in

1131 2057 165 40 finita,
1251 2057 165 40 quamuis
1370 2057 195 40 imitantur
1520 2057 165 40 virtuti
1640 2057 135 40 primi
1730 2057 165 40 motoris
1849 2057 75 40 &
1879 2057 90 40 ab
1909 2057 75 40 ip-

1128 2092 93 47 so
1175 2092 218 47 necessario
1346 2092 233 47 dependeant;
1532 2092 155 47 igitur
1641 2092 155 47 virtus
1750 2092 140 47 primi
1828 2092 155 47 motoris;

1132 2139 117 51 quae
1205 2139 87 51 in
1249 2139 102 51 sua
1307 2139 175 51 perpetua
1439 2139 160 51 actione
1555 2139 131 51 nulli
1643 2139 160 51 penitus
1759 2139 204 51 innititur,
1905 2139 73 51 non

1129 2175 150 49 solum
1229 2175 133 49 erit
1312 2175 200 49 infinita
1462 2175 233 49 duratione;
1645 2175 117 49 sed
1712 2175 150 49 etiam
1812 2175 100 49 in
1845 2175 150 49 vigore,

1132 2211 129 51 ergo
1196 2211 81 51 &c.

1144 2256 74 50 e
1174 2256 191 50 Preterea,
1321 2256 118 50 illa
1394 2256 147 50 virtus
1497 2256 103 50 est
1556 2256 177 50 infinita
1689 2256 191 50 intensiue
1836 2256 74 50 &
1865 2256 88 50 in
1895 2256 88 50 vigo

1127 2294 105 46 re,
1187 2294 105 46 cui
1247 2294 135 46 nulla
1336 2294 149 46 potest
1441 2294 135 46 ficri
1531 2294 164 46 additio
1650 2294 135 46 etiam
1740 2294 105 46 per
1785 2294 209 46 intellectum:

1137 2330 105 47 sed
1197 2330 150 47 virtus
1302 2330 120 47 Dei,
1376 2330 105 47 seu
1436 2330 180 47 potentia
1571 2330 105 47 est
1631 2330 210 47 huiusmodi.
1795 2330 135 47 Maior
1870 2330 120 47 patet,

1145 2375 118 45 quia
1219 2375 118 45 omni
1292 2375 147 45 finito
1395 2375 147 45 saltem
1498 2375 103 45 per
1557 2375 221 45 intellectum
1734 2375 147 45 potest
1837 2375 132 45 fieri
1910 2375 74 45 ad-

1131 2408 153 50 ditio.
1238 2408 137 50 Probo
1329 2408 183 50 minorem:
1466 2408 122 50 quia
1543 2408 168 50 virtuti
1665 2408 259 50 vniuersaliter
1863 2408 122 50 perfe-

1134 2444 125 53 ctae
1212 2444 94 53 in
1259 2444 125 53 tota
1337 2444 187 53 analogia
1478 2444 156 53 entium
1587 2444 109 53 non
1650 2444 141 53 magis
1743 2444 109 53 per
1790 2444 203 53 intellectum

1135 2488 139 49 potest
1233 2488 125 49 fieri
1316 2488 153 49 additio
1428 2488 181 49 virtutis,
1567 2488 111 49 siue
1637 2488 223 49 perfectionis
1804 2488 181 49 cuiuscumque

1145 2529 109 50 uam
1208 2529 281 50 perfectissimae
1442 2529 171 50 virtuti
1566 2529 234 50 determinati
1753 2529 171 50 generis
1862 2529 125 50 possit

1129 2566 134 50 fieri
1219 2566 164 50 additio
1338 2566 179 50 secundum
1472 2566 149 50 gradus
1577 2566 149 50 illius
1681 2566 179 50 generis:
1816 2566 105 50 sed
1861 2566 134 50 virtuti

1141 2603 226 50 calidissimae
1325 2603 85 50 in
1367 2603 142 50 genere
1466 2603 156 50 caloris
1580 2603 99 50 non
1636 2603 142 50 potest
1735 2603 127 50 fieri
1820 2603 156 50 additio
1919 2603 71 50 cu-

1129 2640 194 51 iuscumque
1278 2640 149 51 gradus
1383 2640 179 51 caloris;
1517 2640 119 51 quia
1591 2640 89 51 si
1636 2640 224 51 intellectus
1815 2640 164 51 aliquid
1919 2640 75 51 pos

1135 2682 101 53 set
1192 2682 115 53 sibi
1264 2682 158 53 addere;
1379 2682 101 53 iam
1437 2682 101 53 non
1495 2682 202 53 conciperet
1653 2682 130 53 ipsum
1739 2682 86 53 vt
1768 2682 216 53 calidissimum;

1131 2722 70 42 e
1159 2722 98 42 rgo
1215 2722 155 42 diuinae
1328 2722 169 42 virtutis
1454 2722 141 42 vigori
1553 2722 127 42 nulla
1637 2722 169 42 poenitus
1764 2722 141 42 potest
1862 2722 127 42 fieri
1933 2722 56 42 ad

1141 2761 135 48 ditio
1231 2761 241 48 perfectionis
1427 2761 195 48 concepte,
1577 2761 105 48 vel
1637 2761 256 48 conceptibiis,
1848 2761 105 48 cum
1893 2761 105 48 talis

1134 2805 149 50 virtus
1239 2805 105 50 sit
1298 2805 254 50 vniuersaliter
1507 2805 194 50 perfecta,
1657 2805 75 50 &
1686 2805 179 50 secundum
1821 2805 134 50 totam
1895 2805 90 50 ano-

1122 2839 149 47 logiam
1227 2839 135 47 entis
1316 2839 224 47 simpliciter
1481 2839 224 47 perfectissima

1168 2884 74 47 V
1198 2884 206 47 Praeterea,
1360 2884 162 47 materia
1478 2884 133 47 prima
1566 2884 103 47 est
1625 2884 206 47 suceessiue
1787 2884 192 47 receptiua
1920 2884 59 47 in

1125 2919 196 51 finitarum
1276 2919 257 51 perfectionum,
1487 2919 121 51 ergo
1563 2919 151 51 primus
1669 2919 136 51 motor
1759 2919 106 51 est
1820 2919 121 51 actu
1880 2919 106 51 infi-

1130 2960 131 45 nitae
1218 2960 247 45 perfectionis,
1421 2960 73 45 &
1450 2960 102 45 per
1508 2960 203 45 consequens
1668 2960 189 45 infinitae
1814 2960 174 45 virtutis
1930 2960 58 45 in

1125 2996 182 45 vigore.
1258 2996 231 45 Antecedens
1440 2996 149 45 patet
1539 2996 149 45 etiam
1638 2996 198 45 secundum
1770 2996 215 45 philosophos

1132 3036 116 42 Sed
1199 3036 266 42 consequentia
1415 3036 116 42 est
1482 3036 183 42 cuidens
1615 3036 100 42 ex
1664 3036 150 42 dicto
1748 3036 249 42 commentatoris

1144 3075 103 48 t2.
1203 3075 221 48 metaphysic,
1380 3075 103 48 vbi
1438 3075 118 48 ait.
1512 3075 132 48 Omnes
1600 3075 162 48 formae,
1718 3075 118 48 quae
1791 3075 118 48 sunt
1865 3075 88 48 in
1894 3075 103 48 poten

1133 3116 104 52 tia
1193 3116 89 52 in
1237 3116 134 52 prima
1326 3116 178 52 materia,
1460 3116 119 52 sunt
1534 3116 119 52 actu
1608 3116 89 52 in
1653 3116 134 52 primo
1742 3116 163 52 motore,
1860 3116 119 52 ergo
1920 3116 74 52 &c.
