2379 3557
224 267 139 61 est,
311 267 139 61 quod
398 267 261 61 perfectione
607 267 209 61 numerali
764 267 226 61 procedunt
938 267 174 61 numeri
1042 267 70 61 in

226 327 205 47 infinitum,
388 327 73 47 &
417 327 132 47 tamen
505 327 176 47 quilibet
637 327 161 47 numerus
754 327 176 47 acceptus
886 327 103 47 est
944 327 176 47 finitus,

221 366 113 41 cum
285 366 113 41 non
350 366 178 41 claudat
479 366 97 41 in
528 366 113 41 se,
592 366 129 41 nisi
673 366 178 41 numerum
802 366 178 41 proxime
915 366 178 41 praeceden

221 406 121 45 tem,
297 406 76 45 &
327 406 182 45 vnitatem
463 406 182 45 additam,
599 406 121 45 quae
675 406 121 45 ambo
751 406 121 45 sunt
827 406 167 45 finita,
948 406 106 45 sic
993 406 91 45 eods

219 447 136 53 modo
304 447 102 53 in
355 447 222 53 proposito
509 447 68 53 &c

229 491 80 45 2
261 491 207 45 Preterea,
420 491 128 45 idem
500 491 207 45 Dyonisius
660 491 96 45 in
707 491 96 45 8.
755 491 96 45 de
803 491 175 45 diuinis
915 491 175 45 nominibus

223 513 114 59 ait,
294 513 114 59 Deus
365 513 100 59 est
422 513 185 59 infinitae
565 513 185 59 virtutis,
707 513 86 59 eo
750 513 114 59 quod
821 513 214 59 simpliciter
978 513 114 59 potest

217 562 171 48 infinite
345 562 185 48 infinitas
488 562 128 48 alias
573 562 86 48 ab
616 562 228 48 existentibus
802 562 171 48 virtutes
916 562 171 48 producere-

227 606 73 41 3
256 606 203 41 Praeterea,
415 606 174 41 potentia
546 606 102 41 Dei
604 606 102 41 est
662 606 174 41 infinita
792 606 73 41 &
821 606 218 41 simpliciter
981 606 102 41 illi-

208 642 188 48 mitata,
345 642 137 48 ergo
430 642 154 48 vltra
532 642 154 48 omnem
635 642 222 48 creaturam
806 642 222 48 productam
959 642 120 48 sempe

217 680 173 49 poterit
343 680 205 49 producere
501 680 268 49 perfectiorem:
721 680 220 49 Antecedens
894 680 142 49 patet
973 680 110 49 quae-

217 717 160 55 stione
329 717 176 55 proxima
457 717 256 55 praecedente.
666 717 144 55 Probo
762 717 288 55 consequentiam:
986 717 96 55 quia

214 761 130 45 omnis
300 761 174 45 creatura
431 761 101 45 cum
489 761 87 45 de
532 761 130 45 facto
619 761 145 45 fuerit
720 761 174 45 producta
850 761 101 45 sit
908 761 159 45 finitae
1010 761 72 45 por

228 799 196 51 fectionis,
382 799 84 51 vt
424 799 126 51 patet
508 799 84 51 ex
550 799 98 51 iam
606 799 154 51 dictis,
719 799 140 51 igitur
817 799 84 51 si
859 799 126 51 vltra
929 799 154 51 quamlibet

214 844 214 45 creaturam
378 844 214 45 productam
543 844 132 45 Deus
626 844 115 45 non
692 844 165 45 potest
807 844 214 45 producere
956 844 115 45 perfe

211 876 173 47 ctiorem,
341 876 116 47 tunc
413 876 173 47 infinita
543 876 101 47 Dei
601 876 173 47 potentia
731 876 130 47 esset
818 876 173 47 limitata
948 876 87 47 ad
977 876 101 47 fini-

210 915 108 52 tum
271 915 201 52 effectum,
426 915 93 52 eo
473 915 124 52 quod
550 915 108 52 non
612 915 155 52 posset
720 915 170 52 aliquid
844 915 139 52 vltra
937 915 155 52 ipsum,
1030 915 46 52 &

212 954 180 52 infinita
347 954 105 52 Dei
407 954 150 52 virtus
513 954 135 52 esset
603 954 195 52 adaequata
753 954 105 52 per
813 954 180 52 effectum
934 954 135 52 finitum

208 995 131 50 quae
289 995 147 50 omnia
388 995 196 50 videntur
535 995 278 50 impossibilia,
764 995 262 50 Consequentia
960 995 115 50 patet

216 1045 121 42 quia
292 1045 121 42 tunc
367 1045 242 42 intelligitur
564 1045 182 42 potentia
700 1045 197 42 limitata:
852 1045 151 42 quando
958 1045 106 42 non
1003 1045 76 42 po-

219 1074 121 48 test
295 1074 243 48 transcendere
492 1074 167 48 aliquem
614 1074 197 48 limitatum
765 1074 197 48 effectum,
917 1074 76 48 &
948 1074 121 48 tunc
1008 1074 61 48 in

217 1113 215 49 telligitur
386 1113 154 49 virtus
493 1113 215 49 adaequata,
662 1113 154 49 quando
770 1113 184 49 potentia
908 1113 108 49 non
954 1113 123 49 potest

209 1156 96 45 in
257 1156 175 45 maiorem
384 1156 207 45 effectum:
544 1156 127 45 quia
623 1156 159 45 virtus
735 1156 111 45 est
798 1156 175 45 vltimum
926 1156 96 45 de
958 1156 127 45 poten-

212 1198 111 39 tia,
282 1198 84 39 vt
324 1198 153 39 dicitur
435 1198 84 39 in
477 1198 84 39 de
519 1198 125 39 caelo
602 1198 70 39 &
630 1198 111 39 mun.
700 1198 84 39 Et
742 1198 111 39 haec
811 1198 153 39 videtur
923 1198 111 39 esse
978 1198 98 39 inter

215 1233 98 47 tio
271 1233 126 47 Deati
355 1233 154 47 August.
467 1233 98 47 12.
523 1233 84 47 de
565 1233 154 47 ciuita.
678 1233 112 47 Dei,
748 1233 98 47 vbi
804 1233 98 47 ait
860 1233 154 47 diuinam
958 1233 112 47 sapies

217 1272 125 51 tiam
296 1272 329 51 incomprehensibili
578 1272 282 51 comprehensione
813 1272 110 51 sic
875 1272 141 51 omnia
954 1272 125 51 incon-

211 1307 277 53 prehensibilia
439 1307 293 53 comprehendere,
683 1307 98 53 vt
731 1307 228 53 quaecunque
910 1307 130 53 noua
992 1307 81 53 &
1008 1307 65 53 di

213 1355 166 40 similia
334 1355 241 40 consequentia
530 1355 287 40 praecedentibus;
771 1355 91 40 si
816 1355 151 40 semper
922 1355 151 40 facere
1013 1355 60 40 ve

210 1387 105 47 let
270 1387 225 47 inordinata,
450 1387 210 47 &improuisa
615 1387 165 47 habere,
735 1387 105 47 non
795 1387 165 47 posset,
915 1387 105 47 nec
975 1387 90 47 ea
1005 1387 75 47 pro

218 1427 168 49 uideret
340 1427 76 49 a
370 1427 168 49 proximo
493 1427 183 49 tempore,
630 1427 107 49 sed
691 1427 168 49 aeterna
813 1427 244 49 praescientia
997 1427 76 49 con

217 1472 182 41 tineret.
354 1472 106 41 Hic
414 1472 167 41 transeo
536 1472 91 41 eo
582 1472 182 41 breuius:
718 1472 122 41 quia
794 1472 137 41 illam
885 1472 182 41 materiam
1007 1472 76 41 in-

221 1508 129 52 tendo
307 1508 158 52 tangere
421 1508 129 52 libro
508 1508 86 52 2.
551 1508 186 52 distinct.
680 1508 57 52 1.

249 1540 113 55 Sed
313 1540 161 55 contra
426 1540 145 55 illam
523 1540 258 55 conclusionem
732 1540 129 55 sunt
813 1540 161 55 quidam
926 1540 145 55 magni
1007 1540 64 55 do

222 1587 165 45 ctores,
342 1587 105 45 qui
402 1587 165 45 arguunt
522 1587 105 45 pro
582 1587 105 45 sua
642 1587 180 45 opinione
777 1587 135 45 primo
852 1587 90 45 sic.

227 1632 74 41 1
257 1632 89 41 Si
301 1632 208 41 possibilis
465 1632 134 41 esset
554 1632 193 41 processus
702 1632 89 41 in
747 1632 193 41 infinitum
895 1632 89 41 in
925 1632 148 41 speciebu

204 1663 192 52 secundum
348 1663 273 52 perfectionem,
573 1663 128 52 tunc
653 1663 96 52 in
701 1663 225 52 intellectu
878 1663 160 52 diuino
974 1663 96 52 esse

212 1704 148 49 aliqua
316 1704 178 49 creatura
449 1704 163 49 distans
567 1704 89 49 in
612 1704 192 49 infinitum
760 1704 89 49 ab
804 1704 148 49 aliqua
907 1704 118 49 alia
967 1704 118 49 creatu

211 1737 96 53 ra,
266 1737 69 53 &
294 1737 96 53 per
349 1737 193 53 consequens
500 1737 165 53 creatura
624 1737 124 53 talis
707 1737 124 53 esset
789 1737 179 53 infinitae
913 1737 165 53 perfectio-

214 1777 120 58 nis:
289 1777 105 58 hoc
349 1777 135 58 autem
439 1777 105 58 est
500 1777 241 58 impossibile,
695 1777 120 58 quod
770 1777 150 58 patet:
876 1777 120 58 quia
936 1777 150 58 huiusmo-

209 1823 91 46 di
254 1823 181 46 creatura
390 1823 151 46 tantum
496 1823 196 46 excederet
647 1823 136 46 illam
738 1823 136 46 aliam
828 1823 211 46 creaturam,
979 1823 106 46 quam-

213 1853 117 58 tum
280 1853 183 58 excedit
413 1853 117 58 eam
480 1853 150 58 Deus,
580 1853 83 58 &
613 1853 117 58 per
680 1853 233 58 consequens
863 1853 100 58 in
897 1853 183 58 infinitum

226 1900 121 54 quia
301 1900 106 54 non
362 1900 151 54 potest
467 1900 121 54 esse
543 1900 136 54 maior
633 1900 181 54 excessus
769 1900 166 54 excessu
890 1900 91 54 in
920 1900 151 54 infinito

213 1935 136 56 etiam
303 1935 136 56 esset
394 1935 136 56 aeque
484 1935 181 56 perfecta
620 1935 90 56 vt
665 1935 136 56 Deus:
756 1935 121 56 quia
831 1935 106 56 non
891 1935 151 56 potest
982 1935 90 56 essi

221 1975 135 54 maior
311 1975 194 54 perfectio
460 1975 224 54 perfectione
625 1975 164 54 infinita.

224 2014 76 48 2
254 2014 212 48 Praeterea,
421 2014 91 48 si
466 2014 212 48 possibilis
633 2014 136 48 esset
724 2014 197 48 processus
875 2014 197 48 specierum
1011 2014 61 48 is

202 2059 222 39 infinitum,
376 2059 111 39 aut
440 2059 143 39 omnes
535 2059 206 39 huiusmodi
693 2059 174 39 species
820 2059 253 39 clauderentur
1010 2059 63 39 in

208 2089 110 56 fra
271 2089 142 56 decem
366 2089 283 56 praedicamenta,
601 2089 110 56 aut
664 2089 173 56 aliquae
790 2089 142 56 earum
884 2089 157 56 essent
979 2089 94 56 extr

214 2128 281 62 praedicamenta.
449 2128 109 62 Non
511 2128 156 62 potest
620 2128 125 62 dari
699 2128 172 62 primum:
823 2128 125 62 quia
902 2128 141 62 sicut
980 2128 109 62 patet

224 2172 111 49 per
287 2172 237 49 philosophum
477 2172 95 49 in
524 2172 142 49 libro
619 2172 332 49 praedicamentorum,
903 2172 79 49 &
935 2172 95 49 7.
966 2172 111 49 meta-

221 2209 121 60 phys
297 2209 76 60 a
327 2209 152 60 genere
433 2209 258 60 generalissimo
645 2209 227 60 descenditur
827 2209 243 60 differentiis
1009 2209 76 60 di-

217 2252 161 51 uisiuis
334 2252 131 51 vsque
422 2252 88 51 ad
466 2252 161 51 speciem
582 2252 277 51 specialissimam.
816 2252 102 51 Sed
875 2252 131 51 talis
948 2252 131 51 descen-

215 2288 101 56 sus
272 2288 158 56 numquam
387 2288 144 56 posset
488 2288 172 56 perfici,
617 2288 86 56 si
660 2288 158 56 species
775 2288 144 56 essent
876 2288 201 56 infinitae.
1019 2288 72 56 Nec

209 2327 154 69 potest
317 2327 124 69 dari
394 2327 201 69 secundum:
548 2327 124 69 quia
626 2327 139 69 decem
718 2327 263 69 praedicamenta
919 2327 170 69 sufficien

225 2371 101 46 ter
282 2371 173 46 euacuant
412 2371 130 46 totum
498 2371 115 46 ens,
571 2371 115 46 ergo
643 2371 173 46 quicquid
772 2371 86 46 em
816 2371 130 46 extra
902 2371 130 46 decem
974 2371 101 46 prae-

221 2406 206 57 dicamenta,
383 2406 103 57 est
442 2406 103 57 non
501 2406 118 57 ens,
575 2406 118 57 siue
634 2406 118 57 nihil-

222 2444 78 52 3
254 2444 202 52 Preterea,
409 2444 155 52 formae
517 2444 124 52 sunt
595 2444 140 52 sicut
688 2444 171 52 numeri,
812 2444 93 52 vt
859 2444 140 52 patet
952 2444 93 52 8.
983 2444 93 52 meta

216 2484 194 65 physicae,
365 2484 74 65 &
395 2484 119 65 Deus
469 2484 89 65 se
514 2484 134 65 habet
603 2484 89 65 ad
648 2484 134 65 modum
737 2484 194 65 unitatis,
886 2484 89 65 vt
931 2484 134 65 patet
1006 2484 74 65 pe-

209 2528 132 55 DVon
291 2528 115 55 sed
357 2528 165 55 numeri
472 2528 165 55 versus
588 2528 198 55 unitatem
736 2528 115 55 non
802 2528 214 55 procedunt
967 2528 99 55 in
1000 2528 82 55 inf

225 2565 155 52 nitum:
333 2565 124 52 quia
410 2565 108 52 non
472 2565 201 52 procedunt
626 2565 139 52 vltra
719 2565 201 52 binarium,
874 2565 124 52 ergo
951 2565 108 52 nec
997 2565 93 52 spe-

224 2602 129 63 cies
305 2602 113 63 per
369 2602 194 63 accessum
514 2602 97 63 ad
563 2602 145 63 Deum,
660 2602 129 63 puta
740 2602 113 63 per
805 2602 210 63 augmentum
950 2602 129 63 perfe-

229 2644 185 57 ctionis
363 2644 218 57 procedunt
531 2644 101 57 in
582 2644 235 57 infinitum.

224 2681 73 53 4
254 2681 205 53 Praeterea,
415 2681 102 53 vbi
473 2681 102 53 est
532 2681 220 53 essentialis
707 2681 132 53 ordo,
795 2681 102 53 ibi
854 2681 102 53 non
912 2681 102 53 est
956 2681 132 53 proces-

225 2719 103 61 sus
284 2719 88 61 in
328 2719 206 61 infinitum,
490 2719 103 61 sed
548 2719 162 61 species
666 2719 176 61 vniuersi
798 2719 147 61 habent
901 2719 220 61 essentialem

224 2761 243 59 ordinem
400 2761 132 59 ad
466 2761 132 59 se
511 2761 220 59 inuicem.

238 2798 79 52 3
270 2798 222 52 Praeterea,
445 2798 143 52 totum
540 2798 111 52 ens
603 2798 191 52 creabile
746 2798 111 52 est
810 2798 175 52 finitum
937 2798 95 52 in
969 2798 111 52 perfe

225 2837 165 55 ctione,
345 2837 120 55 ergo
420 2837 105 55 non
480 2837 150 55 potest
585 2837 90 55 in
630 2837 195 55 infinitum
779 2837 150 55 semper
884 2837 150 55 creari
974 2837 105 55 perfe

231 2878 134 58 ctior
320 2878 193 58 creatura.
469 2878 208 58 Antecedens
633 2878 149 58 patet:
737 2878 119 58 quia
811 2878 134 58 illud
901 2878 104 58 est
945 2878 134 58 finitum

222 2921 110 47 quo
285 2921 205 47 reperitur
443 2921 174 47 aliquid
569 2921 158 47 maius,
680 2921 110 47 sed
743 2921 126 47 Deus
822 2921 174 47 excedit
948 2921 142 47 totum
1027 2921 63 47 am

224 2958 141 50 bitum
318 2958 141 50 entis
412 2958 219 50 creabilis,
585 2958 78 50 &
616 2958 110 50 per
679 2958 219 50 consequens
851 2958 110 50 est
914 2958 141 50 maior
992 2958 94 50 toto

223 3007 124 40 ente
300 3007 201 40 creabili.
454 3007 247 40 Consequentia
655 3007 155 40 patet:
763 3007 124 40 quia
841 3007 124 40 omne
918 3007 170 40 finitum
1026 3007 62 40 at

229 3037 188 56 tingitur
371 3037 110 56 per
433 3037 267 56 replicationem
653 3037 173 56 graduum
779 3037 220 56 finitorum,
952 3037 141 56 alias
1030 3037 63 56 ad

225 3076 184 59 terminum
363 3076 169 59 sinitum
486 3076 138 59 esset
578 3076 184 59 accessus
701 3076 169 59 infinitus

222 3111 77 61 3
252 3111 215 61 Praeterea,
421 3111 199 61 appetitus
574 3111 199 61 creaturae
727 3111 107 61 non
789 3111 107 61 est
850 3111 215 61 infinitus,
1003 3111 92 61 ergo

1115 274 89 58 in
1160 274 192 58 creaturis
1307 274 104 58 non
1367 274 148 58 potest
1470 274 118 58 esse
1544 274 192 58 processus
1692 274 89 58 in
1736 274 207 58 infinitum:
1884 274 89 58 ante

1112 331 158 45 cedens
1223 331 158 45 patet.
1333 331 190 45 Probatur
1476 331 269 45 consequentia:
1697 331 126 45 quia
1776 331 126 45 Deus
1855 331 111 45 non
1902 331 79 45 po-

1119 367 118 43 test
1193 367 147 43 facere
1296 367 162 43 aliquid
1414 367 88 43 in
1458 367 192 43 creatura,
1606 367 118 43 quod
1679 367 103 43 non
1738 367 103 43 sit
1797 367 206 43 appetibile
1945 367 44 43 a

1122 406 193 46 creatura;
1271 406 134 46 sicut
1360 406 104 46 non
1420 406 149 46 potest
1524 406 149 46 facere
1628 406 164 46 aliquid
1747 406 89 46 in
1792 406 193 46 creatura,
1925 406 60 46 ad

1124 448 140 49 quod
1211 448 210 49 creatura
1369 448 123 49 non
1439 448 123 49 sit
1509 448 175 49 aliquo
1631 448 140 49 modo
1719 448 105 49 in
1754 448 193 49 potentia.

1145 491 81 40 3
1177 491 210 40 Preterea,
1339 491 97 40 si
1387 491 129 40 Deus
1468 491 194 40 qualibet
1613 491 194 40 creatura
1759 491 162 40 semper
1856 491 129 40 posset

1121 524 202 51 producere
1277 524 264 51 perfectiorem,
1494 524 109 51 hoc
1557 524 140 51 esset
1650 524 109 51 per
1712 524 155 51 tanto:
1821 524 124 51 quia
1883 524 93 51 Deus

1120 571 95 41 in
1168 571 206 41 infinitum
1326 571 159 41 distat
1437 571 79 41 a
1469 571 190 41 qualibet
1612 571 190 41 creatura
1739 571 238 41 quantumcunque

1128 601 187 46 perfecta,
1271 601 101 46 sed
1329 601 101 46 hoc
1386 601 101 46 non
1444 601 187 46 sufficit:
1588 601 115 46 quia
1660 601 115 46 pari
1732 601 158 46 ratione
1832 601 144 46 sequere-

1109 647 124 44 tur,
1187 647 124 44 quod
1265 647 140 44 vltra
1358 647 140 44 totum
1451 647 109 44 ens
1513 647 186 44 creabile
1652 647 124 44 Deus
1730 647 155 44 posset
1823 647 155 44 produce-

1113 680 91 47 re
1158 680 212 47 creaturam,
1324 680 121 47 quod
1400 680 106 47 est
1460 680 227 47 simpliciter
1642 680 242 47 impossibile:
1838 680 121 47 quia
1898 680 76 47 hoc

1119 717 149 48 posito
1224 717 149 48 aliqua
1328 717 179 48 creatura
1462 717 194 48 excederet
1612 717 134 48 totum
1701 717 90 48 es
1746 717 194 48 creabile,
1880 717 90 48 quod

1108 762 216 46 manifeste
1274 762 199 46 implicat
1424 762 332 46 contradictionem:
1706 762 133 46 quia
1789 762 149 46 omne,
1871 762 100 46 quod

1113 801 106 47 per
1174 801 213 47 creationem
1341 801 228 47 producitur,
1523 801 106 47 est
1583 801 197 47 creabile,
1735 801 76 47 &
1766 801 106 47 sic
1811 801 167 47 huiusmodi

1118 841 167 46 creatura
1243 841 111 46 erit
1313 841 195 46 creabilis;
1466 841 70 46 &
1494 841 98 46 non
1550 841 111 46 erit
1606 841 167 46 creabilis.

1103 882 266 49 Consequentia
1319 882 166 49 patet:
1436 882 133 49 quia
1519 882 149 49 totum
1618 882 116 49 ens
1685 882 199 49 creabile
1818 882 149 49 distata

1106 915 116 53 Deo
1173 915 99 53 in
1206 915 182 53 infinitum

1146 947 92 53 Et
1192 947 245 53 confirmatur:
1391 947 123 53 quia
1468 947 138 53 inter
1560 947 230 53 substantiam
1744 947 77 53 &
1775 947 184 53 accidens
1897 947 77 53 est

1104 993 194 48 distantia
1253 993 313 48 impertransibilis,
1521 993 74 48 &
1551 993 134 48 tamen
1640 993 134 48 inter
1730 993 149 48 nullam
1819 993 149 48 substan-

1111 1035 115 41 tiam
1183 1035 72 41 &
1212 1035 173 41 accidens
1341 1035 115 41 Deus
1414 1035 144 41 potest
1515 1035 144 41 facere
1616 1035 188 41 infinitas
1760 1035 173 41 species,
1875 1035 87 41 ergo

1098 1082 75 42 a
1128 1082 166 42 simili,
1249 1082 181 42 &cetera.
1385 1082 121 42 Quod
1460 1082 136 42 autem
1551 1082 196 42 distantia
1701 1082 136 42 inter
1777 1082 196 42 substantiam

1113 1110 74 45 &
1143 1110 177 45 accidens
1275 1110 103 45 sit
1334 1110 191 45 infinita,
1481 1110 162 45 probant
1599 1110 103 45 per
1658 1110 118 45 hoc,
1731 1110 118 45 quod
1805 1110 147 45 nullum
1893 1110 74 45 ac-

1114 1153 157 49 cidens
1224 1153 172 49 quantum
1350 1153 157 49 tunque
1459 1153 204 49 perfectum
1616 1153 157 49 potest
1726 1153 204 49 adaequare
1867 1153 94 49 gra-

1110 1191 98 45 dum
1166 1191 196 45 entitatis,
1320 1191 98 45 qui
1377 1191 98 45 est
1433 1191 84 45 in
1461 1191 168 45 substantia

1128 1237 75 39 S
1158 1237 209 39 Praeterea,
1322 1237 90 39 si
1367 1237 209 39 possibilis
1531 1237 134 39 esset
1621 1237 194 39 processus
1770 1237 90 39 in
1800 1237 164 39 infinitum

1110 1271 158 47 semper
1221 1271 95 47 ad
1268 1271 221 47 nobiliorem
1442 1271 206 47 creaturam
1600 1271 79 47 :
1632 1271 126 47 tunc
1711 1271 158 47 posset
1822 1271 126 47 esse
1885 1271 79 47 vna

1114 1312 165 42 creatura
1238 1312 83 42 de
1279 1312 124 42 facto
1362 1312 151 42 creata,
1472 1312 110 42 quae
1541 1312 124 42 esset
1624 1312 179 42 infinitae
1761 1312 207 42 nobilitatis
1927 1312 69 42 &

1113 1349 250 49 perfectionis.
1319 1349 177 49 Falsitas
1452 1349 236 49 consequentis
1643 1349 147 49 patet.
1746 1349 177 49 Probatur
1864 1349 103 49 conse

1110 1388 185 44 quentia,
1248 1388 123 44 quia
1325 1388 185 44 secundum
1463 1388 231 44 Aristotelem
1648 1388 92 44 3.
1694 1388 231 44 physicorum.
1879 1388 92 44 Si
1909 1388 62 44 es

1110 1425 109 49 set
1173 1425 124 49 dare
1250 1425 202 49 potentiam
1405 1425 93 49 ad
1452 1425 202 49 infinitum
1607 1425 186 49 secundum
1731 1425 233 49 appositionem,

1109 1467 113 46 illa
1180 1467 142 46 posset
1279 1467 113 46 poni
1350 1467 85 46 in
1393 1467 128 46 facto
1478 1467 128 46 esse:
1563 1467 99 46 sed
1620 1467 170 46 potentia
1747 1467 85 46 ad
1790 1467 156 46 maiorem
1889 1467 71 46 per

1106 1503 202 44 fectionem
1262 1503 109 44 est
1324 1503 187 44 potentia
1464 1503 187 44 secundum
1605 1503 265 44 appositionem,
1822 1503 125 44 ergo
1885 1503 62 44 &c

1115 1545 79 42 0
1147 1545 222 42 Praeterea,
1321 1545 111 42 aut
1385 1545 127 42 Deus
1464 1545 206 42 cognoscit
1622 1545 174 42 aliquod
1749 1545 206 42 creabile,
1892 1545 63 42 vl

1108 1589 99 40 tra
1165 1589 113 40 quod
1235 1589 99 40 non
1292 1589 99 40 est
1349 1589 128 40 aliud
1434 1589 184 40 creabile,
1575 1589 99 40 aut
1632 1589 113 40 non.
1703 1589 85 40 Si
1745 1589 113 40 sic,
1816 1589 113 40 tunc
1873 1589 85 40 illo

1110 1624 136 47 creato
1206 1624 95 47 non
1260 1624 109 47 erit
1328 1624 177 47 processus
1465 1624 163 47 vlterior
1587 1624 82 47 in
1628 1624 191 47 infinitum.
1778 1624 82 47 Si
1819 1624 109 47 non,
1873 1624 82 47 tum;

1112 1663 126 44 Deus
1191 1663 110 44 non
1254 1663 236 44 cognosceret
1442 1663 126 44 omne
1521 1663 204 44 creabile,
1678 1663 126 44 quod
1757 1663 110 44 est
1804 1663 157 44 impossi-

1115 1692 140 51 bile;
1209 1692 124 51 quia
1286 1692 124 51 tunc
1364 1692 171 51 aliquid
1489 1692 140 51 esset
1582 1692 78 51 a
1613 1692 109 51 Deo
1675 1692 249 51 producibile,
1862 1692 93 51 quos

1115 1738 131 46 Deus
1196 1738 114 46 non
1245 1738 229 46 cognosceret.

1155 1772 91 49 to
1200 1772 197 49 Preterea,
1351 1772 151 49 quanto
1457 1772 166 49 aliquid
1578 1772 106 49 est
1639 1772 106 49 Deo
1699 1772 242 49 propinquius,
1880 1772 76 49 tat

1113 1821 84 39 to
1155 1821 155 39 videtur
1268 1821 113 39 esse
1338 1821 155 39 melius,
1451 1821 70 39 &
1479 1821 183 39 nobilius,
1619 1821 98 39 seu
1676 1821 211 39 perfectius,
1844 1821 98 39 sed
1887 1821 70 39 hu-

1113 1856 287 43 manitateChristi
1354 1856 136 43 nihil
1445 1856 106 43 pot
1505 1856 121 43 esse
1581 1856 106 43 Deo
1641 1856 241 43 propinquius,
1837 1856 121 43 ergo
1898 1856 60 43 &c

1121 1893 88 45 I1
1165 1893 190 45 Preterea,
1311 1893 146 45 quanto
1414 1893 161 45 aliquid
1530 1893 102 45 est
1589 1893 161 45 purius;
1706 1893 131 45 tanto
1779 1893 175 45 perfectius

1113 1933 105 49 sed
1173 1933 135 49 nulla
1263 1933 120 49 pura
1337 1933 179 49 creatura
1472 1933 149 49 potest
1576 1933 120 49 esse
1651 1933 149 49 purior
1756 1933 135 49 beata
1830 1933 135 49 Virgine

1122 1970 146 49 Maria,
1225 1970 117 49 ergo
1298 1970 132 49 nulla
1386 1970 117 49 pura
1459 1970 176 49 creatura
1591 1970 146 49 potest
1693 1970 117 49 esse
1766 1970 205 49 perfectior
1912 1970 59 49 ea

1116 2013 138 49 Maior
1207 2013 153 49 patet.
1315 2013 138 49 Minor
1406 2013 199 49 probatur:
1559 2013 122 49 quia
1636 2013 138 49 dicit
1728 2013 184 49 Anselmus
1865 2013 92 49 in
1896 2013 61 49 di

1109 2061 186 40 conceptu
1249 2061 218 40 Virginali,
1420 2061 140 40 Nempe
1513 2061 171 40 decuit,
1638 2061 93 40 vt
1684 2061 93 40 ea
1731 2061 186 40 puritate
1855 2061 109 40 virgo

1103 2097 190 44 niteret,
1246 2097 127 44 quam
1325 2097 127 44 Deus
1404 2097 142 44 filio
1499 2097 111 44 suo
1562 2097 158 44 matrem
1673 2097 206 44 elegerat,
1831 2097 111 44 qua
1879 2097 79 44 ma-

1104 2128 109 53 ior
1166 2128 109 53 sub
1228 2128 109 53 Deo
1290 2128 155 53 nequit
1383 2128 171 53 intelligi

1118 2143 106 77 Sed
1178 2143 121 77 illa
1254 2143 166 77 quamuis
1375 2143 121 77 sint
1450 2143 136 77 valde
1541 2143 227 77 difficilia,
1722 2143 136 77 tamen
1798 2143 166 77 oppositum

1114 2216 259 45 conclusionis
1324 2216 227 45 praedictae
1503 2216 113 45 non
1567 2216 243 45 conuincunt.

1098 2251 106 44 Ad
1151 2251 176 44 primum
1274 2251 176 44 igitur
1398 2251 229 44 dicendum,
1574 2251 141 44 quod
1662 2251 158 44 illud
1750 2251 211 44 consequens

1113 2283 108 52 non
1174 2283 108 52 est
1236 2283 246 52 impossibile:
1436 2283 123 52 quia
1513 2283 138 52 dato,
1605 2283 123 52 quod
1682 2283 92 52 in
1728 2283 169 52 effectu
1836 2283 138 52 numquam

1116 2325 114 48 sint
1187 2325 114 48 duae
1259 2325 186 48 creaturae
1402 2325 186 48 distantes
1545 2325 86 48 ab
1588 2325 157 48 inuicem
1702 2325 86 48 in
1745 2325 186 48 infinitum
1874 2325 86 48 seci

1119 2364 108 48 dum
1180 2364 263 48 perfectionem,
1397 2364 93 48 in
1444 2364 201 48 prospectu
1598 2364 139 48 tamen
1691 2364 232 48 cognitionis
1862 2364 108 48 diui-

1103 2413 112 44 nae
1167 2413 112 44 non
1231 2413 192 44 repugnat
1375 2413 208 44 huiusmodi
1535 2413 208 44 creaturas
1695 2413 144 44 esse.
1791 2413 144 44 Sicut
1871 2413 96 44 enim

1123 2443 102 42 duo
1182 2443 146 42 numeri
1284 2443 88 42 in
1328 2443 190 42 infinitum
1474 2443 204 42 distantes,
1634 2443 161 42 possunt
1751 2443 117 42 esse
1824 2443 88 42 in
1853 2443 117 42 prospe

1122 2481 108 52 ctu
1183 2481 170 52 diuinae
1307 2481 247 52 cognitionis,
1507 2481 170 52 quamuis
1631 2481 170 52 numquam
1754 2481 154 52 dentur
1862 2481 93 52 in
1893 2481 77 52 es-

1120 2520 138 42 fectu,
1217 2520 97 42 sic
1272 2520 97 42 &c.
1327 2520 83 42 Ad
1369 2520 207 42 probationem
1534 2520 97 42 cum
1589 2520 166 42 dicitur,
1714 2520 110 42 quod
1783 2520 124 42 talis
1852 2520 110 42 creati

1109 2561 97 49 ra
1157 2561 162 49 tantum
1271 2561 210 49 excederet
1432 2561 146 49 aliam
1529 2561 226 49 creaturam,
1707 2561 178 49 quantum
1820 2561 146 49 excedit

1119 2602 123 49 eam
1190 2602 158 49 Deus,
1295 2602 158 49 nego.
1400 2602 105 49 Ad
1453 2602 263 49 probationem
1663 2602 123 49 cum
1733 2602 210 49 dicitur,
1873 2602 88 49 quo

1127 2637 95 46 non
1182 2637 95 46 est
1236 2637 122 46 maior
1318 2637 163 46 excessus
1440 2637 150 46 excessu
1549 2637 177 46 infinito,
1685 2637 109 46 illa
1753 2637 95 46 est
1808 2637 136 46 falsa:
1889 2637 82 46 pos-

1115 2679 128 44 sunt
1195 2679 128 44 enim
1274 2679 128 44 esse
1354 2679 159 44 plures
1466 2679 191 44 excessus
1609 2679 207 44 infiniti,
1769 2679 159 44 quorum
1864 2679 112 44 tamen

1123 2722 122 43 vnus
1199 2722 106 43 est
1260 2722 137 43 maior
1351 2722 137 43 alio:
1442 2722 106 43 nam
1503 2722 137 43 linea
1594 2722 137 43 vnius
1685 2722 137 43 palmi
1777 2722 167 43 excedit
1883 2722 76 43 pun

1124 2758 132 42 ctum
1207 2758 99 42 in
1257 2758 231 42 infinitum,
1438 2758 116 42 cum
1504 2758 132 42 sine
1587 2758 132 42 omni
1670 2758 248 42 proportione
1851 2758 116 42 exce-

1128 2797 110 39 dat
1191 2797 125 39 eum,
1269 2797 78 39 &
1301 2797 141 39 tamen
1395 2797 172 39 insanus
1520 2797 141 39 mente
1614 2797 219 39 videretur,
1786 2797 110 39 qui
1833 2797 141 39 diceret

1122 2844 122 40 quod
1198 2844 152 40 lineae
1304 2844 137 40 mille
1395 2844 198 40 palmorum,
1547 2844 106 40 vel
1608 2844 137 40 linea
1699 2844 182 40 infinita
1836 2844 106 40 non
1882 2844 91 40 plus

1126 2876 172 47 excedat
1252 2876 188 47 punctum,
1393 2876 125 47 quam
1471 2876 141 47 linea
1565 2876 141 47 vnius
1659 2876 157 47 palmi;
1769 2876 94 47 Et
1816 2876 110 47 cum
1863 2876 110 47 addi-

1127 2910 111 56 tur,
1196 2910 111 56 quia
1266 2910 125 56 talis
1349 2910 166 56 creatura
1473 2910 125 56 esset
1556 2910 125 56 aeque
1639 2910 166 56 perfecta
1764 2910 125 56 sicut
1847 2910 125 56 Deus,
1916 2910 55 56 no

1129 2956 107 52 go.
1190 2956 107 52 nam
1251 2956 199 52 huiusmodi
1404 2956 184 52 creatura
1542 2956 92 52 in
1588 2956 199 52 infinitum
1741 2956 199 52 deficeret
1878 2956 92 52 per-

1121 2995 201 46 fectione
1272 2995 184 46 diuina:
1406 2995 117 46 nam
1473 2995 151 46 omnem
1574 2995 134 46 suam
1658 2995 268 46 perfectionem
1859 2995 117 46 habe-

1125 3037 106 43 ret
1185 3037 136 43 talis
1276 3037 182 43 creatura
1413 3037 257 43 participatiue
1625 3037 76 43 &
1655 3037 242 43 dependenter,
1852 3037 121 43 Deus
1912 3037 76 43 au-

1121 3065 122 57 tem
1190 3065 157 57 omnem
1295 3065 140 57 suam
1383 3065 280 57 perfectionem
1610 3065 157 57 habet
1714 3065 297 57 essentialiter
1942 3065 52 57 &

1124 3106 181 69 penitus
1239 3106 263 69 independenter,
