2235 3501
61 225 158 75 tentiam
176 225 101 75 non
233 225 144 75 possit
334 225 158 75 produci
449 225 201 75 perfectio.
607 225 86 75 Et
651 225 86 75 ex
694 225 101 75 hoc
751 225 144 75 patet.
838 225 86 75 quod

72 286 228 43 consementia
254 286 137 43 facta
345 286 91 43 in
391 286 167 43 secunda
513 286 137 43 parte
604 286 258 43 inquisitionis
802 286 106 43 istiu

73 327 174 48 rationis
204 327 102 48 non
262 327 102 48 est
321 327 131 48 vera;
408 327 116 48 quia
480 327 131 48 licet
568 327 116 48 Deus
640 327 102 48 non
699 327 189 48 cognoscat
829 327 73 48 ali

67 366 118 49 quod
141 366 176 49 creabile
273 366 176 49 ponibile
405 366 88 49 in
449 366 88 49 re
494 366 147 49 extra,
596 366 132 49 vltra
685 366 118 49 quod
758 366 103 49 non
802 366 103 49 possi

67 414 122 43 aliud
149 414 149 43 ereari,
258 414 82 43 mn
298 414 82 43 ex
339 414 95 43 hoc
394 414 95 43 non
448 414 177 43 sequitur,
584 414 163 43 quodDeus
706 414 95 43 non
747 414 163 43 cognoscat.

82 446 99 46 pen
139 446 185 46 creabile,
281 446 128 46 sicut
366 446 128 46 dato,
451 446 114 46 quod
522 446 114 46 Deus
593 446 99 46 non
650 446 185 46 cognoscat
777 446 128 46 aliquen

73 496 182 36 numerum,
209 496 137 36 ultra
301 496 121 36 quem
377 496 106 36 non
437 496 152 36 possit
544 496 121 36 dari
619 496 137 36 alter
711 496 182 36 numerus,
832 496 76 36 ta-

71 527 112 46 men
135 527 96 46 ex
183 527 112 46 hoc
247 527 112 46 non
312 527 209 46 sequitur,
472 527 128 46 quod
552 527 128 46 Deus
632 527 112 46 non
696 527 209 46 cognoscat
841 527 64 46 om

78 565 128 44 nem
133 565 164 44 numerum

109 604 102 44 Ad
160 604 187 44 decimum
296 604 221 44 dicendum,
466 604 136 44 quod
552 604 221 44 humanitas
722 604 187 44 Christi
841 604 85 44 po-

81 641 107 51 tes
142 641 214 51 dupliciter
310 641 244 51 considerari.
509 641 107 51 Vno
570 641 122 51 modo
646 641 183 51 secundum
784 641 107 51 se,
829 641 92 51 Alio

87 679 117 50 modo
160 679 88 50 vt
204 679 131 50 vnita
292 679 102 50 est
350 679 175 50 personae
482 679 175 50 diuinae.
613 679 131 50 Primo
701 679 117 50 modo
774 679 146 50 potest
862 679 58 50 es

83 719 87 45 se
126 719 145 45 aliqua
228 719 174 45 creatura
358 719 203 45 perfectior
518 719 102 45 ea,
576 719 131 45 licet
663 719 102 45 non
721 719 160 45 secundo
822 719 87 45 modo

89 759 102 48 Nec
148 759 102 48 hoc
206 759 102 48 est
264 759 145 48 contra
365 759 174 48 praesens
496 759 218 48 propositum:
670 759 116 48 quia
742 759 116 48 ille
800 759 102 48 exces

85 798 98 48 sus
141 798 98 48 non
197 798 168 48 conuenit
323 798 98 48 ei,
379 798 84 48 vt
421 798 112 48 pura
491 798 182 48 creatura,
630 798 98 48 sed
686 798 84 48 vt
728 798 154 48 ratione
826 798 84 48 vnio

95 840 92 52 nis
148 840 119 52 rerus
227 840 106 52 Deus
280 840 79 52 est.

110 876 95 49 Ad
158 876 206 49 vndecimum
317 876 206 49 dicendum,
475 876 111 49 cum
539 876 175 49 dicitur
666 876 143 49 virgo
745 876 159 49 glorios;

87 920 207 45 eapuritate
250 920 162 45 nitere,
368 920 103 45 qua
427 920 133 45 maior
515 920 103 45 sub
574 920 103 45 Deo
633 920 148 45 nequit
737 920 207 45 intelligi,

85 954 121 49 illud
165 954 94 49 non
219 954 134 49 potest
313 954 175 49 intelligi
447 954 202 49 simpliciter
608 954 67 49 &
635 954 175 49 absolute:
770 954 107 49 quia
823 954 81 49 alia

87 996 219 48 sequeretur,
262 996 117 48 quod
335 996 160 48 puritas
452 996 219 48 humanitatis
627 996 160 48 Christi
744 996 102 48 non
787 996 117 48 fuisse

88 1036 125 44 maior
172 1036 167 44 puritate
297 1036 181 44 virginis:
436 1036 98 44 Est
492 1036 111 44 ergo
562 1036 139 44 sensus
659 1036 167 44 verborum
771 1036 139 44 illorum,

84 1078 116 47 qued
157 1078 102 47 sub
215 1078 116 47 Deo,
288 1078 131 47 idest
376 1078 102 47 sub
434 1078 160 47 Christo
550 1078 102 47 non
608 1078 160 47 potesti
725 1078 189 47 intelligi
856 1078 58 47 in

84 1113 117 58 dquo
157 1113 146 58 homine
259 1113 131 58 maior
347 1113 175 58 puritas,
478 1113 117 58 quam
551 1113 146 58 fuerit
653 1113 87 58 in
697 1113 131 58 Deata
770 1113 131 58 Virgine

171 1184 658 73 ARTICVLVS.
641 1184 141 73 I

152 1274 167 79 Vtrum
264 1274 149 79 Deus
357 1274 167 79 totum
468 1274 242 79 vniuersum
636 1274 167 79 potueri

348 1346 262 54 sacere
531 1346 288 54 melius.

87 1403 202 89 NVINTVM
234 1403 110 89 ad
289 1403 202 89 tertium
436 1403 257 89 articulum,
638 1403 165 89 vtrum
749 1403 147 89 Deus
822 1403 92 89 to-

98 1467 137 48 &tum
184 1467 223 48 vniuersum
355 1467 206 48 potuerit
510 1467 172 48 fatere
630 1467 189 48 melius,
768 1467 120 48 est
819 1467 86 48 ad-

85 1505 183 51 nnendum,
222 1505 122 51 quod
298 1505 92 51 Iy
344 1505 153 51 melius
451 1505 153 51 potest
558 1505 153 51 accipi
665 1505 229 51 dupliciter.
833 1505 76 51 Est

80 1543 114 56 tum
145 1543 163 56 quidam
259 1543 146 56 modus
356 1543 260 56 aduerbialis:
568 1543 130 56 ille
649 1543 146 56 autem
746 1543 146 56 modus
828 1543 81 56 vel

73 1584 167 60 rripitur
198 1584 83 60 ex
240 1584 125 60 parte
324 1584 195 60 facientis,
477 1584 70 60 &
504 1584 97 60 sic
560 1584 111 60 Deus
630 1584 125 60 nihil
713 1584 139 60 potest
797 1584 111 60 facere

83 1625 139 52 peum,
175 1625 124 52 quam
253 1625 155 52 secit,
361 1625 124 52 quia
438 1625 216 52 quaecumque
608 1625 155 52 secit,
716 1625 155 52 semper
809 1625 93 52 feci

64 1664 179 50 srindum
194 1664 212 50 bonitatem
357 1664 228 50 voluntatis
536 1664 147 50 suae,
634 1664 81 50 &
667 1664 196 50 secundum
797 1664 114 50 dicta

65 1713 225 42 nensamentie
245 1713 135 42 suae,
335 1713 105 42 qui
395 1713 135 42 modus
485 1713 195 42 meliorari
634 1713 105 42 non
694 1713 165 42 potest,
799 1713 105 42 sicut

72 1744 90 49 ne
117 1744 180 49 Ponitas,
252 1744 75 49 &
282 1744 195 49 sapientia
433 1744 105 49 Dei
493 1744 180 49 poterunt
628 1744 211 49 meliorari,
794 1744 105 49 vel
839 1744 75 49 il-

66 1792 99 41 lm,
123 1792 99 41 dus
179 1792 199 41 attenditur
336 1792 85 41 ex
378 1792 128 41 parte
464 1792 142 41 facti,
563 1792 71 41 &
591 1792 99 41 sic
648 1792 99 41 est
705 1792 156 41 sensus,
805 1792 99 41 vtrum

72 1830 148 41 vmntae
176 1830 148 41 diuina
279 1830 192 41 vniuersum
427 1830 192 41 potuerit,
574 1830 103 41 vel
633 1830 148 41 possit
737 1830 148 41 capere
825 1830 74 41 non

70 1860 105 50 ru,
130 1860 75 50 &
160 1860 209 50 perfectius
324 1860 135 50 esse,
414 1860 120 50 quam
489 1860 150 50 cepit.
594 1860 90 50 Et
639 1860 105 50 sub
699 1860 105 50 hoc
758 1860 135 50 sensu
833 1860 75 50 tra

63 1902 109 57 ci
117 1902 163 57 illum
226 1902 235 57 articulum
407 1902 145 57 pono
498 1902 145 57 tres
588 1902 308 57 conclusiones,
824 1902 72 57 iu

70 1933 142 58 rtati,
169 1933 114 58 quae
240 1933 85 58 in
283 1933 170 58 vniuerso
411 1933 199 58 conspicio,
567 1933 170 58 scilicet
695 1933 142 58 finem,
780 1933 128 58 partes;

54 1986 87 52 &
71 1986 174 52 ordinem.

95 2013 145 59 Frima
192 2013 210 59 conclusio
353 2013 129 59 est,
434 2013 129 59 quod
515 2013 178 59 ratione
644 2013 145 59 finis
724 2013 178 59 vniuersun

69 2058 174 51 enpotuit
200 2058 131 51 fieri
287 2058 160 51 melius,
403 2058 189 51 nobilius,
549 2058 102 51 sen
592 2058 189 51 perfectius.

98 2096 132 49 1Quia
186 2096 147 49 illud,
289 2096 132 49 cuius
377 2096 132 49 finis
465 2096 103 49 est
524 2096 249 49 nobilissimus,
729 2096 176 49 optimus,
846 2096 59 49 &u

89 2137 111 46 ner
152 2137 158 46 limus,
263 2137 111 46 hoc
326 2137 111 46 non
389 2137 158 46 potest
500 2137 205 46 meliorari
658 2137 95 46 ex
706 2137 142 46 parte
785 2137 126 46 finis;

87 2181 176 45 poerium
215 2181 112 45 est
279 2181 225 45 huiusmodi,
456 2181 128 45 ergo
536 2181 112 45 &c.
600 2181 144 45 Maior
696 2181 160 45 patet.
793 2181 112 45 Mino-

124 2219 125 46 etur,
207 2219 111 46 quia
277 2219 111 46 Deus
346 2219 97 46 est
401 2219 125 46 finis
484 2219 139 46 totius
581 2219 180 46 vniuersi,
720 2219 83 46 vt
762 2219 139 46 patet.
845 2219 69 46 12.

77 2258 189 46 Tophysic
219 2258 79 46 &
251 2258 126 46 Deus
330 2258 268 46 nobilissimus.
551 2258 126 46 Ipse
630 2258 142 46 enini
725 2258 111 46 est
772 2258 142 46 nobilis

60 2288 102 55 ene
118 2288 145 55 totius
219 2288 232 55 nobilitatis,
408 2288 87 55 vt
451 2288 160 55 dicitur
567 2288 87 55 in
611 2288 131 55 eadem
698 2288 102 55 12.
756 2288 116 55 Ipse
814 2288 102 55 etiam

55 2326 184 55 epomus,
189 2326 151 55 quuia
290 2326 134 55 ipse
373 2326 117 55 est
440 2326 167 55 summum
557 2326 167 55 bonum,
675 2326 84 55 &
708 2326 184 55 vltimus
825 2326 84 55 fi

69 2374 118 48 Ieo
136 2374 101 48 de
187 2374 135 48 ipso
271 2374 185 48 dicitur
406 2374 185 48 ibidem.
541 2374 152 48 Mouet
642 2374 152 48 autem
743 2374 101 48 vt
776 2374 135 48 deside

52 2405 136 53 Ttum
137 2405 85 53 A
171 2405 188 53 amatum.
308 2405 136 53 Ipse
393 2405 154 53 etiam
496 2405 136 53 Deus
581 2405 119 53 est
632 2405 273 53 perfectissimus

59 2444 113 63 ber
123 2444 161 63 patets
236 2444 161 63 metaph
348 2444 129 63 ipse
429 2444 145 63 habet
525 2444 96 63 in
573 2444 96 63 se
622 2444 273 63 vniuersaliter
831 2444 80 63 per

49 2493 131 46 cti
124 2493 150 46 ones
218 2493 188 46 omnium
331 2493 169 46 gentrum

96 2519 229 70 Praeterea,
276 2519 147 70 sicut
374 2519 213 70 exercitus
538 2519 213 70 ordinatus
702 2519 213 70 immediate
849 2519 66 70 ad

82 2563 232 60 reratorem,
265 2563 116 60 seu
331 2563 100 60 ad
381 2563 166 60 summum
497 2563 216 60 principem
663 2563 116 60 non
729 2563 166 60 potest
829 2563 83 60 me-

71 2599 147 56 Stari
168 2599 179 56 quantum
299 2599 98 56 ad
348 2599 163 56 ducem,
462 2599 114 56 sic
527 2599 228 56 vniuersum,
706 2599 114 56 cum
755 2599 163 56 immedia-

51 2640 214 52 udimexur
212 2640 107 52 ad
266 2640 197 52 vltimum
409 2640 179 52 finem,
534 2640 125 52 non
605 2640 179 52 potest
712 2640 197 52 meliorari

53 2686 80 58 e
85 2686 96 58 ad
133 2686 160 58 finem,
245 2686 112 58 seu
309 2686 176 58 ratione
421 2686 128 58 finis.

83 2716 182 58 cecunda
216 2716 232 58 conclusio,
398 2716 132 58 quod
481 2716 215 58 vniuersum
646 2716 166 58 potest
745 2716 166 58 meliorat

75 2755 112 59 ane
139 2755 175 59 partium
266 2755 191 59 bonitate
410 2755 255 59 accidentali,
617 2755 80 59 &
649 2755 112 59 non
713 2755 191 59 bonitate
840 2755 64 59 es

62 2797 103 54 em
113 2797 137 54 quia
199 2797 137 54 illo
284 2797 154 54 modo,
387 2797 120 54 quo
455 2797 205 54 partibus
609 2797 205 54 vniuersi
746 2797 171 54 competit

67 2838 184 53 Etoame,
201 2838 100 53 eo
251 2838 134 53 modo
335 2838 151 53 ctiam
436 2838 201 53 competit
586 2838 134 53 toti
670 2838 218 53 vniuerso,
837 2838 117 53 sed

96 2877 152 54 edem
191 2877 266 54 manentibus
400 2877 247 54 conuenit.
589 2877 266 54 melioratio
779 2877 133 54 quan-

86 2926 85 45 a
120 2926 222 45 bonitatem
291 2926 290 45 accidentalem,
530 2926 85 45 &
564 2926 119 45 non
632 2926 273 45 essentialem:
837 2926 68 45 er

95 2954 107 55 Ne.
156 2954 138 55 Naior
248 2954 153 55 patet:
355 2954 122 55 quia
431 2954 138 55 sicut
523 2954 168 55 entitas
646 2954 153 55 totius
753 2954 168 55 constat
860 2954 61 55 ex

108 2999 121 53 tatm
183 2999 181 53 rortium,
319 2999 106 53 sic
380 2999 166 53 bonitas
500 2999 151 53 totius
606 2999 91 53 ex
651 2999 181 53 bonitate
772 2999 136 53 partium

132 3032 142 58 Tratet
231 3032 85 58 ex
274 3032 142 58 dictis
374 3032 85 58 in
416 3032 171 58 articulo
544 3032 128 58 primo
630 3032 142 58 istius
715 3032 199 58 conclusibis.

103 3074 113 69 Tom
167 3074 258 69 tenclusionem
377 3074 194 69 Doctores
523 3074 145 69 satis
619 3074 242 69 concorditer
797 3074 113 69 tenet

944 232 174 68 posito,
1071 232 127 68 quod
1150 232 142 68 omnes
1245 232 158 68 partes
1355 232 190 68 vniuersi
1498 232 253 68 meliorentur.
1703 232 111 68 Sed
1751 232 63 68 fi

942 297 174 39 aliquae
1069 297 158 39 partes
1180 297 285 39 meliorarentur,
1418 297 79 39 &
1449 297 111 39 non
1513 297 158 39 omnes:
1624 297 127 39 tunc
1687 297 111 39 dicum

934 330 159 42 aliqui
1045 330 207 42 Doctores,
1204 330 127 42 quod
1284 330 95 42 ex
1331 330 111 42 hoc
1395 330 143 42 totum
1490 330 207 42 vniuersum
1649 330 111 42 non
1697 330 111 42 esfi-

946 370 164 49 ceretur
1065 370 164 49 melius:
1184 370 119 49 quia
1259 370 209 49 tolleretur
1423 370 194 49 proportio
1572 370 179 49 ordinis,
1706 370 74 49 &
1721 370 74 49 ide

936 408 181 47 quamuis
1067 408 214 47 augeretur
1232 408 148 47 bonum
1331 408 181 47 partis,
1463 408 148 47 tamen
1561 408 231 47 minuerctur
1726 408 66 47 bo

937 445 106 50 num
997 445 151 50 totius
1088 445 241 50 vniuersitatis.

975 486 108 51 Sed
1036 486 139 51 illud
1129 486 108 51 non
1175 486 123 51 valet.

944 533 82 45 1
976 533 131 45 Quia
1058 533 98 45 ex
1107 533 114 45 hoc
1172 533 147 45 dicto
1270 533 245 45 sequeretur,
1466 533 131 45 quod
1548 533 98 45 ex
1597 533 180 45 Christi
1711 533 82 45 in-

936 568 222 46 carnatione
1111 568 143 46 bonum
1206 568 159 46 totius
1317 568 191 46 vniuersi
1460 568 175 46 fuisset
1587 568 222 46 diminutum,
1746 568 48 46 &

940 602 113 41 ordo
1010 602 169 41 vniuersi
1137 602 155 41 fuisset
1249 602 225 41 interruptus,
1432 602 70 41 &
1460 602 225 41 deordinatus:
1643 602 127 41 illud
1714 602 84 41 com-

935 643 173 44 sequens
1061 643 110 44 est
1124 643 142 44 valde
1219 643 189 44 horridum
1361 643 95 44 in
1408 643 173 44 auribus
1534 643 205 44 fidelium.
1676 643 126 44 Conse-

939 683 171 51 quentia
1064 683 155 51 patet,
1172 683 124 51 quia
1250 683 93 51 ex
1296 683 124 51 illa
1374 683 248 51 incarnatione
1576 683 155 51 natura
1669 683 124 51 humana

935 721 189 43 maximam
1072 721 223 43 consecuta
1244 721 120 43 est
1312 721 240 43 dignitatem
1501 721 86 43 &
1518 721 275 43 meliorationem,

935 759 138 56 licet
1027 759 138 56 omnes
1119 759 154 56 partes
1227 759 185 56 vniuersi
1365 759 92 56 ex
1411 759 108 56 hoc
1473 759 108 56 non
1535 759 169 56 fuerint
1642 759 154 56 meliora-

938 798 126 54 tae:
1017 798 126 54 quia
1096 798 158 54 natura
1207 798 221 54 damnatorum
1381 798 206 54 spirituum
1539 798 158 54 nullam
1634 798 158 54 dignita-

935 839 127 38 tem,
1014 839 111 38 vel
1078 839 270 38 meliorationem
1300 839 95 38 ex
1348 839 111 38 hoc
1411 839 111 38 est
1475 839 222 38 consecuta,
1649 839 127 38 ergo
1713 839 79 38 &c.

949 877 79 44 2
981 877 220 44 Praeterea,
1154 877 126 44 post
1233 877 126 44 diem
1311 877 173 44 iudicij
1437 877 110 44 sol
1500 877 79 44 &
1531 877 126 44 luna
1594 877 205 44 meliorabun-

940 917 113 51 tur:
1010 917 113 51 quia
1081 917 127 51 sicut
1166 917 127 51 dicit
1250 917 127 51 lsai,
1335 917 113 51 tunc
1406 917 127 51 lumen
1490 917 127 51 lunae
1575 917 113 51 erit
1646 917 127 51 sicut
1716 917 85 51 nunc

939 953 140 43 lumen
1033 953 155 43 solis,
1141 953 78 43 &
1172 953 140 43 lumen
1265 953 140 43 solis
1358 953 295 43 semptempliciter
1607 953 140 43 sicut
1684 953 109 43 lumen

935 993 160 51 septem
1047 993 176 51 dierum.
1176 993 160 51 Multae
1288 993 144 51 autem
1384 993 160 51 partes
1496 993 192 51 vniuersi
1641 993 112 51 non
1689 993 112 51 erunt

940 1037 208 38 melioratae:
1106 1037 125 38 sicut
1189 1037 125 38 patet
1272 1037 83 38 de
1314 1037 166 38 bestijs,
1438 1037 180 38 piscibus,
1577 1037 69 38 &
1604 1037 166 38 plantis,
1715 1037 83 38 quae

937 1072 277 40 corrumpentur,
1165 1072 81 40 &
1197 1072 146 40 tamen
1295 1072 130 40 ordo
1376 1072 195 40 vniuersi
1522 1072 130 40 tunc
1604 1072 114 40 non
1653 1072 146 40 mutabi-

938 1110 101 52 tur
995 1110 86 52 in
1038 1110 144 52 peius,
1139 1110 101 52 sed
1197 1110 86 52 in
1225 1110 130 52 melius.

946 1150 162 44 Tertia
1059 1150 210 44 conclusio
1221 1150 129 44 est,
1302 1150 129 44 quod
1383 1150 113 44 non
1447 1150 178 44 mutatis
1577 1150 194 44 partibus
1706 1150 97 44 vni-

933 1192 167 48 uersi,
1050 1192 134 48 tunc
1134 1192 217 48 vniuersum
1301 1192 184 48 quantum
1435 1192 100 48 ad
1485 1192 184 48 ordinem
1619 1192 117 48 non
1669 1192 117 48 potes

929 1235 209 45 meliorari:
1093 1235 119 45 quia
1168 1235 134 45 Deus,
1258 1235 105 45 qui
1317 1235 105 45 est
1377 1235 149 45 omnium
1481 1235 164 45 artifex
1586 1235 209 45 perfectissi-

935 1273 96 43 ma
983 1273 112 43 sua
1047 1273 207 43 sapientia
1206 1273 159 43 partes
1318 1273 191 43 vniuersi
1461 1273 191 43 secundum
1605 1273 207 43 naturarum
1748 1273 48 43 &

948 1307 244 50 perfectionum
1146 1307 153 50 suarum
1253 1307 214 50 exigentiam
1421 1307 198 50 disposuit
1573 1307 76 50 &
1604 1307 214 50 ordinauit,

940 1344 121 51 ergo
1015 1344 106 51 non
1076 1344 166 51 mutatis
1196 1344 181 51 partibus
1332 1344 196 51 vniuersi,
1483 1344 106 51 non
1543 1344 181 51 videtur,
1678 1344 121 51 quod
1739 1344 60 51 or

939 1385 88 40 do
983 1385 177 40 vniuersi
1116 1385 147 40 possit
1219 1385 206 40 meliorari,
1381 1385 103 40 sed
1440 1385 162 40 mutatis
1558 1385 177 40 partibus
1691 1385 88 40 in
1720 1385 74 40 me-

932 1424 122 42 lius
1008 1424 182 42 videtur,
1145 1424 122 42 quod
1221 1424 137 42 etiam
1312 1424 167 42 bonitas
1433 1424 182 42 originis
1570 1424 198 42 augeatur:
1707 1424 91 42 quia

931 1467 132 45 sicut
1019 1467 206 45 melioratis
1181 1467 147 45 cordis
1284 1467 88 45 in
1328 1467 176 45 cvthara,
1460 1467 162 45 dulcior
1578 1467 176 45 resultat
1695 1467 103 45 melo-

933 1504 117 50 dia:
1006 1504 102 50 sic
1065 1504 205 50 melioratis
1226 1504 175 50 singulis
1357 1504 190 50 partibus,
1504 1504 117 50 tunc
1577 1504 88 50 in
1621 1504 117 50 ipso
1679 1504 117 50 ordine

941 1540 200 48 resultante
1098 1540 143 48 diuina
1198 1540 157 48 bonitas
1312 1540 200 48 perfectius
1454 1540 186 48 illucescit.

1013 1622 673 84 ARTICVLVS
1479 1622 207 84 II

967 1697 149 82 Vtrum
1067 1697 132 82 Deus
1149 1697 165 82 possit
1265 1697 165 82 facere
1381 1697 149 82 aliud
1480 1697 165 82 vniuer
1596 1697 116 82 sum
1646 1697 99 82 illo

1178 1770 148 58 vnui
1270 1770 148 58 erso
1344 1770 184 58 manente.

951 1853 228 66 SVANTVM
1117 1853 124 66 ad
1179 1853 228 66 quartum
1345 1853 290 66 articulum,
1573 1853 187 66 vtrum
1677 1853 124 66 Deus

940 1892 86 42 A
974 1892 172 42 possit
1095 1892 172 42 sacere
1216 1892 155 42 aliud
1319 1892 224 42 vniuersum
1492 1892 138 42 illo
1578 1892 207 42 vniuerso
1716 1892 86 42 ma-

938 1933 158 52 nente:
1049 1933 111 52 Est
1112 1933 206 52 notandum,
1271 1933 127 52 quod
1350 1933 206 52 vniuersum
1509 1933 158 52 potest
1604 1933 190 52 dupliciter

941 1975 270 48 considerari.
1161 1975 118 48 Vno
1228 1975 135 48 modo
1313 1975 186 48 quantum
1448 1975 101 48 ad
1499 1975 203 48 rationem
1634 1975 169 48 nominis;

928 2014 124 48 Alio
1006 2014 124 48 modo
1084 2014 155 48 quatum
1193 2014 93 48 ad
1239 2014 233 48 realitatem,
1426 2014 109 48 vel
1488 2014 233 48 realitates,
1659 2014 140 48 expres-

944 2050 119 41 am,
1012 2050 119 41 vel
1080 2050 221 41 expressas
1250 2050 170 41 nomine
1352 2050 187 41 vniuersi.

978 2087 93 45 Si
1024 2087 140 45 primo
1117 2087 124 45 modo
1195 2087 202 45 accipitur
1350 2087 217 45 vniuersum,
1520 2087 124 45 tunc
1598 2087 140 45 nulla
1675 2087 124 45 virtu-

946 2125 86 47 te
989 2125 143 47 posset
1089 2125 129 47 fieri
1174 2125 129 47 aliud
1260 2125 186 47 vniuersum
1403 2125 114 47 illo
1474 2125 171 47 vniuerso
1603 2125 171 47 manente:
1717 2125 86 47 quia

944 2178 109 37 cum
1007 2178 203 37 vniuersum
1163 2178 172 37 dicatur
1287 2178 94 37 ab
1334 2178 187 37 vnitate,
1475 2178 172 37 dicitur
1599 2178 125 37 enim
1662 2178 140 37 vniuer-

930 2206 116 47 sum
997 2206 149 47 quasi
1096 2206 132 47 vnum
1179 2206 182 47 versum,
1311 2206 99 47 eo
1361 2206 132 47 quod
1444 2206 265 47 philosophice
1642 2206 166 47 loquendo

939 2245 145 52 omnia
1036 2245 226 52 claudantur
1213 2245 113 52 sub
1277 2245 113 52 vno
1342 2245 145 52 primo
1438 2245 177 52 mobili,
1567 2245 129 52 quod
1632 2245 161 52 vertitur

939 2282 76 45 &
969 2282 168 45 mouetur
1092 2282 92 45 ab
1137 2282 107 45 vno
1199 2282 138 45 primo
1290 2282 168 45 motore,
1413 2282 153 45 igitur
1520 2282 92 45 si
1550 2282 245 45 plurificaretur

929 2323 107 51 iam
990 2323 107 51 non
1051 2323 137 51 esset
1142 2323 214 51 vniuersum,
1310 2323 107 51 sed
1371 2323 153 51 potius
1478 2323 244 51 pluriuersum,
1676 2323 92 51 eo
1707 2323 92 51 quod

948 2362 134 44 plura
1037 2362 148 44 essent
1141 2362 163 44 mobilia
1260 2362 148 44 prima,
1364 2362 119 44 quae
1438 2362 74 44 a
1468 2362 178 44 pluribus
1601 2362 148 44 primis
1690 2362 104 44 moton

941 2402 102 45 bus
1000 2402 233 45 verterentur,
1189 2402 73 45 &
1218 2402 219 45 mouerentur:
1393 2402 73 45 &
1422 2402 102 45 sic
1480 2402 131 45 esset
1568 2402 189 45 vniuersum
1714 2402 73 45 &
1728 2402 73 45 non

942 2438 144 52 esset
1038 2438 224 52 vniuersum,
1214 2438 128 52 quod
1294 2438 112 52 est
1358 2438 224 52 implicatio
1518 2438 288 52 contradictionis.

946 2488 105 39 Si
998 2488 157 39 autem
1102 2488 209 39 loquimur
1259 2488 105 39 de
1311 2488 209 39 vniuerso
1468 2488 192 39 quantum
1607 2488 105 39 ad
1660 2488 122 39 res
1712 2488 87 39 ex-

945 2517 168 51 pressas
1067 2517 153 51 nomine
1174 2517 199 51 vniuersi,
1327 2517 122 51 tunc
1403 2517 137 51 teneo
1495 2517 244 51 conclusionem
1678 2517 122 51 affir-

949 2557 182 51 matiuam,
1085 2557 182 51 scilicet
1221 2557 121 51 quod
1297 2557 121 51 Deus
1372 2557 151 51 potest
1478 2557 151 51 facene
1584 2557 136 51 aliud
1660 2557 136 51 vniuer-

939 2596 106 45 sum
999 2596 121 45 illo
1075 2596 181 45 vniuerso
1210 2596 181 45 manente,
1346 2596 75 45 &
1376 2596 121 45 hoc,
1451 2596 106 45 vel
1512 2596 151 45 simile
1617 2596 121 45 huic
1677 2596 121 45 vniuer

947 2637 98 41 so,
1003 2637 98 41 vel
1059 2637 168 41 nobilius
1186 2637 126 41 illo.
1270 2637 182 41 Similiter
1410 2637 84 41 si
1452 2637 84 41 ex
1494 2637 225 41 consimilibus
1663 2637 140 41 partibus

942 2673 148 49 istius
1046 2673 177 49 vniuersi
1179 2673 148 49 illitd
1282 2673 133 49 aliud
1371 2673 192 49 vniuersum
1518 2673 236 49 constitueret
1696 2673 103 49 nobi-

935 2712 135 54 lius,
1025 2712 90 54 si
1070 2712 90 54 ex
1114 2712 239 54 nobilioribus
1309 2712 179 54 partibus
1443 2712 135 54 ipsum
1533 2712 194 54 vniuersum
1667 2712 135 54 consti-

944 2759 171 40 tueret,
1069 2759 93 40 Et
1116 2759 125 40 hanc
1194 2759 140 40 probo
1287 2759 125 40 sic.
1365 2759 125 40 Quia
1443 2759 140 40 causa
1536 2759 156 40 potens
1630 2759 171 40 producere

950 2797 138 40 omnes
1042 2797 154 40 partes
1149 2797 184 40 alicuius
1288 2797 154 40 totius
1395 2797 108 40 cum
1457 2797 154 40 debito
1564 2797 154 40 ordine
1672 2797 92 40 ad
1703 2797 92 40 con-

942 2829 216 47 stituendum
1111 2829 139 47 ipsum
1204 2829 154 47 totum,
1312 2829 154 47 partes
1420 2829 154 47 inquam
1527 2829 139 47 aeque
1620 2829 216 47 perfectas,

948 2869 124 51 sicut
1031 2869 151 51 habitae
1141 2869 110 51 sunt
1210 2869 83 51 in
1251 2869 179 51 consimili
1389 2869 124 51 toto,
1472 2869 96 51 vel
1527 2869 234 51 perfectiores,
1706 2869 96 51 talis

952 2911 140 48 causa
1046 2911 156 48 potest
1155 2911 203 48 producere
1311 2911 203 48 huiusmodi
1467 2911 140 48 totum
1561 2911 140 48 aeque
1639 2911 156 48 perfecte

952 2947 135 50 sicut
1042 2947 179 50 hactenus
1176 2947 105 50 est
1236 2947 209 50 productum,
1400 2947 105 50 vel
1460 2947 224 50 perfectiori
1640 2947 135 50 modo,
1729 2947 105 50 sed

952 2987 125 47 Deus
1030 2987 140 47 omnes
1124 2987 156 47 partes
1233 2987 93 47 ad
1279 2987 202 47 vniuersum
1435 2987 218 47 requisitas
1606 2987 156 47 potest
1700 2987 93 47 pro-

946 3024 169 48 ducere
1065 3024 118 48 non
1132 3024 152 48 solum
1234 3024 152 48 aeque
1335 3024 220 48 perfecte,
1504 3024 152 48 verum
1606 3024 152 48 etiam
1691 3024 118 48 magis

958 3062 133 62 perse
1047 3062 118 62 cte,
1121 3062 118 62 quam
1194 3062 177 62 hactenus
1327 3062 118 62 sint
1401 3062 192 62 productae
1548 3062 103 62 cum
1607 3062 148 62 debito
1696 3062 103 62 ordi
