2374 3522
556 236 538 79 RESOLVTI
915 236 179 79 O.

399 332 166 76 Voluntas
524 332 83 76 in
565 332 152 76 diuinis
676 332 97 76 non
732 332 125 76 lolum
815 332 222 76 virtualiter,
995 332 194 76 verumetiam
1133 332 139 76 formali-

445 379 97 69 ter
500 379 152 69 ponenda
611 379 111 69 ert:
680 379 97 69 cum
736 379 83 69 si
777 379 124 69 causa
860 379 207 69 cuiuscimque
1026 379 180 69 creaturae
1151 379 124 69 immedit

447 423 85 57 ta,
496 423 122 57 facile
581 423 183 57 colligitur,
727 423 110 57 malum
800 423 122 57 culpae
886 423 73 57 ab
922 423 98 57 ipsa
983 423 85 57 non
1032 423 171 57 procedere,
1166 423 110 57 licet
1227 423 49 57 mo

445 463 92 68 lum
497 463 131 68 peenae
589 463 66 68 a
615 463 131 68 diuina
707 463 170 68 voluntate
838 463 118 68 iuste
904 463 170 68 infligatur.

465 574 674 96 ARTICVLVSI

576 687 166 64 Vtrum
686 687 110 64 in
741 687 184 64 duinis
870 687 129 64 sit
925 687 184 64 voluntas

445 816 187 95 VANTVM
576 816 112 95 ad
632 816 187 95 primum
763 816 261 95 articulum,
968 816 168 95 utrum
1080 816 112 95 in
1117 816 168 95 diuinis

449 868 105 72 sit
509 868 195 72 voluntas,
658 868 135 72 dico,
748 868 150 72 quoed.
853 868 180 72 voluntas
988 868 105 72 non
1048 868 135 72 solum
1122 868 165 72 virtuali-

418 909 127 66 ter,
497 909 222 66 verumetiam
671 909 222 66 formaliter
845 909 174 66 ponenda
972 909 111 66 est
1035 909 95 66 in
1067 909 95 66 Deo.

509 923 117 88 Quia
583 923 147 88 illud,
685 923 117 88 quod
759 923 132 88 dicit
847 923 235 88 perfectionem
1037 923 235 88 simpliciter,
1213 923 59 88 fo

423 986 157 69 maliter
537 986 100 69 est
594 986 86 69 in
637 986 114 69 Deo,
708 986 86 69 vt
751 986 186 69 testantur
894 986 129 69 omnes
980 986 143 69 sancti
1080 986 186 69 doctores,
1209 986 71 69 sed

419 1034 179 58 voluntas
553 1034 134 58 dicit
642 1034 238 58 perfectionem
836 1034 238 58 simpliciter:
1029 1034 119 58 quia
1103 1034 104 58 cum
1163 1034 104 58 sit
1208 1034 74 58 po-

414 1061 145 73 tentia
515 1061 246 73 essentialiter
718 1061 159 73 libera,
834 1061 87 73 in
877 1061 188 73 quocunque
1022 1061 203 73 reperitur,
1167 1061 116 73 melius

420 1107 106 66 est
480 1107 151 66 ipsum,
586 1107 121 66 quam
661 1107 106 66 non
722 1107 151 66 ipsum,
827 1107 121 66 siue
903 1107 136 66 ipsum
993 1107 211 66 perfectius
1144 1107 136 66 inueni-

425 1143 121 71 tur,
500 1143 181 71 haeciest
636 1143 121 71 enim
712 1143 181 71 conditio
848 1143 242 71 perfectionis
1044 1143 181 71 secundum
1165 1143 106 71 Ansel

430 1183 78 69 2
462 1183 219 69 Praeterea,
633 1183 141 69 sicut
727 1183 234 69 cognitionem
915 1183 219 69 sensitiuam
1087 1183 187 69 sequitur
1212 1183 62 69 al

420 1223 167 71 petitus
541 1223 228 71 sensitiuus,
724 1223 106 71 sic
785 1223 228 71 cognitionem
967 1223 258 71 intellectiuam
1165 1223 106 71 sequi

417 1268 103 54 tur
476 1268 191 54 appetitus
623 1268 264 54 intellectiuus,
843 1268 117 54 siue
916 1268 191 54 voluntas,
1063 1268 103 54 sed
1122 1268 117 54 Deus
1180 1268 103 54 habet

415 1307 242 63 cognitionem
608 1307 290 63 intellectiuam,
850 1307 129 63 ergo
914 1307 81 63 &c.

427 1314 78 94 3
459 1314 217 94 Praeterea,
629 1314 202 94 vbicunque
784 1314 202 94 reperitur
940 1314 217 94 delectatio
1110 1314 109 94 cum
1157 1314 124 94 liber-

425 1378 139 68 tate,
517 1378 108 68 ibi
579 1378 123 68 vere
656 1378 200 68 reperitur
810 1378 200 68 voluntas:
964 1378 169 68 Quamuis
1087 1378 123 68 enim
1148 1378 139 68 bestiae

426 1420 241 68 delectentur,
621 1420 120 68 quia
697 1420 135 68 tamen
787 1420 135 68 magis
877 1420 180 68 ducuntur
1012 1420 120 68 suis
1088 1420 226 68 delectatio¬

421 1464 164 50 nibus,
535 1464 131 50 quam
617 1464 114 50 eas
682 1464 180 50 ducant,
813 1464 82 50 &
846 1464 147 50 magis
944 1464 196 50 aguntur,
1091 1464 131 50 quam
1157 1464 114 50 agant

429 1500 115 57 ideo
500 1500 172 57 carentes
630 1500 187 57 libertate
773 1500 101 57 non
831 1500 115 57 sunt
903 1500 144 57 domini
1003 1500 101 57 sui
1061 1500 144 57 actus,
1161 1500 101 57 nec
1204 1500 72 57 pe-

419 1533 235 62 consequens
604 1533 168 62 habent
721 1533 252 62 uoluntatem:
923 1533 117 62 sed
990 1533 117 62 Deo
1057 1533 201 62 conuenit
1191 1533 84 62 sum

429 1574 88 57 me
473 1574 191 57 delectari
620 1574 103 57 cum
679 1574 220 57 libertate,;
855 1574 103 57 cum
914 1574 117 57 enim
987 1574 191 57 delectari
1134 1574 132 57 magis
1208 1574 73 57 con

424 1623 144 54 sistat
525 1623 87 54 in
568 1623 246 54 immobilitate,
770 1623 116 54 quam
843 1623 87 54 in
886 1623 130 54 motu,
973 1623 87 54 vt
1016 1623 159 54 dicitur
1132 1623 87 54 7.
1160 1623 116 54 ethico

422 1654 119 57 rum.
496 1654 134 57 Deus,
586 1654 104 57 qui
645 1654 193 57 immobilis
794 1654 104 57 est
853 1654 104 57 per
913 1654 104 57 se,
972 1654 74 57 &
1002 1654 104 57 per
1061 1654 193 57 accidens,
1210 1654 74 57 &
1225 1654 59 57 ab

427 1693 155 57 intra,
535 1693 93 57 vt
581 1693 139 57 patet
674 1693 93 57 8.
721 1693 217 57 physicorum
891 1693 77 57 &
922 1693 108 57 12.
984 1693 155 57 metaph
1092 1693 170 57 maximas
1201 1693 77 57 ha-

423 1729 104 56 bet
482 1729 251 56 delectationes
689 1729 163 56 Propter
808 1729 118 56 quod
882 1729 163 56 dicitur
1000 1729 89 56 7.
1044 1729 207 56 ethicorum,
1192 1729 89 56 Deus

416 1773 156 65 semper
526 1773 109 65 vna
588 1773 250 65 delectatione
791 1773 172 65 gaudet.
917 1773 94 65 Et
963 1773 109 65 12.
1026 1773 172 65 metaph.
1135 1773 141 65 dicitur

418 1811 125 57 quod
496 1811 234 57 intelligere
684 1811 172 57 diuinum
809 1811 109 57 est
871 1811 141 57 valde
965 1811 250 57 voluptuosum:
1168 1811 78 57 &
1183 1811 94 57 ideo

427 1846 135 59 Deus
511 1846 286 59 persectissime
747 1846 152 59 habet
848 1846 253 59 voluntatem,
1050 1846 202 59 secundum
1185 1846 101 59 Dama

420 1888 122 62 lib.
496 1888 92 62 3.
542 1888 168 62 Angelis
665 1888 138 62 autem
756 1888 77 62 &
787 1888 199 62 hominibus
940 1888 184 62 conuenit
1078 1888 199 62 voluntas,
1216 1888 61 62 si

419 1931 158 58 cundum
530 1931 127 58 quod
609 1931 127 58 sunt
688 1931 142 58 imago
783 1931 174 58 diuinae
910 1931 190 58 naturae,
1052 1931 127 58 quae
1132 1931 111 58 est
1179 1931 95 58 volu

424 1983 227 57 ptuosissima
605 1983 76 57 &
635 1983 181 57 arbitrio
756 1983 121 57 libera

434 2004 74 59 4
464 2004 208 59 Praeterea,
627 2004 149 59 illud,
731 2004 119 59 quod
806 2004 104 59 est
865 2004 89 59 de
910 2004 223 59 integritate
1088 2004 74 59 &
1103 2004 178 59 perfectio-

417 2048 89 58 ne
462 2048 268 58 intellectualis
685 2048 179 58 naturae,
819 2048 119 58 vere
893 2048 193 58 reperitur
1042 2048 89 58 in
1087 2048 119 58 Deo;
1146 2048 149 58 voluntas

427 2100 104 41 est
486 2100 207 41 huiusmodi.
649 2100 133 41 Maior
738 2100 148 41 patet:
841 2100 118 41 quia
915 2100 148 41 natura
1019 2100 148 41 diuina
1122 2100 104 41 est
1167 2100 118 41 perfe-

421 2123 187 63 ctissime
562 2123 297 63 intellectualis.
812 2123 172 63 Minorem
937 2123 156 63 probo:
1046 2123 125 63 quia
1124 2123 109 63 non
1171 2123 109 63 minus

423 2169 184 55 voluntas,
564 2169 113 55 quae
635 2169 99 55 est
691 2169 184 55 appetitus
833 2169 240 55 intellectiuus
1031 2169 99 55 est
1087 2169 85 55 de
1116 2169 155 55 integrita

427 2197 86 61 te
470 2197 259 61 intellectualis
686 2197 173 61 naturae,
816 2197 115 61 quam
888 2197 187 61 appetitus
1032 2197 187 61 naturalis
1176 2197 101 61 sit
1219 2197 58 61 de

427 2239 216 59 integritate
599 2239 158 59 naturae
715 2239 202 59 cognitione
873 2239 187 59 carentis,
1017 2239 101 59 uel
1074 2239 187 59 appetitus
1204 2239 72 59 sen

421 2280 153 57 sitiuus
532 2280 83 57 de
574 2280 208 57 integritate
740 2280 153 57 naturae
852 2280 208 57 sensitiuae,
1018 2280 97 57 sed
1074 2280 97 57 non
1129 2280 125 57 esset
1199 2280 83 57 per-

419 2318 136 62 fecte
510 2318 151 62 graue,
615 2318 121 62 quod
691 2318 227 62 naturaliter
872 2318 106 62 non
933 2318 196 62 appeteret
1084 2318 121 62 esse
1144 2318 136 62 deorsum

422 2366 102 53 nec
481 2366 131 53 esset
568 2366 174 53 perfecte
699 2366 218 53 sensitiuum,
873 2366 116 53 quod
946 2366 131 53 nihil
1033 2366 87 53 ap
1077 2366 160 53 pateret
1178 2366 102 53 secun

423 2410 107 41 dum
484 2410 168 41 sensum:
606 2410 122 41 ergo
683 2410 107 41 non
744 2410 138 41 esset
836 2410 153 41 natura
943 2410 184 41 perfecte
1066 2410 214 41 intellectua-

418 2441 115 53 lis,
489 2441 115 53 quae
561 2441 158 53 carcret
676 2441 201 53 voluntate,
834 2441 101 53 qua
892 2441 187 53 appetitur
1036 2441 158 53 aliquid
1136 2441 144 53 secundum

420 2486 194 60 notitiam
549 2486 242 60 intellectiuam

455 2515 103 60 Sed
514 2515 133 60 forte
603 2515 177 60 dicetur,
736 2515 118 60 quod
810 2515 89 60 de
854 2515 162 60 ratione
972 2515 207 60 voluntatis
1134 2515 118 60 est,
1193 2515 89 60 quod

412 2561 156 47 moueat
522 2561 140 47 mota,
615 2561 94 47 vt
662 2561 140 47 patet
756 2561 94 47 3.
802 2561 94 47 de
849 2561 156 47 anima:
958 2561 125 47 ipsa
1036 2561 125 47 enim
1114 2561 140 47 prius
1192 2561 94 47 moue

416 2593 107 56 tur
477 2593 76 56 a
507 2593 122 56 bono
583 2593 228 56 appetibili,
766 2593 122 56 quam
842 2593 167 56 aliquid
963 2593 183 56 moueatur
1100 2593 91 56 ab
1146 2593 107 56 ea;
1207 2593 107 56 sed

425 2631 128 57 Deus
505 2631 144 57 omnia
601 2631 160 57 mouet,
713 2631 80 57 &
745 2631 80 57 a
777 2631 144 57 nullo
874 2631 192 57 mouetur,
1018 2631 144 57 luxta
1114 2631 144 57 illud
1194 2631 80 57 boe

422 2677 144 52 thij,
518 2677 176 52 Immotus
646 2677 96 52 in
694 2677 96 52 te
742 2677 160 52 manens
853 2677 112 52 das
917 2677 160 52 cuncta
1013 2677 128 52 moueri

450 2703 207 68 espondeo,
609 2703 127 68 quod
689 2703 127 68 illa
768 2703 143 68 maior
864 2703 111 68 non
927 2703 111 68 est
991 2703 143 68 vera,
1086 2703 127 68 nisi
1166 2703 95 68 de
1197 2703 80 68 tal

453 2757 231 58 voluntate,
635 2757 132 58 quae
718 2757 149 58 mouet
817 2757 182 58 propter
949 2757 182 58 aliquem
1082 2757 149 58 finem
1164 2757 83 58 di-

528 2804 179 49 stinctum
662 2804 74 49 a
692 2804 104 49 se,
751 2804 119 49 sine
826 2804 238 49 extrinsecum:
1019 2804 104 49 sic
1064 2804 104 49 autem

620 2837 104 51 non
680 2837 104 51 est
739 2837 89 51 de
784 2837 119 51 Deo,
859 2837 119 51 ipse
933 2837 134 51 omnia
1008 2837 75 51 mo-

696 2874 103 58 uet
755 2874 103 58 non
814 2874 161 58 propter
916 2874 88 58 ali-

792 2916 119 51 quid
852 2916 74 51 ac-

522 2947 199 55 quirendum
675 2947 123 55 tali
752 2947 138 55 motu,
844 2947 107 55 sed
905 2947 169 55 propter
1028 2947 107 55 sui
1074 2947 92 55 pro-

593 2989 145 61 priam
690 2989 226 61 bonitatem:
867 2989 129 61 ergo
932 2989 177 61 instantia

748 3035 125 58 non
802 3035 143 58 ualet.

1403 219 765 71 ARTICVLVS
1933 219 235 71 IR

1395 313 154 80 Vtrum
1497 313 222 80 voluintas
1668 313 120 80 Dei
1736 313 120 80 sit
1805 313 222 80 immediata
1958 313 120 80 cdusa

1608 394 198 59 creatir
1734 394 126 59 arum.

1317 443 197 81 VANTVM
1455 443 118 81 ad
1514 443 237 81 secundum
1692 443 276 81 articulum,
1909 443 177 81 utrum
2007 443 158 81 uolun-

1347 512 124 57 tas
1418 512 124 57 Dei
1489 512 124 57 sit
1560 512 230 57 immediata
1737 512 159 57 causa
1843 512 283 57 creaturarum,
2056 512 106 57 Ponc

1298 552 129 56 duas
1363 552 243 56 conclusiones.

1345 595 141 40 Prima
1439 595 126 40 est,
1518 595 126 40 quod
1596 595 188 40 uoluntas
1738 595 110 40 Dei
1800 595 110 40 est
1863 595 141 40 causa
1957 595 141 40 omnis
2036 595 141 40 creatu-

1308 624 102 58 re.
1367 624 117 58 Quia
1440 624 175 58 quicquid
1571 624 175 58 procedit
1703 624 88 58 ab
1747 624 146 58 aliquo
1849 624 146 58 agente
1951 624 161 58 libere,
2053 624 117 58 illius

1304 675 140 41 causa
1398 675 109 41 est
1460 675 187 41 uoluntas
1600 675 249 41 producentis,
1803 675 109 41 sed
1865 675 140 41 omnis
1959 675 187 41 creatura
2083 675 78 41 pro

1306 704 174 51 ducitur
1432 704 79 51 a
1464 704 110 51 Deo
1527 704 174 51 libere,
1653 704 126 51 ergo
1732 704 79 51 &
1764 704 174 51 cetera.
1890 704 142 51 Maior
1984 704 158 51 patet:
2079 704 79 51 qui

1308 743 179 57 libertas
1442 743 104 57 est
1502 743 223 57 principalis
1680 743 208 57 proprietas
1844 743 223 57 voluntatis,
2022 743 119 57 ergo
2082 743 89 57 quod

1307 795 182 37 conuenit
1444 795 152 37 alicui
1550 795 152 37 omnino
1656 795 167 37 libere,
1778 795 106 37 hoc
1839 795 167 37 ratione
1960 795 213 37 uoluntatis
2112 795 61 37 vi

1315 823 127 52 detur
1399 823 113 52 sibi
1470 823 197 52 conuenire,
1624 823 127 52 Minor
1709 823 155 52 patebit
1821 823 141 52 infra.
1920 823 84 52 Et
1962 823 113 52 haec
2032 823 98 52 est
2075 823 98 52 inten

1304 864 107 54 tio
1365 864 138 54 Deati
1457 864 122 54 Aug.
1533 864 92 54 ad
1579 864 184 54 Orosium,
1717 864 107 54 vbi
1778 864 122 54 ait,
1855 864 122 54 quod
1931 864 138 54 omnis
2008 864 168 54 creaturae

1305 910 135 42 causa
1395 910 105 42 est
1455 910 180 42 voluntas
1590 910 120 42 Dei.
1665 910 135 42 Patet
1754 910 135 42 etiam
1844 910 120 42 illa
1919 910 195 42 conclusio
2069 910 105 42 hic
2114 910 60 42 in

1318 944 151 55 ittera
1424 944 151 55 multis
1514 944 242 55 auctoritatibus

1319 992 83 43 1
1353 992 149 43 Forte
1452 992 198 43 dicetur,
1601 992 132 43 quod
1683 992 132 43 illa
1766 992 149 43 ratio
1865 992 116 43 non
1931 992 232 43 concludit:
2097 992 99 43 quia

1307 1018 133 59 causa
1396 1018 222 59 contingens,
1574 1018 74 59 &
1603 1018 148 59 libera
1707 1018 104 59 non
1766 1018 148 59 potest
1870 1018 118 59 esse
1944 1018 133 59 causa
2018 1018 148 59 efficien

1312 1058 203 51 necessarij:
1475 1058 108 51 sed,
1542 1058 81 51 vt
1583 1058 122 51 dicit
1664 1058 108 51 illa
1731 1058 135 51 ratio,
1826 1058 108 51 Deus
1893 1058 162 51 produeit
2015 1058 122 51 illas
2082 1058 95 51 crea-

1301 1098 145 53 turas
1397 1098 177 53 libere,
1526 1098 80 53 &
1558 1098 112 53 per
1622 1098 225 53 consequens
1799 1098 273 53 contingenter;
2023 1098 80 53 &
2040 1098 128 53 multos

1314 1139 173 48 effectus
1444 1139 217 48 necessarios
1617 1139 159 48 videmus
1732 1139 87 48 in
1776 1139 202 48 creaturis,
1935 1139 116 48 ergo
2007 1139 87 48 si
2050 1139 116 48 Deus
2108 1139 72 48 est

1311 1184 132 44 causa
1399 1184 161 44 libera,
1517 1184 176 44 sequitur
1649 1184 117 44 quod
1722 1184 103 44 non
1781 1184 103 44 sit
1840 1184 132 44 causa
1928 1184 132 44 omnis
2001 1184 176 44 creaturae:

1312 1231 91 37 ac
1357 1231 137 37 etiam
1448 1231 182 37 voluntas
1585 1231 167 37 diuina,
1706 1231 152 37 cuius,
1813 1231 91 37 vt
1858 1231 152 37 dictum
1965 1231 121 37 est,
2025 1231 152 37 proprie-

1301 1260 107 47 tas
1362 1260 107 47 est
1423 1260 122 47 ipsa
1499 1260 198 47 libertas,
1651 1260 107 47 non
1712 1260 122 47 erit
1788 1260 137 47 causa
1879 1260 137 47 omnis
1970 1260 213 47 creaturae,
2122 1260 46 47 &

1305 1300 105 53 sic
1365 1300 90 53 ex
1410 1300 90 53 vi
1456 1300 211 53 praedictae
1621 1300 181 53 rationis
1757 1300 181 53 sequitur
1893 1300 196 53 oppositum
2028 1300 151 53 intentae

1281 1340 254 53 conclusionis

1323 1381 77 43 2
1353 1381 216 43 Praeterea,
1523 1381 92 43 si
1569 1381 185 43 voluntas
1708 1381 154 43 diuina
1816 1381 108 43 est
1877 1381 139 43 causa
1970 1381 154 43 omnium
2062 1381 108 43 crea-

1305 1414 168 50 turarum,
1431 1414 112 50 tunc
1501 1414 98 50 vel
1557 1414 98 50 est
1613 1414 126 50 causa
1697 1414 210 50 sufficiens,
1865 1414 98 50 uel
1921 1414 238 50 insufficiens.
2103 1414 70 50 Non

1302 1454 219 50 sufficiens:
1478 1454 117 50 quia
1551 1454 146 50 posita
1653 1454 131 50 causa
1741 1454 219 50 sufficiente
1916 1454 146 50 semper
2018 1454 161 50 ponitur
2121 1454 58 50 ef

1311 1492 154 45 fectus,
1423 1492 70 45 &
1451 1492 98 45 sic
1507 1492 84 45 ab
1548 1492 154 45 aeterno
1660 1492 168 45 fuissent
1786 1492 196 45 creaturae:
1940 1492 126 45 sicut
2023 1492 84 45 ab
2051 1492 126 45 aeterno

1309 1533 114 48 fuit
1380 1533 172 48 voluntas
1509 1533 157 48 diuina.
1623 1533 114 48 Item
1695 1533 143 48 posita
1795 1533 129 48 causa
1881 1533 229 48 sufficiente,
2052 1533 129 48 frustra

1320 1575 185 47 poneretur
1462 1575 114 47 alia
1533 1575 142 47 causa,
1633 1575 114 47 ergo
1704 1575 85 47 si
1747 1575 171 47 voluntas
1875 1575 100 47 Dei
1932 1575 128 47 esset
2003 1575 171 47 sufficiens

1310 1619 143 40 causa
1406 1619 159 40 omnium
1517 1619 255 40 creaturarum,
1724 1619 127 40 tunc
1804 1619 143 40 omnes
1899 1619 143 40 aliae
1995 1619 159 40 causae
2090 1619 96 40 fru-

1315 1651 115 50 stra
1387 1651 216 50 ponerentur:
1559 1651 115 50 quia
1631 1651 158 50 penitus
1746 1651 144 50 essent
1847 1651 216 50 superfluae.
2020 1651 101 50 Nec
2063 1651 115 50 potest

1329 1689 103 58 oni
1388 1689 192 58 secundum:
1536 1689 118 58 quia
1609 1689 133 58 nulla
1698 1689 265 58 insufficientia
1919 1689 147 58 potest
2022 1689 118 58 esse
2096 1689 88 58 in
2125 1689 59 58 uo

1314 1729 155 58 untate
1422 1729 170 58 diuina,
1545 1729 124 58 ergo
1607 1729 62 58 &c

1340 1740 93 76 Ad
1387 1740 156 76 primum
1496 1740 202 76 dicendum,
1652 1740 124 76 quod
1729 1740 140 76 licet
1823 1740 156 76 aliqui
1932 1740 187 76 effectus
2072 1740 93 76 in
2103 1740 93 76 crea

1305 1805 137 49 turis
1396 1805 122 49 sint
1473 1805 214 49 necessarii
1640 1805 107 49 per
1701 1805 259 49 comparationem
1915 1805 92 49 ad
1961 1805 153 49 causas
2052 1805 122 49 secun-

1310 1848 122 48 das,
1386 1848 122 48 quae
1462 1848 198 48 huiusmodi
1614 1848 182 48 effectus
1751 1848 106 48 non
1811 1848 167 48 possunt
1933 1848 198 48 impedire,
2070 1848 106 48 tamen

1314 1889 146 46 nullus
1417 1889 176 46 effectus
1549 1889 103 46 est
1607 1889 117 46 adeo
1681 1889 234 46 necessarius,
1871 1889 117 46 quin
1944 1889 103 46 per
1988 1889 176 46 comparatio

1308 1932 111 45 nem
1372 1932 95 45 ad
1419 1932 174 45 diuinam
1546 1932 222 45 voluntatem
1720 1932 111 45 sit
1784 1932 238 45 contingens,
1974 1932 79 45 &
1990 1932 190 45 possibilis

1314 1972 147 47 iliter
1417 1972 88 47 se
1461 1972 162 47 habere,
1579 1972 118 47 quod
1652 1972 118 47 bene
1726 1972 147 47 patuit
1829 1972 162 47 tempore
1946 1972 162 47 losuae,
2049 1972 118 47 quande

1302 2014 199 41 voluntate
1455 2014 153 41 diuina
1562 2014 107 41 sol
1624 2014 153 41 stetit
1731 2014 92 41 in
1777 2014 138 41 medio
1869 2014 138 41 celi,
1961 2014 77 41 &
1992 2014 107 41 non
2038 2014 138 41 moueba-

1308 2055 106 44 tur
1369 2055 106 44 per
1429 2055 167 44 spacium
1551 2055 137 44 vnius
1642 2055 137 44 diei.
1733 2055 152 44 Patuit
1839 2055 121 44 etia
1915 2055 167 44 tempore
2021 2055 152 44 Exechiae

1314 2088 152 50 quando
1420 2088 106 50 sol
1481 2088 228 50 retrocessit
1663 2088 137 50 decem
1754 2088 197 50 gradibus,
1906 2088 76 50 &
1936 2088 91 50 in
1982 2088 152 50 multis
2073 2088 91 50 alii

1308 2119 176 53 exemplis
1440 2119 147 53 sacrae
1543 2119 220 53 scripturae,
1719 2119 117 53 quae
1793 2119 147 53 longum
1895 2119 132 53 nimis
1983 2119 132 53 esset
2057 2119 117 53 enarra

1308 2165 107 44 re.
1369 2165 92 44 Ex
1415 2165 107 44 quo
1476 2165 153 44 patet,
1582 2165 122 44 quod
1659 2165 107 44 non
1720 2165 198 44 obstante,
1872 2165 122 44 quod
1948 2165 122 44 Deus
2025 2165 107 44 sua
2070 2165 107 44 uolum

1309 2201 125 43 tate
1388 2201 172 43 libere,
1513 2201 78 43 &
1544 2201 251 43 contingenter
1748 2201 188 43 producat
1889 2201 141 43 omne,
1983 2201 125 43 quod
2046 2201 125 43 produ-

1307 2240 100 54 cit
1364 2240 86 54 ad
1407 2240 143 54 extra;
1507 2240 129 54 tamen
1593 2240 100 54 sua
1650 2240 143 54 libera
1751 2240 172 54 voluntas
1879 2240 100 54 est
1937 2240 129 54 causa
2023 2240 129 54 omnis
2094 2240 86 54 crea

1314 2289 151 44 turae:
1420 2289 121 44 quia
1495 2289 136 44 omnis
1586 2289 181 44 creatura
1721 2289 106 44 est
1782 2289 211 44 contingens
1948 2289 106 44 per
1993 2289 181 44 comparatio

1313 2317 122 48 nem
1382 2317 104 48 ad
1434 2317 191 48 diuinam
1556 2317 226 48 voluntatem.

1354 2359 87 50 Ad
1397 2359 173 50 secundum
1527 2359 188 50 dicendum,
1671 2359 116 50 quod
1744 2359 173 50 voluntas
1874 2359 144 50 diuina
1975 2359 101 50 est
2033 2359 130 50 causa
2105 2359 72 50 suf

1316 2398 170 56 ficiens.
1444 2398 85 56 Ad
1486 2398 213 56 probationem
1657 2398 142 56 primam
1756 2398 85 56 in
1799 2398 199 56 contrarium
1955 2398 185 56 dicendum,
2083 2398 85 56 quod

1325 2437 128 42 uando
1410 2437 142 42 causa,
1510 2437 114 42 quae
1581 2437 142 42 causat
1680 2437 85 42 ex
1723 2437 213 42 necessitate
1894 2437 171 42 naturae,
2022 2437 100 42 est
2064 2437 114 42 suffi-

1309 2479 151 45 ciens,
1414 2479 121 45 tunc
1490 2479 151 45 posita
1595 2479 136 45 causa
1686 2479 196 45 immediate
1836 2479 166 45 ponitur
1957 2479 196 45 effectus:
2108 2479 105 45 Sed

1320 2516 155 50 quando
1428 2516 139 50 causa
1521 2516 108 50 est
1582 2516 155 50 libera
1691 2516 77 50 &
1722 2516 232 50 voluntaria,
1907 2516 124 50 tunc
1984 2516 170 50 quamuis
2093 2516 77 50 hu-

1318 2565 142 36 usmodi
1417 2565 127 36 causa
1502 2565 99 36 sit
1558 2565 212 36 sufficiens,
1728 2565 127 36 tamen
1813 2565 99 36 non
1870 2565 99 36 est
1926 2565 170 36 necesse,
2054 2565 85 36 vt
2082 2565 99 36 effe-

1309 2597 110 54 ctus
1378 2597 137 54 semper
1474 2597 110 54 sit,
1542 2597 137 54 quando
1638 2597 96 54 est
1693 2597 178 54 huiusmodi
1830 2597 137 54 causa,
1926 2597 96 54 sed
1980 2597 164 54 sufficit
2090 2597 82 54 quod

1304 2632 120 46 ipse
1379 2632 180 46 effectus
1514 2632 105 46 sit
1573 2632 105 46 pro
1633 2632 120 46 illa
1708 2632 180 46 mensura,
1843 2632 105 46 pro
1903 2632 105 46 qua
1963 2632 195 46 huiusmodi
2097 2632 90 46 cau-

1307 2674 89 48 sa
1352 2674 118 48 vult
1425 2674 133 48 talem
1514 2674 177 48 effectum
1647 2674 133 48 esse:
1736 2674 103 48 sed
1795 2674 177 48 voluntas
1928 2674 148 48 diuina
2031 2674 89 48 ab
2061 2674 118 48 aeter-

1319 2711 94 47 no
1366 2711 156 47 uoluit
1476 2711 203 47 creaturam
1632 2711 125 47 esse
1710 2711 94 47 in
1757 2711 188 47 tempore,
1898 2711 125 47 ergo
1960 2711 63 47 &c

1344 2752 134 46 Forte
1433 2752 149 46 dices,
1538 2752 119 46 quod
1612 2752 179 46 voluntas
1746 2752 149 46 diuina
1850 2752 104 46 vel
1910 2752 149 46 noluit
2014 2752 89 46 ab
2044 2752 134 46 aeterno

1308 2793 197 46 creaturam
1459 2793 136 46 esse,
1550 2793 106 46 uel
1611 2793 106 46 non
1671 2793 151 46 uoluit
1777 2793 197 46 creaturam
1929 2793 91 46 ab
1974 2793 167 46 aeterno
2080 2793 91 46 esse

1299 2832 123 49 illa
1375 2832 138 49 patet
1467 2832 107 49 per
1529 2832 169 49 extrema
1651 2832 306 49 contradictionis.
1912 2832 92 49 Si
1958 2832 138 49 datur
2034 2832 138 49 primum;

1305 2869 127 51 tunc
1384 2869 190 51 secundum
1527 2869 143 51 illam
1623 2869 222 51 solutionem
1797 2869 175 51 uidetur
1924 2869 127 51 esse
1988 2869 190 51 concessum,

1301 2908 124 56 quod
1378 2908 186 56 creatura
1517 2908 155 56 fuerit
1626 2908 93 56 ab
1672 2908 186 56 aeterno.
1811 2908 93 56 Si
1858 2908 201 56 secundum,
2013 2908 124 56 tunc
2075 2908 108 56 seque

1306 2950 155 47 retur,
1414 2950 124 47 quod
1491 2950 124 47 Deus
1568 2950 170 47 aliquid
1692 2950 155 47 vellet
1800 2950 93 47 in
1846 2950 185 47 tempore,
1986 2950 124 47 quod
2063 2950 108 47 non
2109 2950 62 47 vo

1302 2986 121 45 luit
1377 2986 91 45 ab
1423 2986 181 45 aeterno,
1559 2986 136 45 cuius
1650 2986 197 45 oppositum
1801 2986 212 45 ostendetur
1967 2986 91 45 in
1998 2986 181 45 quaestione

1316 3026 178 64 proxima
1429 3026 178 64 sequenti.
