2423 3558
295 271 208 60 Respondeo,
459 271 119 60 quod
533 271 119 60 Deus
608 271 89 60 ab
652 271 164 60 aeterno
772 271 149 60 voluit
876 271 194 60 ereaturam
1010 271 104 60 esse,

240 324 114 47 non
305 324 147 47 tamen
403 324 114 47 pro
468 324 195 47 aeterno,
614 324 114 47 sed
679 324 114 47 pro
744 324 179 47 tempore
875 324 261 47 determinato:
1070 324 49 47 &

246 366 118 48 ideo
320 366 89 48 ex
365 366 89 48 ui
409 366 163 48 diuinae
527 366 222 48 voluntatis,
705 366 104 48 seu
764 366 163 48 diuinae
882 366 207 48 volitionis
1045 366 104 48 non

247 403 187 47 oportuit
388 403 203 47 creaturam
544 403 125 47 esse
622 403 94 47 ab
669 403 187 47 aeterno,
809 403 109 47 sed
871 403 140 47 solum
965 403 94 47 in
996 403 125 47 tempo-

255 446 103 47 re.
314 446 117 47 llla
387 446 132 47 tamen
476 446 132 47 magis
564 446 206 47 apparebunt
725 446 132 47 infra
813 446 132 47 circa
901 446 206 47 principium
1048 446 59 47 si

253 484 149 53 cundi
353 484 165 53 libri.
468 484 99 53 Ad
518 484 198 53 secundam
666 484 248 53 probationem
864 484 215 53 dicendum,
1013 484 99 53 quoc

245 520 133 51 aliae
334 520 148 51 causae
438 520 104 51 non
497 520 237 51 superfluunt:
690 520 118 51 quia
764 520 89 51 in
808 520 133 51 earum
897 520 163 51 actione
1001 520 118 51 diuina

249 562 169 45 bonitas
371 562 230 45 declaratur,
555 562 123 45 quam
632 562 123 45 Deus
708 562 153 45 uoluit
816 562 153 45 libere
923 562 153 45 causis
1015 562 107 45 secun

258 600 115 54 dis
323 600 263 54 communicare,
537 600 181 54 quamuis
668 600 131 54 ipse
750 600 148 54 solus
849 600 148 54 omnia
947 600 181 54 posset,
1062 600 66 54 si

256 644 171 42 vellet,
381 644 218 42 producere,
552 644 78 42 &
567 644 187 42 gubernare.

244 680 177 46 Secunda
373 680 209 46 conclusio
533 680 129 46 est.
614 680 193 46 Voluntas
758 680 161 46 diuina
871 680 113 46 est
935 680 145 46 causa
1016 680 96 46 immu

248 718 141 48 diata
342 718 141 48 omnis
436 718 219 48 creaturae,
607 718 125 48 quia
686 718 141 48 causa
779 718 203 48 producens
935 718 141 48 totum
1013 718 94 48 effe

250 762 124 39 ctum
327 762 108 39 est
389 762 201 39 huiusmodi
544 762 186 39 effectus
683 762 139 39 causa
776 762 217 39 immediata;
946 762 108 39 sed
992 762 124 39 volun-

257 802 106 42 tas
317 802 151 42 diuina
423 802 182 42 producit
559 802 136 42 totum
650 802 182 42 effectum
786 802 91 42 in
832 802 106 42 pro
892 802 182 42 ductione
1013 802 106 42 cuius

258 837 152 46 cunque
364 837 213 46 creaturae.
531 837 137 46 Maior
623 837 152 46 patet:
729 837 122 46 quia
805 837 182 46 effectus
942 837 76 46 a
972 837 137 46 nullo
1048 837 76 46 im-

262 871 202 57 mediatius
418 871 233 57 attingitur,
604 871 124 57 quam
681 871 93 57 ab
728 871 109 57 eo,
790 871 78 57 a
821 871 109 57 quo
883 871 140 57 totus
961 871 155 57 produci-

248 923 111 41 tur
312 923 143 41 Minor
407 923 143 41 etiam
502 923 159 41 patet:
613 923 127 41 quia
693 923 175 41 quamuis
819 923 159 41 causae
931 923 190 41 secundae
1058 923 63 41 in

252 957 198 44 aliquibus
404 957 213 44 effectibus
571 957 228 44 cooperentur
753 957 122 44 Deo,
829 957 122 44 siuc
905 957 198 44 uoluntati
1042 957 76 44 di-

252 995 146 49 inae:
349 995 146 49 tamen
447 995 146 49 illud
544 995 146 49 idem,
641 995 130 49 quod
722 995 97 49 ab
771 995 114 49 eis
836 995 243 49 producitur,
1015 995 97 49 inti

259 1031 121 50 mius
334 1031 90 50 ab
380 1031 121 50 ipso
455 1031 106 50 Deo
515 1031 226 50 attingitur,
696 1031 75 50 &
726 1031 211 50 perfectius
892 1031 75 50 a
922 1031 106 50 Deo
967 1031 151 50 produci-

257 1074 114 51 tur,
328 1074 114 51 quam
399 1074 86 51 ab
442 1074 128 51 ipsis
528 1074 171 51 secundis
656 1074 157 51 causis.
770 1074 171 51 Attingit
898 1074 114 51 enim
969 1074 71 51 a
998 1074 114 51 fine
1055 1074 57 51 vs

246 1111 108 51 que
307 1111 93 51 ad
354 1111 139 51 finem
447 1111 201 51 fortiter,
602 1111 77 51 &
633 1111 186 51 disponit
772 1111 139 51 omnia
865 1111 201 51 suauiter,
1020 1111 93 51 vt
1051 1111 62 51 di

247 1153 130 53 citur
333 1153 116 53 Sap.
391 1153 58 53 8.

287 1193 109 48 Sed
350 1193 156 48 contra
459 1193 140 48 illam
553 1193 250 48 conclusionem
755 1193 187 48 videntur
896 1193 125 48 esse
974 1193 125 48 duae
1036 1193 78 48 sol

260 1231 164 44 lemnes
374 1231 229 44 opiniones,
554 1231 164 44 Quarum
669 1231 115 44 vna
734 1231 164 44 ponit,
849 1231 131 44 quod
931 1231 131 44 Deus
1012 1231 147 44 licet

255 1267 108 51 sit
316 1267 139 51 causa
409 1267 139 51 rerum
502 1267 108 51 per
564 1267 248 51 intellectum,
766 1267 77 51 &
797 1267 232 51 voluntatem:
983 1267 139 51 tamen
1060 1267 62 51 im

261 1313 199 48 mediatius
414 1313 245 48 intelligitur
613 1313 122 48 esse
689 1313 138 48 causa
781 1313 107 48 por
842 1313 245 48 intellectum,
1026 1313 92 48 quam

256 1356 115 49 per
321 1356 246 49 voluntatem,
518 1356 131 49 quod
600 1356 164 49 probat
698 1356 98 49 sic.

258 1383 214 55 Exemplar
419 1383 214 55 factiuum
579 1383 268 55 immediatius
794 1383 214 55 attingit
936 1383 179 55 effectum

261 1424 127 55 quam
341 1424 159 55 causa,
452 1424 127 55 quae
531 1424 191 55 applicat
675 1424 143 55 ipsum
770 1424 95 55 ad
818 1424 207 55 effectum:
977 1424 111 55 sed
1025 1424 95 55 idea

254 1463 125 52 quae
333 1463 94 52 se
380 1463 141 52 tenet
473 1463 94 52 ex
520 1463 141 52 parte
614 1463 235 52 intellectus
802 1463 172 52 diuini,
927 1463 110 52 est
974 1463 141 52 exempla

251 1505 221 55 factiuum,
421 1505 85 55 &
455 1505 204 55 voluntas
608 1505 170 55 diuina
728 1505 221 55 huiusmodi
898 1505 204 55 exemplar
1034 1505 85 55 ap-

260 1543 154 58 plicat
367 1543 92 58 ad
413 1543 200 58 effectum,
567 1543 123 58 ergo
644 1543 77 58 &
675 1543 123 58 cet.
752 1543 138 58 Maior
844 1543 154 58 patet:
952 1543 123 58 quia
1013 1543 108 58 licet

252 1581 137 55 imago
343 1581 182 55 existens
480 1581 91 55 in
525 1581 182 55 pariete,
662 1581 91 55 ad
708 1581 137 55 cuius
799 1581 258 55 similitudinem
996 1581 122 55 pictos

244 1622 154 59 aliam
347 1622 206 59 depingit
501 1622 223 59 imaginem,
673 1622 120 59 non
741 1622 103 59 se
793 1622 172 59 habeat
896 1622 223 59 immediatius

258 1661 92 51 ad
304 1661 183 51 effectum
441 1661 198 51 depictum,
593 1661 137 51 quasi
685 1661 137 51 manus
776 1661 198 51 pictoris;
929 1661 137 51 tamen
1005 1661 107 51 sigil

260 1705 120 45 lum
328 1705 154 45 cerae
431 1705 223 45 impressum
603 1705 257 45 immediatius
809 1705 103 45 se
861 1705 154 45 habet
964 1705 103 45 ad
998 1705 120 45 effe-

250 1739 133 53 ctum
333 1739 99 53 in
383 1739 133 53 cera
466 1739 215 53 causatum,
632 1739 133 53 quam
714 1739 166 53 manus,
830 1739 133 53 quae
913 1739 199 53 imprimit
1046 1739 66 53 ip

255 1778 124 57 sum,
333 1778 140 57 cuius
426 1778 124 57 tota
504 1778 140 57 ratio
597 1778 124 57 est:
675 1778 124 57 quia
752 1778 140 57 imago
846 1778 186 57 parietis
985 1778 109 57 non
1032 1778 93 57 erat

256 1827 189 42 exemplar
398 1827 189 42 factiuum
540 1827 189 42 respectu
682 1827 189 42 imaginis
824 1827 174 42 pictae,
950 1827 142 42 sicut
1029 1827 95 42 ima-

270 1854 89 63 go
315 1854 163 63 sculpta
433 1854 89 63 in
478 1854 163 63 sigillo
597 1854 104 63 est
656 1854 178 63 exemplar
790 1854 178 63 factiuum
923 1854 178 63 respectu
1042 1854 89 63 ima-

249 1904 149 54 ginis
349 1904 216 54 impressae
515 1904 133 54 ipsi
598 1904 166 54 cerae.
714 1904 149 54 Minor
814 1904 149 54 patet
913 1904 199 54 secundum
1046 1904 83 54 om-

256 1939 121 57 nes
308 1939 190 57 doctores.

274 1968 86 53 2
308 1968 240 53 Praeterea,
496 1968 120 53 res
565 1968 205 53 opposito
719 1968 137 53 modo
805 1968 257 53 comparantur
1010 1968 103 53 ad
1044 1968 86 53 in-

254 2014 206 50 tellectum
413 2014 174 50 nostrum
539 2014 79 50 &
571 2014 95 50 ad
618 2014 238 50 intellectum
808 2014 190 50 diuinum:
951 2014 127 50 quia
1014 2014 111 50 scien

258 2059 105 49 tia
318 2059 225 49 intellectus
498 2059 150 49 nostri
603 2059 180 49 causatur
737 2059 75 49 a
767 2059 150 49 rebus,
872 2059 105 49 sed
932 2059 180 49 scientia
1052 2059 75 49 in-

264 2094 214 49 tellectus
428 2094 165 49 diuini
543 2094 115 49 est
609 2094 148 49 causa
708 2094 165 49 rerum,
823 2094 99 49 ut
872 2094 115 49 ait
922 2094 197 49 Commentato

258 2130 113 54 12.
322 2130 258 54 metaphysice:
532 2130 113 54 Sed
596 2130 97 54 in
644 2130 145 54 nobis
741 2130 145 54 primo
837 2130 113 54 fit
902 2130 145 54 motus
998 2130 80 54 a
1014 2130 113 54 rebus

260 2184 95 38 ad
308 2184 253 38 intellectum,
513 2184 79 38 &
545 2184 190 38 mediante
688 2184 111 38 int
751 2184 174 38 ellectu
877 2184 95 38 ad
909 2184 190 38 voluntatem

257 2208 138 54 ergo
343 2208 225 54 cconuerso
516 2208 208 54 secundum
672 2208 190 54 nostrum
810 2208 156 54 modum
897 2208 225 54 intelligend

256 2250 95 53 in
304 2250 174 53 diuinis
430 2250 142 53 modus
524 2250 189 53 causandi
666 2250 126 53 res,
745 2250 110 53 est
808 2250 142 53 quasi
903 2250 158 53 quidam
998 2250 126 53 motus:

273 2288 199 50 voluntate
426 2288 92 50 ad
472 2288 245 50 intellectum,
671 2288 153 50 deinde
779 2288 92 50 ab
825 2288 215 50 intellectu
993 2288 92 50 ad
1024 2288 92 50 exte

266 2332 185 49 riores
395 2332 278 49 existentias
617 2332 185 49 rerum.

276 2364 78 67 3
307 2364 217 67 Praeterea,
477 2364 155 67 illud,
586 2364 109 67 quo
648 2364 202 67 productum
803 2364 233 67 assimilatur
973 2364 155 67 producen

264 2409 104 47 ti,
324 2409 119 47 illo
398 2409 194 47 producens
547 2409 224 47 immediatius
726 2409 89 47 se
771 2409 134 47 habet
861 2409 89 47 ad
905 2409 194 47 effectum,
1054 2409 75 47 &
1069 2409 60 47 im

266 2444 200 50 mediatius
420 2444 200 50 producit:
574 2444 123 50 quia
651 2444 231 50 vnumquodque
836 2444 185 50 producit
975 2444 123 50 sibi
1036 2444 93 50 simi

263 2483 103 53 le,
322 2483 192 53 inquantum
470 2483 163 53 potest:
588 2483 103 53 sed
647 2483 192 53 creaturae
795 2483 192 53 potissime
928 2483 207 53 assimilantur

272 2527 109 51 Deo
335 2527 172 51 quantum
460 2527 94 51 ad
506 2527 187 51 rationes
647 2527 187 51 ideales,
787 2527 125 51 quae
865 2527 203 51 pertinent
1021 2527 94 51 ad
1052 2527 78 51 in-

266 2571 211 44 tellectum
428 2571 195 44 diuinum,
574 2571 81 44 &
607 2571 114 44 non
672 2571 97 44 ad
720 2571 244 44 voluntatem,
915 2571 130 44 ergo
980 2571 65 44 &c

307 2602 109 53 Sed
370 2602 140 53 istis
463 2602 109 53 non
526 2602 249 53 obstantibus,
728 2602 140 53 teneo
821 2602 249 53 conclusionem
1008 2602 125 53 primam

274 2642 99 49 Et
324 2642 198 49 antequam
473 2642 149 49 istis
572 2642 182 49 motiuis
704 2642 248 49 respondeam,
902 2642 165 49 possum
1001 2642 132 49 contra

268 2684 132 58 hanc
350 2684 214 58 opinionem
514 2684 181 58 arguere
629 2684 99 58 sic.

292 2719 73 51 1
322 2719 146 51 Illud,
423 2719 131 51 cuius
511 2719 131 51 actus
598 2719 102 51 sic
656 2719 87 51 se
700 2719 146 51 habet,
802 2719 131 51 quod,
889 2719 116 51 ipso
962 2719 160 51 posito,
1064 2719 58 51 om

275 2759 127 50 nino
355 2759 191 50 sequitur
498 2759 143 50 rerum
593 2759 222 50 productio,
768 2759 111 50 hoc
831 2759 238 50 immediatius
1022 2759 95 50 se
1054 2759 79 50 ha-

272 2796 107 58 bet
333 2796 92 58 ad
379 2796 137 58 rerum
470 2796 260 58 productionem,
684 2796 122 58 quam
760 2796 153 58 illud,
867 2796 137 58 cuius
959 2796 122 58 actu
1020 2796 107 58 posi-

276 2835 104 55 to,
335 2835 148 55 potest
439 2835 104 55 non
498 2835 133 55 sequi
587 2835 133 55 rerum
676 2835 207 55 productio:
839 2835 104 55 sed
898 2835 148 55 posito
1002 2835 118 55 actu
1061 2835 74 55 uo-

272 2876 181 51 luntatis
407 2876 181 51 diuinae,
543 2876 120 51 puta
618 2876 120 51 quod
693 2876 120 51 Deus
769 2876 135 51 velit
859 2876 196 51 creaturam
995 2876 135 51 produm-

283 2919 128 49 cere,
368 2919 113 49 tunc
439 2919 198 49 necessario
595 2919 170 49 sequitur
722 2919 184 49 productio
864 2919 198 49 creaturae,
1020 2919 71 49 &
1034 2919 99 49 posi-

279 2959 89 46 to
324 2959 119 46 actu
398 2959 237 46 intellectus,
590 2959 104 46 non
650 2959 178 46 sequetur
783 2959 208 46 necessario
946 2959 133 46 rerum
1020 2959 119 46 produm

269 2993 145 51 ctio:
366 2993 113 51 Nam
430 2993 129 51 Deus
511 2993 145 51 multa
607 2993 129 51 scit
688 2993 226 51 producere,
865 2993 129 51 quae
946 2993 177 51 numquam
1058 2993 81 51 pro

275 3047 208 37 ducentur;
435 3047 144 37 tamen
531 3047 160 37 omnia,
643 3047 128 37 quae
723 3047 128 37 Deus
803 3047 128 37 vult
883 3047 224 37 producere,
1043 3047 96 37 omni

274 3078 102 60 no
325 3078 271 60 producentur,
545 3078 136 60 ergo
613 3078 85 60 &c.

1124 272 87 71 2
1158 272 225 71 Preterea,
1331 272 104 71 in
1383 272 208 71 ordinate
1539 272 104 71 se
1591 272 242 71 habentibus
1781 272 121 71 per
1850 272 156 71 modum
1937 272 69 71 me

1145 329 124 54 dij,
1223 329 78 54 &
1254 329 218 54 extremorum
1425 329 124 54 plus
1503 329 155 54 distat
1612 329 171 54 extremu
1736 329 93 54 ab
1782 329 186 54 extremo,
1907 329 93 54 quam

1152 369 188 51 extremum
1293 369 78 51 a
1324 369 156 51 medio:
1434 369 109 51 Sed
1496 369 94 51 in
1543 369 156 51 agente
1653 369 172 51 libere,
1778 369 78 51 &
1809 369 78 51 a
1825 369 172 51 proposito

1150 407 135 52 velle
1240 407 105 52 est
1300 407 151 52 medium
1406 407 135 52 inter
1496 407 151 52 scire,
1602 407 75 52 &
1632 407 181 52 operari;
1767 407 90 52 Et
1812 407 120 52 Deus
1888 407 90 52 in
1918 407 90 52 pro-

1141 451 177 48 ductione
1274 451 192 48 creaturae
1422 451 118 48 agit
1495 451 162 48 libere,
1613 451 74 48 &
1643 451 74 48 a
1672 451 207 48 proposito,
1835 451 118 48 ergo
1894 451 103 48 uelli

1143 488 130 50 suum
1224 488 243 50 immediatius
1419 488 97 50 se
1467 488 146 50 habet
1565 488 97 50 ad
1613 488 260 50 productionem
1808 488 195 50 creaturae,

1144 531 122 42 quam
1220 531 122 42 suum
1296 531 152 42 scire.
1402 531 137 42 Maior
1493 531 152 42 patet.
1600 531 137 42 Probo
1691 531 182 42 minorem,
1828 531 152 42 patet.
1919 531 76 42 eni

1145 565 127 44 quod
1224 565 174 44 operari
1351 565 111 44 est
1414 565 190 44 vltimum,
1557 565 79 44 &
1588 565 111 44 per
1652 565 222 44 consequens
1826 565 127 44 unum
1889 565 111 44 extro

1139 608 163 44 morum:
1253 608 98 44 in
1302 608 163 44 agente
1416 608 130 44 enim
1497 608 81 44 a
1530 608 212 44 proposito
1693 608 179 44 operari
1807 608 195 44 praesuppo-

1143 641 111 44 nit
1206 641 142 44 velle
1301 641 79 44 &
1333 641 158 44 scire,
1444 641 206 44 quocunque
1602 641 127 44 enim
1681 641 174 44 illorum
1792 641 206 44 deficiente,

1149 682 129 41 illud
1235 682 100 41 non
1292 682 129 41 esset
1378 682 172 41 perfecte
1507 682 129 41 agens
1593 682 72 41 a
1621 682 201 41 proposito,
1779 682 100 41 sed
1836 682 129 41 velle
1908 682 86 41 prae

1146 722 183 45 supponit
1283 722 153 45 scire:
1390 722 122 45 quia
1466 722 137 45 bonum
1558 722 183 45 cognitum
1695 722 107 45 est
1756 722 183 45 obiectum
1878 722 122 45 volum-

1159 766 141 51 tatis:
1258 766 113 51 ergo
1328 766 141 51 patet,
1427 766 113 51 quod
1498 766 127 51 velle
1582 766 141 51 mediat
1681 766 127 51 inter
1766 766 127 51 scire
1851 766 71 51 &
1865 766 141 51 operari,

1154 799 85 44 &
1188 799 119 44 per
1256 799 238 44 consequens
1443 799 187 44 habetur
1561 799 170 44 intentum

1164 813 86 78 3
1198 813 240 78 Praeterea,
1387 813 172 78 qualem
1507 813 189 78 ordinem
1645 813 172 78 realem
1765 813 172 78 habent
1868 813 137 78 aliqua

1153 877 86 41 in
1196 877 115 41 his,
1267 877 86 41 in
1310 877 143 41 quibus
1411 877 186 41 differunt
1554 877 186 41 realiter,
1698 877 129 41 talem
1784 877 158 41 ordinem
1884 877 115 41 ratio.

1155 917 105 53 nis
1215 917 150 53 habent
1320 917 90 53 in
1365 917 120 53 his,
1440 917 105 53 vbi
1500 917 195 53 differunt
1651 917 180 53 secundum
1786 917 195 53 rationem:
1921 917 75 53 se-

1156 955 85 50 in
1198 955 127 50 nobis
1283 955 127 50 actus
1367 955 197 50 uoluntatis
1522 955 169 50 realiter
1649 955 183 50 differens
1790 955 85 50 ab
1832 955 113 50 actu
1888 955 113 50 intel-

1155 996 153 39 lectus
1262 996 229 39 immediatius
1445 996 92 39 se
1490 996 137 39 habet
1582 996 92 39 ad
1628 996 229 39 operationem
1811 996 153 39 artis,
1917 996 122 39 quam

1153 1033 129 50 actus
1239 1033 229 50 intellectus,
1425 1033 86 50 vt
1468 1033 129 50 patet
1553 1033 100 50 per
1611 1033 157 50 Aristo.
1725 1033 86 50 9.
1768 1033 172 50 metaphy.
1897 1033 100 50 &3.
1940 1033 57 50 di

1158 1075 152 44 anima.
1264 1075 137 44 Etiam
1355 1075 167 44 Algaxel
1477 1075 91 44 in
1523 1075 228 44 metaphysica
1705 1075 106 44 sua
1766 1075 182 44 tractatu
1903 1075 91 44 4.
1933 1075 76 44 ex-

1158 1113 154 48 presse
1265 1113 154 48 dicit,
1373 1113 123 48 quod
1450 1113 185 48 voluntas
1589 1113 231 48 immediatius
1774 1113 154 48 mouet,
1882 1113 123 48 quam
1943 1113 62 48 in

1156 1151 200 41 tellectus:
1313 1151 114 41 ergo
1384 1151 86 41 in
1427 1151 171 41 diuinis,
1555 1151 100 41 vbi
1612 1151 171 41 uoluntas
1741 1151 71 41 &
1769 1151 228 41 intellectus,
1941 1151 71 41 so-

1154 1189 113 42 lum
1219 1189 211 42 differunt
1381 1189 194 42 ratione,
1526 1189 194 42 voluntas
1672 1189 243 42 immediatius
1866 1189 97 42 se
1899 1189 113 42 habet

1149 1238 93 53 ad
1195 1238 124 53 opus
1272 1238 248 53 productionis
1474 1238 93 53 ad
1520 1238 155 53 extra,
1629 1238 124 53 quam
1706 1238 232 53 intellectus
1892 1238 155 53 saltem

1142 1268 222 52 secundum
1291 1268 185 52 rationem

1149 1302 140 46 Ade
1229 1302 200 46 primam
1369 1302 220 46 illarum
1529 1302 240 46 rationum
1710 1302 260 46 dicendum,
1890 1302 120 46 quod

1146 1345 142 46 maior
1241 1345 110 46 non
1304 1345 110 46 est
1367 1345 142 46 uera:
1461 1345 126 46 quia
1540 1345 252 46 praesupponit
1744 1345 173 46 falsum,
1855 1345 157 46 scilicet

1152 1386 133 53 quod
1236 1386 183 53 aliquod
1369 1386 200 53 exemplar
1519 1386 117 53 sit
1586 1386 217 53 factiuum:
1753 1386 167 53 Nullum
1870 1386 133 53 enim
1936 1386 67 53 e-

1155 1428 186 41 xemplar
1290 1428 203 41 retinens
1442 1428 203 41 rationem
1594 1428 237 41 exemplaris
1780 1428 118 41 est
1831 1428 169 41 factiuum

1154 1464 188 54 exemplar
1295 1464 125 54 enim
1373 1464 125 54 est,
1452 1464 94 54 ad
1499 1464 125 54 quod
1577 1464 219 54 respiciens
1749 1464 172 54 artifex
1859 1464 156 54 producit

1154 1504 143 50 simile
1240 1504 100 50 sibi.

1153 1543 111 55 Ad
1208 1543 277 55 probationem
1430 1543 240 55 dicendum,
1615 1543 166 55 quod,
1726 1543 129 55 cum
1781 1543 222 55 imprimitur

1159 1585 169 46 sigillum
1286 1585 84 46 in
1328 1585 127 46 cera,
1412 1585 113 46 tunc
1482 1585 141 46 figura
1581 1585 155 46 sigilli
1694 1585 98 46 non
1750 1585 84 46 se
1792 1585 127 46 habet
1876 1585 84 46 ut
1905 1585 98 46 exem,

1157 1631 137 46 plar,
1248 1631 106 46 sed
1309 1631 152 46 potius
1415 1631 91 46 se
1460 1631 152 46 habet,
1567 1631 91 46 vt
1612 1631 243 46 instrumentum
1794 1631 213 46 imprimentis;

1164 1659 139 46 sicut
1256 1659 123 46 enim
1333 1659 185 46 mediante
1472 1659 139 46 actie
1564 1659 154 46 ipsius
1672 1659 169 46 securis
1795 1659 169 46 artifex
1903 1659 108 46 diui-

1155 1705 148 39 dendo
1253 1705 164 39 partes
1368 1705 197 39 continui
1515 1705 180 39 inducit
1646 1705 180 39 aliquam
1778 1705 180 39 formam,
1892 1705 115 39 cuius

1158 1741 151 42 formae
1264 1741 182 42 exemplar
1400 1741 106 42 non
1460 1741 106 42 est
1521 1741 182 42 securis,
1657 1741 166 42 quamuis
1778 1741 106 42 sit
1823 1741 182 42 instrumen-

1157 1777 102 52 tum
1215 1777 203 52 artificis:
1374 1777 102 52 sic
1432 1777 102 52 cum
1490 1777 189 52 diuiditur
1635 1777 116 52 cera
1708 1777 102 52 per
1766 1777 232 52 impressionem
1940 1777 73 52 si-

1152 1826 150 46 gilli,
1257 1826 180 46 sigillum
1392 1826 105 46 non
1452 1826 135 46 debet
1542 1826 120 46 dici
1616 1826 180 46 exemplar
1751 1826 165 46 figurae
1871 1826 90 46 in
1901 1826 105 46 cera,

1167 1862 167 46 quamuis
1288 1862 182 46 legitime
1424 1862 151 46 possit
1530 1862 121 46 dici
1606 1862 242 46 instrumentum
1803 1862 151 46 ipsius
1894 1862 121 46 impri-

1158 1901 165 49 mentis:
1278 1901 90 49 Si
1323 1901 120 49 enim
1398 1901 135 49 esset
1488 1901 195 49 exemplar,
1637 1901 120 49 tunc
1712 1901 210 49 oporteret,
1877 1901 120 49 quod
1937 1901 75 49 si-

1164 1945 169 43 gillator
1290 1945 169 43 faciendo
1417 1945 155 43 figuram
1529 1945 84 43 in
1571 1945 112 43 cera
1642 1945 197 43 respiceret
1796 1945 155 43 figuram
1909 1945 84 43 in
1937 1945 70 43 si-

1158 1985 149 45 gillo,
1263 1985 75 45 &
1292 1985 90 45 ad
1337 1985 164 45 instar,
1457 1985 105 45 seu
1516 1985 254 45 similitudinem
1725 1985 164 45 sigilli
1845 1985 105 45 cum
1890 1985 119 45 aliquo

1164 2024 232 43 instrumento
1349 2024 201 43 sculperet
1504 2024 139 43 ipsam
1597 2024 155 43 ceram,
1705 2024 77 43 &
1736 2024 124 43 tunc
1814 2024 93 43 de
1860 2024 139 43 plano
1938 2024 77 43 pa-

1160 2057 149 47 teret,
1264 2057 119 47 quod
1339 2057 179 47 sigillum
1473 2057 104 47 non
1532 2057 134 47 esset
1622 2057 194 47 factiuum,
1771 2057 104 47 nec
1815 2057 194 47 immediatius

1157 2095 236 43 attingeret
1343 2095 169 43 ceram,
1461 2095 135 43 quam
1545 2095 152 43 manus
1647 2095 152 43 ipsus
1748 2095 253 43 sculpentis:
1934 2095 84 43 Cum

1155 2133 135 51 autem
1245 2133 225 51 imprimitur,
1425 2133 120 51 tunc
1500 2133 180 51 concedo,
1636 2133 120 51 quod
1711 2133 180 51 sigillum
1846 2133 105 51 sit
1891 2133 120 51 facti-

1163 2176 112 48 uum
1227 2176 112 48 non
1291 2176 144 48 tamen
1387 2176 112 48 est
1450 2176 208 48 exemplar,
1610 2176 112 48 sed
1674 2176 112 48 est
1738 2176 271 48 instrumentum.
1945 2176 64 48 Si

1150 2211 124 53 enim
1227 2211 155 53 caecus
1336 2211 217 53 imprimeret
1506 2211 202 53 sigillum,
1661 2211 140 53 nihil
1754 2211 140 53 minus
1847 2211 124 53 cera
1909 2211 93 53 figu

1158 2250 184 50 raretur,
1295 2250 77 50 &
1326 2250 138 50 tamen
1418 2250 153 50 patet,
1525 2250 122 50 quod
1602 2250 153 50 caecus
1709 2250 92 50 in
1755 2250 122 50 tali
1816 2250 199 50 impressione

1157 2294 108 49 non
1218 2294 186 49 uteretur
1358 2294 170 49 sigillo
1482 2294 155 49 taquam
1590 2294 139 49 forma
1683 2294 217 49 exemplari:
1853 2294 124 49 quia
1931 2294 108 49 non

1171 2332 160 42 posset
1283 2332 192 42 sigillum
1428 2332 225 42 inspicere.
1604 2332 144 42 Etiam
1700 2332 144 42 minor
1796 2332 112 42 non
1861 2332 112 42 est
1909 2332 96 42 uera

1167 2370 119 49 quia
1241 2370 119 49 idea
1316 2370 89 49 in
1360 2370 134 49 mente
1449 2370 149 49 diuina
1553 2370 104 49 non
1613 2370 104 49 est
1672 2370 163 49 proprie
1791 2370 178 49 loquendo
1910 2370 104 49 facti

1164 2418 105 41 ua;
1224 2418 105 41 sed
1284 2418 105 41 est
1344 2418 150 41 illud,
1449 2418 120 41 quod
1524 2418 120 41 Deus
1599 2418 195 41 aspiciens
1748 2418 90 41 ad
1793 2418 120 41 eius
1853 2418 165 41 similitu-

1157 2448 146 48 dinem
1254 2448 162 48 libera
1367 2448 210 48 voluntate
1529 2448 194 48 producit
1674 2448 97 48 ad
1723 2448 146 48 extra
1820 2448 162 48 illud,
1917 2448 97 48 quod

1148 2487 117 51 creat.

1192 2536 104 42 Ad
1244 2536 207 42 secundam
1399 2536 225 42 dicendum,
1572 2536 138 42 quod
1658 2536 190 42 quamuis
1796 2536 121 42 res
1848 2536 173 42 opposito

1157 2569 135 47 modo
1241 2569 101 47 se
1292 2569 185 47 habeant
1426 2569 101 47 ad
1477 2569 151 47 Deum,
1578 2569 84 47 &
1611 2569 101 47 ad
1662 2569 118 47 nos
1729 2569 185 47 quantum
1864 2569 101 47 ad
1897 2569 118 47 ipsum

1154 2606 149 47 scire,
1258 2606 89 47 eo
1303 2606 119 47 quod
1378 2606 179 47 scientia
1512 2606 104 47 Dei
1571 2606 149 47 causet
1675 2606 119 47 res;
1750 2606 149 47 nostra
1854 2606 134 47 autem
1929 2606 89 47 cau-

1162 2642 129 49 setur
1248 2642 72 49 a
1277 2642 144 49 rebus;
1377 2642 144 49 tamen,
1478 2642 187 49 supposito
1622 2642 115 49 ipso
1694 2642 144 49 scire,
1794 2642 115 49 tunc
1866 2642 144 49 aliquo
1952 2642 58 49 mo

1164 2682 92 51 do
1210 2682 198 51 similiter
1362 2682 92 51 se
1408 2682 137 51 habet
1499 2682 122 51 Deus
1576 2682 92 51 ad
1621 2682 229 51 producendum
1804 2682 107 51 res
1865 2682 183 51 creatas,

1167 2722 79 54 &
1199 2722 110 54 nos
1262 2722 95 54 ad
1309 2722 236 54 producendum
1498 2722 110 54 res
1561 2722 268 54 artificiatas:
1782 2722 126 54 quia
1845 2722 173 54 vtrobique

1166 2762 195 44 voluntas
1312 2762 114 44 est
1377 2762 212 44 huiusmodi
1540 2762 244 44 productorum
1735 2762 228 44 principium
1898 2762 114 44 imme-

1174 2799 169 52 diatum,
1297 2799 123 52 siue
1374 2799 247 52 immediatius,
1574 2799 123 52 quam
1651 2799 123 52 ipse
1728 2799 247 52 intellectus.
1913 2799 108 52 Etiam

1163 2843 148 40 minor
1261 2843 197 40 deficit:
1408 2843 131 40 quia
1490 2843 115 40 cum
1556 2843 148 40 bonum
1654 2843 197 40 cognitum
1802 2843 115 40 sit
1851 2843 164 40 obiectum

1167 2878 223 56 voluntatis,
1346 2878 119 56 ergo
1420 2878 134 56 actus
1509 2878 208 56 uoluntatis
1673 2878 238 56 praesupponit
1866 2878 134 56 actum
1941 2878 74 56 in-

1162 2918 218 43 tellectus
1330 2918 167 43 saltem
1447 2918 201 43 secundum
1597 2918 184 43 nostrum
1731 2918 151 43 modum
1815 2918 201 43 cognoscen-

1167 2958 101 42 di,
1224 2958 72 42 &
1253 2958 101 42 per
1310 2958 201 42 consequens
1469 2958 129 42 talis
1555 2958 144 42 motus,
1656 2958 115 42 quem
1727 2958 115 42 isti
1799 2958 158 42 fingunt
1914 2958 86 42 in
1943 2958 72 42 di-

1167 2993 148 48 uinis,
1271 2993 104 48 non
1330 2993 148 48 potest
1434 2993 104 48 sic
1493 2993 178 48 incipere
1626 2993 89 48 ex
1671 2993 133 48 parte
1759 2993 222 48 uoluntatis,
1937 2993 118 48 quod

1161 3035 204 50 excludat
1314 3035 239 50 uoluntatis
1502 3035 290 50 immediationem
1740 3035 187 50 quantum
1877 3035 102 50 ad
1911 3035 119 50 rerum

1146 3072 269 59 productionem.
