2401 3537
460 247 102 65 Ad
511 247 256 65 probationem
716 247 222 65 dicendum,
887 247 137 65 quod
972 247 154 65 licet
1075 247 171 65 passio
1177 247 154 65 Christi

472 310 166 48 quantum
593 310 90 48 ad
638 310 166 48 meritum
758 310 211 48 patientis,
924 310 151 48 fuerit
1030 310 136 48 causa
1120 310 106 48 per
1180 310 90 48 se
1210 310 121 48 nostre

474 348 251 43 liberationis:
681 348 118 43 quia
755 348 89 43 vt
799 348 118 43 sic,
873 348 118 43 fuit
947 348 133 43 bona:
1036 348 133 43 tamen
1124 348 162 43 quantum
1242 348 89 43 ad
1272 348 59 43 ma

479 384 143 56 litiam
579 384 200 56 inferentis
735 384 100 56 non
792 384 114 56 fuit
864 384 128 56 causa
949 384 228 56 liberationis
1134 384 171 56 nostrae,
1248 384 86 56 nisi

477 424 129 55 valde
563 424 100 55 per
620 424 201 55 acccidens;
778 424 86 55 vt
820 424 100 55 sic
878 424 129 55 enim,
964 424 115 55 fuit
1021 424 86 55 mala

512 460 162 49 Secunda
630 460 191 49 conclusio
777 460 103 49 est
836 460 132 49 haec,
924 460 118 49 quod
998 460 132 49 malum
1086 460 147 49 poenae
1189 460 132 49 fieri
1262 460 74 49 est

473 503 158 45 bonum;
584 503 126 45 Quia
663 503 158 45 illud,
773 503 110 45 quo
836 503 126 45 bene
915 503 142 45 leges
1010 503 268 45 manutenentur,
1230 503 79 45 &
1246 503 79 45 pax

488 541 177 47 niuersi
617 541 241 47 promouetur,
810 541 113 47 hoc
874 541 113 47 est
939 541 161 47 bonum,
1051 541 145 47 malum
1148 541 161 47 poenae
1245 541 80 47 est

477 579 214 49 huiusmodi,
645 579 122 49 ergo
721 579 107 49 &c.
782 579 137 49 Maior
874 579 137 49 patet
965 579 92 49 de
1011 579 107 49 se.
1072 579 137 49 vinor
1164 579 168 49 habetur
1271 579 61 49 io

477 624 150 46 ethic,
582 624 165 46 quantum
701 624 90 46 ad
746 624 150 46 primam
851 624 165 46 partem,
971 624 105 46 vbi
1031 624 105 46 sic
1091 624 180 46 dicitur,
1210 624 105 46 Legi-

484 657 106 46 bus
545 657 167 46 oportet
666 657 121 46 esse
742 657 197 46 ordinatam
893 657 243 46 nutritionem,
1091 657 76 46 &
1121 657 152 46 paucis
1212 657 106 46 inter

486 699 167 42 positis
607 699 182 42 sequitur
744 699 167 42 quomodo
865 699 121 42 illa
941 699 182 42 nutritio
1077 699 136 42 fiat,
1168 699 136 42 Multi
1244 699 91 42 enim

464 744 262 41 necessitati,
676 744 147 41 magis
775 744 131 41 quam
856 744 180 41 sermoni
987 744 213 41 obediunt,
1151 744 82 41 &
1167 744 164 41 iacturae

474 782 119 43 quam
548 782 134 43 bono:
638 782 134 43 Patet
727 782 134 43 etiam
816 782 163 43 secunda
935 782 119 43 pars
1009 782 178 43 minoris:
1143 782 134 43 quia,
1217 782 104 43 sicut

478 821 192 41 eradicata
626 821 177 41 xixania,
759 821 133 41 bonae
847 821 148 41 herbae
950 821 148 41 melius
1054 821 207 41 nutriuntur
1216 821 74 41 &
1231 821 89 41 cre-

471 851 150 43 scunt:
576 851 105 43 sic
636 851 105 43 per
696 851 135 43 malum
786 851 150 43 poenae
891 851 225 43 destructis,
1070 851 105 43 vel
1130 851 195 43 emendatis
1265 851 60 43 ma

465 892 105 42 lis
525 892 210 42 hominibus,
690 892 135 42 magis
780 892 210 42 inualescit
946 892 105 42 pax
1006 892 75 42 &
1036 892 255 42 tranquillitas
1231 892 90 42 vni-

470 932 159 53 uersi,
581 932 127 53 ergo
645 932 63 53 &c

511 972 104 49 Ad
563 972 243 49 argumentum
753 972 243 49 principale
944 972 225 49 dicendum,
1117 972 139 49 quod
1186 972 139 49 volun-

479 1019 121 36 tas
548 1019 173 36 diuina
669 1019 156 36 simul
773 1019 121 36 cum
842 1019 311 36 immutabilitate
1101 1019 156 36 habet
1188 1019 138 36 summam

486 1049 225 42 ibertatem,
663 1049 80 42 &
695 1049 129 42 ideo
775 1049 113 42 non
840 1049 145 42 solum
936 1049 273 42 necessariorum
1145 1049 177 42 effectuum

477 1091 216 47 verumetiam
646 1091 263 47 contingentium
863 1091 154 47 potest
971 1091 124 47 esse
1048 1091 154 47 causa,
1156 1091 108 47 vel
1202 1091 124 47 mediam

480 1126 123 45 tibus
563 1126 137 45 causis
659 1126 178 45 secundis,
796 1126 96 45 vel
851 1126 178 45 immediate
988 1126 96 45 per
1043 1126 82 45 se
1084 1126 137 45 ipsam,
1180 1126 123 45 sicut
1248 1126 69 45 si-

473 1170 98 44 bi
522 1170 212 44 placuerit
684 1170 81 44 &
717 1170 212 44 videbitur
880 1170 114 44 exi
945 1170 163 44 edire,
1059 1170 130 44 ergo
1124 1170 195 44 argumentum

468 1207 107 55 non
529 1207 215 55 concludit.

466 1320 466 56 DISTINCTIO
832 1320 299 56 NLVII
998 1320 299 56 EtLVIIl

468 1395 246 86 Preuissima,
665 1395 98 86 ac
714 1395 197 86 vesoluta
861 1395 148 86 harum
960 1395 279 86 distinctionum
1173 1395 148 86 diuisio

570 1456 82 63 m
602 1456 165 63 quibus
718 1456 99 63 de
767 1456 165 63 diumae
882 1456 230 63 voluntatis
1047 1456 181 63 efficacia

729 1510 251 63 omparatiue
909 1510 162 63 agitur.

744 1587 202 57 OLVNTaS
890 1587 183 57 quippe
1019 1587 128 57 Dei
1092 1587 128 57 &c.
1165 1587 128 57 Hic
1220 1587 92 57 Ma-

775 1640 147 47 gister
878 1640 162 47 tractat
996 1640 88 47 de
1040 1640 162 47 diuinae
1143 1640 176 47 voluntatis

771 1675 193 50 efficacia
920 1675 134 50 ipsam
1009 1675 237 50 considerando
1187 1675 134 50 positi-

770 1713 105 44 ue,
830 1713 75 44 &
860 1713 196 44 diuiditur
1011 1713 90 44 in
1056 1713 120 44 duas
1131 1713 166 44 partes:
1237 1713 75 44 nam

777 1757 138 43 primo
869 1757 215 43 considerat
1037 1757 261 43 vniuersaliter
1236 1757 77 43 hu-

775 1784 155 56 usmodi
883 1784 232 56 efficaciam,
1068 1784 170 56 Secundo
1177 1784 139 56 conside

763 1835 113 45 rat
828 1835 178 45 humanae
957 1835 227 45 voluntatis
1135 1835 97 45 ad
1167 1835 146 45 diuinam

763 1876 236 41 voluntatem
948 1876 303 41 conformitatem,
1201 1876 84 41 &
1218 1876 84 41 con

458 1909 162 43 cordiam
576 1909 118 43 ibi,
650 1909 177 43 ociendum
783 1909 118 43 est:
857 1909 133 43 Prima
945 1909 89 43 in
989 1909 133 43 duas:
1078 1909 103 43 nam
1137 1909 133 43 primo
1211 1909 103 43 osten

452 1949 113 45 dit
517 1949 146 45 omnia
614 1949 146 45 fieri
711 1949 194 45 secundum
857 1949 178 45 diuinam
986 1949 243 45 voluntatem,
1164 1949 146 45 Secundo

465 1987 91 46 ex
510 1987 151 46 dictis
616 1987 181 46 ostendit
752 1987 136 46 oriri
843 1987 212 46 incidentem
1009 1987 212 46 dubietatem
1175 1987 121 46 ibi,
1235 1987 76 46 His

464 2028 170 43 verbis:
587 2028 77 43 &
618 2028 124 43 haec
696 2028 93 43 in
742 2028 139 43 tres:
835 2028 108 43 nam
897 2028 139 43 primo
990 2028 155 43 tangit
1083 2028 232 43 dubitationem:

461 2066 173 48 Secundo
587 2066 173 48 apponit
713 2066 236 48 solutionem,
901 2066 79 48 &
933 2066 157 48 tertio
1043 2066 251 48 praedictorum
1231 2066 79 48 fa-

462 2109 103 43 cit
521 2109 310 43 recapitulationem.
787 2109 148 43 Secuda
891 2109 118 43 ibi,
964 2109 133 43 verum
1053 2109 89 43 vt
1097 2109 148 43 supra.
1186 2109 118 43 Tertia

455 2142 107 43 ibi,
522 2142 81 43 Ex
562 2142 175 43 predictis
696 2142 94 43 &c.
750 2142 161 43 Sequitur
871 2142 94 43 48.
925 2142 202 43 distinctio.
1086 2142 161 43 Sciendum
1207 2142 94 43 est
1247 2142 54 43 &c

451 2184 95 47 In
499 2184 111 47 qua
562 2184 190 47 Magister
705 2184 222 47 considerat
879 2184 174 47 humanae
1006 2184 222 47 voluntatis
1164 2184 143 47 confor-

451 2224 183 42 mitatem
584 2224 100 42 ad
634 2224 183 42 diuinam
768 2224 250 42 voluntatem,
967 2224 83 42 &
1000 2224 216 42 diuiditur
1167 2224 100 42 in
1200 2224 100 42 duas

451 2266 175 49 partes;
578 2266 111 49 nam
642 2266 143 49 primo
737 2266 191 49 ostendit
881 2266 207 49 Magister,
1040 2266 127 49 quod
1103 2266 207 49 conformitas

448 2309 92 37 in
494 2309 169 37 volito,
617 2309 123 37 puta
694 2309 92 37 si
740 2309 123 37 homo
817 2309 139 37 illud
910 2309 200 37 idemuult,
1064 2309 123 37 quod
1141 2309 123 37 Deus
1203 2309 92 37 vult

455 2337 112 54 non
519 2337 159 54 semper
630 2337 143 54 facit
726 2337 128 54 esse
806 2337 143 54 bonam
901 2337 175 54 hominis
1029 2337 223 54 voluntatem
1188 2337 112 54 &econ

454 2380 129 43 uerso
540 2380 86 43 si
582 2380 114 43 homo
654 2380 100 43 non
711 2380 114 43 vult
783 2380 143 43 illud,
883 2380 114 43 quod
955 2380 114 43 Deus
1026 2380 129 43 vult,
1112 2380 100 43 hoc
1169 2380 100 43 non
1212 2380 86 43 sem-

456 2426 112 41 per
520 2426 144 41 sacit
616 2426 144 41 malam
712 2426 176 41 hominis
840 2426 240 41 voluntatem.
1033 2426 176 41 Secundo
1145 2426 160 41 ostendit

445 2464 131 42 quod
526 2464 131 42 bona
608 2464 114 42 Dei
673 2464 196 42 voluntas
820 2464 212 42 quandoque
984 2464 163 42 potest
1098 2464 180 42 impleri
1212 2464 82 42 per

444 2496 138 44 malam
536 2496 169 44 hominis
659 2496 230 44 voluntatem.
843 2496 169 44 Secunda
966 2496 123 44 pars
1043 2496 169 44 incipit
1166 2496 123 44 ibi,
1227 2496 77 44 ll-

447 2535 103 47 lud
506 2535 146 47 quoque
608 2535 103 47 &c.
667 2535 88 47 Et
711 2535 117 47 haec
784 2535 190 47 diuiditur
931 2535 88 47 in
975 2535 176 47 quattuor
1107 2535 161 47 partes;
1209 2535 88 47 quia

456 2570 137 44 primo
547 2570 137 44 ponit
638 2570 182 44 intentae
775 2570 198 44 veritatis
927 2570 304 44 determinationem,
1170 2570 122 44 Secun-

448 2612 94 50 do
495 2612 156 50 instat
605 2612 109 50 per
667 2612 125 50 vnam
745 2612 250 50 obiectionem,
948 2612 156 50 Tertio
1058 2612 203 50 huiusmodi
1198 2612 94 50 obie

445 2659 170 39 ctionis
568 2659 201 39 subiungit
723 2659 232 39 solutionem,
909 2659 155 39 Quarto
1017 2659 201 39 ostendit,
1172 2659 124 39 quod
1234 2659 62 39 ex

494 2689 207 48 praedictis
657 2689 192 48 soluuntur
804 2689 148 48 plures
908 2689 236 48 quaestiones,
1100 2689 118 48 quae
1159 2689 103 48 fieri

527 2730 164 47 possunt
646 2730 134 47 circa
736 2730 179 47 Christi,
870 2730 89 47 ac
915 2730 194 47 ceterorum
1049 2730 164 47 sanctorum

571 2769 210 49 assionem.
732 2769 177 49 Secunda
861 2769 129 49 ibi,
942 2769 113 49 Sed
1007 2769 97 49 ad
1055 2769 113 49 hoc
1103 2769 81 49 op-

594 2808 159 58 ponitur
709 2808 115 58 sic.
781 2808 144 58 Tertia
882 2808 115 58 ibi,
954 2808 87 58 Ad
998 2808 115 58 quod
1055 2808 87 58 res-

641 2852 218 46 pondentes.
813 2852 156 46 Quarta
922 2852 125 46 ibi,
1000 2852 94 46 Ex
1031 2852 78 46 quo

675 2884 188 53 soluitur.
819 2884 130 53 Circa
905 2884 130 53 istas
977 2884 87 53 duas

712 2922 169 46 vltimas
819 2922 215 46 distinctioes

783 2958 132 52 primi
857 2958 102 52 libri

685 2996 159 65 quaero
796 2996 127 65 hanc
860 2996 174 65 quaestio

774 3037 144 60 nem.

1682 253 273 85 Quastio
1881 253 99 85 1.

1514 345 108 89 An
1568 345 144 89 Deus
1658 345 162 89 velit
1766 345 198 89 aliquid
1910 345 108 89 de
1946 345 126 89 nouo.

1587 736 131 46 IRVM
1669 736 98 46 si
1718 736 131 46 Deus
1800 736 180 46 aliquid
1931 736 98 46 de
1980 736 131 46 nouo
2062 736 180 46 vellet,

1599 779 122 43 quod
1675 779 107 43 non
1736 779 153 43 voluit
1843 779 92 43 ab
1889 779 183 43 aeterno,
2027 779 92 43 ex
2072 779 107 43 hoc
2118 779 92 43 rea-

1607 816 134 46 iter
1691 816 235 46 mutaretur,
1876 816 84 46 &
1910 816 185 46 videtur
2044 816 134 46 quod
2111 816 101 46 non,

1606 854 120 48 Quia
1681 854 150 48 realis
1786 854 165 48 mutatio
1906 854 105 48 non
1966 854 150 48 potest
2071 854 135 48 fieri
2146 854 60 48 in

1597 895 181 47 aliquo,
1728 895 131 47 nisi
1810 895 164 47 duobus
1925 895 164 47 modis.
2040 895 115 47 Vno
2089 895 115 47 modo,

1594 941 130 43 quod
1675 941 179 43 aliquid
1805 941 195 43 realiter
1951 941 98 43 in
2000 941 98 43 eo
2033 941 211 43 acquiratur,

1353 971 125 46 Alio
1432 971 141 46 modo,
1525 971 125 46 quod
1603 971 172 46 aliquid
1728 971 188 46 realiter
1869 971 94 46 in
1916 971 94 46 eo
1963 971 234 46 deperdatur,
2135 971 78 46 seu

1365 1012 88 43 ib
1409 1012 88 43 eo
1453 1012 205 43 auferatur:
1614 1012 102 43 Sed
1672 1012 146 43 realis
1775 1012 132 43 actio
1862 1012 132 43 etiam
1950 1012 88 43 in
1994 1012 190 43 creaturis
2125 1012 88 43 con-

1361 1051 172 44 tinuata
1487 1051 157 44 potest
1596 1051 204 44 terminari
1753 1051 94 44 de
1800 1051 125 44 nouo
1878 1051 94 44 ad
1925 1051 172 44 aliquod
2035 1051 172 44 obiectum,

1351 1091 93 46 ad
1397 1091 124 46 quod
1474 1091 155 46 printo
1582 1091 108 46 non
1644 1091 247 46 terminabatur
1845 1091 124 46 sine
1922 1091 124 46 hoc,
2000 1091 124 46 quod
2077 1091 93 46 in
2108 1091 108 46 agen-

1362 1134 93 47 te
1408 1134 170 47 aliquid
1532 1134 232 47 acquiratur,
1718 1134 108 47 vel
1780 1134 170 47 aliquid
1903 1134 232 47 deperdatur,
2089 1134 108 47 nec
2136 1134 77 47 per

1360 1174 217 45 consequens
1530 1174 140 45 agens
1623 1174 93 45 ex
1670 1174 124 45 tali
1747 1174 248 45 terminatione
1949 1174 202 45 alteratur
2104 1174 78 45 :
2119 1174 93 45 ergo

1348 1212 182 50 aeterna
1481 1212 116 50 Dei
1547 1212 182 50 volitio
1679 1212 99 50 ad
1729 1212 182 50 aliquod
1861 1212 149 50 nouum
1960 1212 182 50 volitum
2076 1212 149 50 poterit

1353 1248 207 45 terminari
1512 1248 159 45 absque
1623 1248 127 45 omni
1703 1248 159 45 ipsius
1814 1248 111 45 Dei
1877 1248 222 45 mutatione.
2052 1248 143 45 Maior
2132 1248 79 45 pa-

1355 1284 110 52 tet
1418 1284 78 52 :
1449 1284 141 52 Probo
1543 1284 188 52 minorem,
1684 1284 141 52 quia,
1778 1284 110 52 cum
1841 1284 141 52 visus
1935 1284 157 52 fertur
2045 1284 94 52 in
2076 1284 141 52 aliquid

1357 1332 132 47 primo
1445 1332 234 47 indistincte,
1636 1332 132 47 eadem
1724 1332 132 47 visio
1811 1332 205 47 continuata
1973 1332 205 47 suceessiue
2119 1332 88 47 ter-

1347 1368 169 46 minatur
1470 1368 92 46 ad
1516 1368 138 46 plura
1608 1368 215 46 distincte,
1777 1368 77 46 &
1808 1368 138 46 nihil
1900 1368 108 46 ibi
1961 1368 230 46 deperditur,
2130 1368 77 46 nec

1349 1405 172 47 aliquid
1474 1405 94 47 de
1521 1405 125 47 nouo
1599 1405 234 47 acquiritur,
1786 1405 94 47 eo
1833 1405 125 47 quod
1911 1405 140 47 eadem
2004 1405 140 47 visio
2082 1405 125 47 conti-

1358 1444 171 55 nuetur:
1482 1444 124 55 ergo
1544 1444 78 55 &c.

1396 1483 162 48 Contra,
1514 1483 221 48 impossibile
1690 1483 103 48 est
1749 1483 132 48 fieri
1838 1483 191 48 transitum
1985 1483 88 48 de
2014 1483 206 48 contindicto-

1354 1520 98 46 rio
1410 1520 84 46 in
1452 1520 280 46 contradictorium,
1690 1520 112 46 nisi
1760 1520 112 46 fiat
1830 1520 154 46 mutatio
1942 1520 84 46 in
1984 1520 154 46 aliquo,
2096 1520 98 46 sed
2138 1520 70 46 non

1357 1567 143 41 velle
1452 1567 79 41 &
1484 1567 143 41 velle
1579 1567 127 41 sunt
1658 1567 285 41 contradictoria
1896 1567 158 41 maxime
2007 1567 111 41 dum
2055 1567 158 41 sumuntur

1354 1599 182 47 respectu
1490 1599 182 47 eiusdem,
1627 1599 121 47 ergo
1703 1599 91 47 si
1749 1599 121 47 Deus
1824 1599 91 47 de
1870 1599 121 47 nouo
1946 1599 167 47 aliquid
2067 1599 167 47 vellet,

1355 1647 114 47 quod
1426 1647 99 47 non
1483 1647 142 47 voluit
1582 1647 85 47 ab
1625 1647 170 47 aeterno,
1752 1647 128 47 esset
1838 1647 185 47 transitus
1980 1647 85 47 de
2008 1647 199 47 contradicto-

1347 1680 104 46 rio
1406 1680 89 46 in
1451 1680 296 46 contradictorium,
1703 1680 74 46 &
1732 1680 89 46 in
1777 1680 148 46 volito
1880 1680 104 46 non
1939 1680 104 46 est
1999 1680 163 46 necesse
2102 1680 104 46 fieri

1349 1715 143 45 talem
1445 1715 239 45 mutationem,
1636 1715 128 45 ergo
1716 1715 143 45 esset
1811 1715 96 45 in
1859 1715 191 45 uolente.
2003 1715 143 45 lllam
2082 1715 128 45 assum-

1365 1758 105 43 tam
1425 1758 149 43 probo.
1529 1758 90 43 s.
1574 1758 119 43 quod
1649 1758 134 43 talis
1738 1758 164 43 mutatio
1858 1758 105 43 non
1917 1758 134 43 esset
2007 1758 209 43 necessario
2156 1758 60 43 in

1352 1797 154 48 volito,
1464 1797 112 48 quia
1534 1797 126 48 sicut
1617 1797 84 48 ex
1659 1797 112 48 hot,
1729 1797 112 48 quod
1799 1797 112 48 Deus
1869 1797 140 48 voluit
1967 1797 84 48 ab
2008 1797 154 48 aeterno
2106 1797 98 48 Anti-

1347 1841 183 39 christum
1484 1841 122 39 esse
1560 1841 92 39 in
1606 1841 122 39 fine
1682 1841 153 39 mundi,
1789 1841 107 39 non
1850 1841 122 39 suit
1926 1841 92 39 ab
1972 1841 168 39 aeterno
2079 1841 122 39 aliqua

1353 1873 164 51 mutatio
1472 1873 90 51 in
1517 1873 239 51 Antichristo:
1711 1873 119 51 sic,
1786 1873 90 51 si
1831 1873 119 51 Deus
1905 1873 119 51 nunc
1980 1873 90 51 de
2025 1873 119 51 nouo
2085 1873 119 51 vellet

1355 1912 237 50 Antichristum
1548 1912 118 50 esse
1622 1912 89 50 in
1666 1912 118 50 fine
1740 1912 148 50 mundi,
1844 1912 89 50 ex
1888 1912 104 50 hoc
1947 1912 104 50 non
2007 1912 148 50 fieret
2096 1912 118 50 aliqua

1350 1961 165 40 mutatio
1470 1961 120 40 nunc
1545 1961 90 40 in
1590 1961 240 40 Antichristo:
1785 1961 120 40 quia
1859 1961 135 40 nihil
1949 1961 105 40 nuc
2009 1961 135 40 esset
2099 1961 90 40 de
2129 1961 75 40 An-

1355 1992 201 47 tichristo,
1513 1992 115 47 quod
1584 1992 129 47 esset
1671 1992 129 47 capax
1757 1992 144 47 illius
1857 1992 215 47 mutationis.
2030 1992 129 47 Circa
2101 1992 101 47 illas

1355 2025 115 53 duas
1427 2025 158 53 vltimas
1542 2025 130 53 dist.
1628 2025 130 53 primi
1715 2025 130 53 libri
1801 2025 173 53 quattuor
1930 2025 115 53 sunt
2002 2025 173 53 videnda.
2118 2025 86 53 Pri-

1345 2076 90 48 mo
1390 2076 90 48 de
1435 2076 105 48 eo,
1495 2076 120 48 quod
1570 2076 195 48 quaeritur
1720 2076 180 48 Secundo,
1854 2076 135 48 vtrum
1944 2076 165 48 aliquid
2049 2076 150 48 existens

1349 2110 157 55 contra
1459 2110 173 55 diuinam
1585 2110 220 55 voluntatem
1758 2110 157 55 possit
1868 2110 157 55 cadere
1977 2110 110 55 sub
2025 2110 188 55 praecepto,

1347 2151 79 37 &
1379 2151 110 37 hoc
1442 2151 174 37 quantum
1568 2151 95 37 ad
1615 2151 142 37 dist.
1710 2151 110 37 27.
1773 2151 174 37 Tertio,
1899 2151 142 37 utrum
1994 2151 189 37 teneamur
2120 2151 79 37 no-

1340 2185 141 49 stram
1434 2185 219 49 uoluntatem
1606 2185 219 49 conformare
1779 2185 172 49 diuinae
1904 2185 219 49 uoluntati.
2076 2185 94 49 Et
2107 2185 94 49 quar

1343 2233 113 44 to,
1407 2233 97 44 in
1456 2233 113 44 quo
1520 2233 161 44 debeat
1633 2233 129 44 esse
1714 2233 210 44 huiusmodi
1875 2233 258 44 conformitas.
2084 2233 97 44 Et
2116 2233 81 44 hoc

1350 2262 169 56 quantum
1472 2262 92 56 ad
1519 2262 138 56 dist.
1611 2262 107 56 28.
1672 2262 77 56 &
1687 2262 154 56 ultimam.

1485 2330 280 91 RES
1645 2330 360 91 OLVTI
1845 2330 160 91 O.

1331 2450 128 49 Nibil
1416 2450 86 49 de
1459 2450 114 49 nouo
1530 2450 114 49 Deus
1602 2450 128 49 vult,
1687 2450 114 49 quod
1759 2450 86 49 ab
1802 2450 143 49 eterno
1901 2450 157 49 voluit.
2016 2450 114 49 Vnde
2073 2450 128 49 quamuis

1373 2499 94 38 non
1426 2499 134 38 nihil,
1520 2499 107 38 quod
1587 2499 107 38 tius
1654 2499 187 38 aduerlatur
1801 2499 134 38 volunt
1894 2499 107 38 ati,
1961 2499 187 38 praecipere
2095 2499 107 38 videa-

1367 2532 105 37 tur,
1433 2532 79 37 id
1472 2532 118 37 tamen
1551 2532 197 37 simplititer
1709 2532 92 37 non
1761 2532 118 37 vult,
1840 2532 105 37 etsi
1906 2532 79 37 id
1945 2532 145 37 propter
2050 2532 105 37 quod
2103 2532 92 37 prae-

1368 2572 130 52 ceptum
1459 2572 117 52 fuit,
1537 2572 130 52 maxime
1628 2572 130 52 velit,
1719 2572 78 52 ex
1758 2572 91 52 quo
1810 2572 169 52 intelligi
1940 2572 130 52 datur,
2031 2572 117 52 nuliu
2096 2572 91 52 aber-

1373 2603 116 60 rare,
1450 2603 90 60 qui
1502 2603 103 60 suam
1567 2603 103 60 illi
1631 2603 181 60 voluntatem
1773 2603 116 60 recte
1837 2603 181 60 conformabit.

1398 2684 587 59 ARTICVLVSI

1374 2747 147 52 Vtrum
1472 2747 98 52 si
1520 2747 130 52 Deus
1602 2747 179 52 aliquid
1732 2747 98 52 de
1781 2747 130 52 nouo
1863 2747 179 52 vellet,
1993 2747 130 52 quod
2058 2747 82 52 non

1476 2787 142 60 polut
1571 2787 95 60 ab
1618 2787 189 60 aeterno,
1760 2787 95 60 ex
1807 2787 110 60 hoc
1855 2787 173 60 vrealiter

1620 2838 227 67 mutaretur.

1382 2909 190 78 VANTVM
1515 2909 114 78 ad
1572 2909 190 78 primum
1705 2909 266 78 articulum,
1914 2909 171 78 vtrum
2028 2909 114 78 si
2066 2909 114 78 Deus

1438 2965 165 45 aliquid
1558 2965 90 45 de
1603 2965 120 45 nouo
1679 2965 165 45 uellet,
1799 2965 120 45 quod
1874 2965 105 45 non
1934 2965 150 45 uoluit
2040 2965 90 45 ab
2070 2965 105 45 aeter

1317 3004 107 52 no,
1378 3004 92 52 ex
1424 3004 107 52 hoc
1485 3004 184 52 realiter
1623 3004 214 52 mutaretur,
1791 3004 199 52 Dicendum,
1944 3004 122 52 quod
2021 3004 122 52 Deus
2082 3004 107 52 nihil

1334 3045 93 49 pot
1387 3045 120 49 uelle
1467 3045 80 49 in
1507 3045 160 49 futurum,
1627 3045 93 49 seu
1681 3045 80 49 de
1721 3045 120 49 nouo,
1801 3045 107 49 quod
1868 3045 93 49 non
1921 3045 134 49 uoluit
2015 3045 80 49 ab
2041 3045 134 49 aeterno.

1402 3079 130 64 Quia
1483 3079 113 64 cum
1548 3079 178 64 diuinum
1677 3079 146 64 velle
1775 3079 227 64 mensuretur
1953 3079 130 64 nunc
2018 3079 162 64 aeterni
