2227 3536
81 254 200 77 voluntati
234 254 169 77 diuinae
357 254 92 77 in
403 254 169 77 volito,
526 254 77 77 &
557 254 107 77 per
618 254 215 77 consequens
771 254 154 77 voluntas

77 308 149 70 beatae
181 308 179 70 virginis
316 308 149 70 Matris
420 308 104 70 non
480 308 164 70 fuisset
599 308 149 70 recta,
703 308 119 70 quod
778 308 104 70 est
823 308 104 70 nefas

69 347 123 46 dicere.

87 392 78 46 2
119 392 217 46 Praeterea,
289 392 186 46 Christus
429 392 279 46 appropinquante
661 392 186 46 passione
801 392 109 46 sua
847 392 78 46 di-

76 433 109 52 xit,
145 433 82 52 it
186 433 123 52 patet
268 433 82 52 in
308 433 191 52 euangelio,
459 433 123 52 Pater
541 433 82 52 si
582 433 123 52 fieri
664 433 150 52 potest,
773 433 164 52 transeat
882 433 41 52 a

73 469 87 48 me
116 469 130 48 calix
202 469 130 48 iste,
289 469 202 48 verumtamen
448 469 101 48 non
506 469 101 48 mea
563 469 188 48 voluntas,
708 469 101 48 sed
765 469 101 48 tua
823 469 130 48 fiat,

89 509 100 43 rgo
146 509 157 43 Christi
260 509 185 43 uoluntas,
403 509 114 43 quae
474 509 200 43 rectissima
631 509 128 43 fuit,
716 509 100 43 non
773 509 114 43 erat
830 509 86 43 con-

82 544 144 54 formis
182 544 187 54 voluntati
311 544 144 54 diuinae.

102 581 210 54 Praeterea,
267 581 225 54 sequeretur,
447 581 120 54 quod
521 581 165 54 aliquis
641 581 165 54 deberet
761 581 135 54 velle
836 581 75 54 si-

78 621 88 47 bi
122 621 176 47 subtrahi
254 621 161 47 gratiam
371 621 117 47 Dei,
444 621 73 47 &
474 621 73 47 a
503 621 103 47 Deo
562 621 190 47 separari,
708 621 117 47 quod
781 621 103 47 est
825 621 88 47 con-

82 664 106 44 tra
142 664 136 44 omnem
233 664 241 44 rectitudinem
429 664 226 44 voluntatis:
610 664 121 44 quia
685 664 136 44 recta
760 664 151 44 voluntas

85 709 102 46 non
144 709 146 46 potest
246 709 131 46 velle
334 709 175 46 separari
465 709 88 46 ab
509 709 102 46 eo,
567 709 73 46 a
597 709 102 46 quo
655 709 161 46 depedet
772 709 131 46 omnis
845 709 73 46 sua

82 744 197 53 persectio:
237 744 169 53 Probatio
364 744 254 53 consequentiae:
576 744 113 53 quia
646 744 155 53 aliquis
759 744 141 53 habens
843 744 71 53 re-

87 776 102 66 ham
146 776 205 66 voluntatem
307 776 132 66 scit,
395 776 88 66 si
438 776 190 66 ceciderit
585 776 88 66 in
629 776 190 66 peccatum,
775 776 117 66 quod
833 776 88 66 Deus

84 819 127 50 rult,
169 819 113 50 quod
239 819 85 50 ei
282 819 141 50 gratia
381 819 226 50 subtrahatur,
565 819 71 50 &
593 819 113 50 quod
664 819 141 50 factus
762 819 184 50 peccator,

94 857 117 49 Deo
144 857 200 49 separetur.

95 902 72 46 3
123 902 202 46 Praeterea,
282 902 216 46 sequeretur,
455 902 115 46 quod
527 902 159 46 aliquis
643 902 159 46 deberet
758 902 130 46 velle
830 902 87 46 suam

83 938 200 49 pemetuam
233 938 267 49 damnationem.
450 938 233 49 consequens
634 938 117 49 est
684 938 233 49 impossibile,

92 980 125 49 sicut
175 980 125 49 patet
258 980 83 49 ex
300 980 263 49 auctoritatibus,
521 980 111 49 quas
591 980 138 49 adduxi
687 980 180 49 superius:
812 980 97 49 Proba

87 1018 98 47 uo
136 1018 294 47 consequentiae:
381 1018 131 47 quia
462 1018 131 47 Deus
544 1018 131 47 vult
626 1018 212 47 aliquorum
773 1018 147 47 hominum

103 1056 189 40 emetuam
240 1056 275 40 damnationem,
464 1056 120 40 qui
533 1056 155 40 tamen
636 1056 120 40 pro
705 1056 138 40 nunc
773 1056 138 40 habent

102 1095 133 42 ectam
191 1095 221 42 voluntatem,
367 1095 118 42 ergo
441 1095 88 42 si
485 1095 191 42 reuelaret
632 1095 103 42 hoc
691 1095 162 42 talibus
794 1095 118 42 homini

97 1134 118 43 bus,
171 1134 118 43 tunc
244 1134 132 43 iuxta
333 1134 206 43 praedictam
494 1134 235 43 conclusionem
686 1134 118 43 ipsi
744 1134 177 43 tenerentur

103 1172 83 50 poc
139 1172 83 50 velle

102 1206 226 51 1Praeterea,
283 1206 120 51 quod
358 1206 120 51 Deus
433 1206 196 51 consulit,
584 1206 105 51 hoc
644 1206 136 51 vult,
734 1206 105 51 sed
795 1206 105 51 non
840 1206 75 51 te-

88 1255 133 51 netur
177 1255 177 51 quilibet
309 1255 147 51 velle,
413 1255 118 51 quod
486 1255 118 51 Deus
560 1255 192 51 consulit,
708 1255 118 51 ergo
781 1255 103 51 non
826 1255 88 51 tene

103 1289 86 55 ui
146 1289 172 55 quilibet
274 1289 143 55 velle,
374 1289 114 55 quod
446 1289 114 55 Deus
503 1289 100 55 vult.

103 1328 230 48 4Praeterea,
287 1328 169 48 arguunt
410 1328 154 48 quidam
518 1328 138 48 alij,
610 1328 123 48 quod
687 1328 138 48 nulla
763 1328 154 48 voluntas

97 1371 127 50 tata
177 1371 159 50 possit
288 1371 223 50 conformari
463 1371 207 50 voluntati
622 1371 191 50 diuinae:
765 1371 111 50 Qua
813 1371 95 50 nul-

99 1407 91 50 am
144 1407 228 50 simpliciter
327 1407 167 50 finitum
448 1407 152 50 potest
555 1407 213 50 conformari
722 1407 106 50 ei,
782 1407 122 50 quod
843 1407 61 50 es

93 1445 189 47 Spliciter
239 1445 203 47 infinitum:
399 1445 102 47 sed
457 1445 131 47 omnis
544 1445 174 47 voluntas
675 1445 145 47 creata
776 1445 102 47 est
820 1445 87 47 sim-

96 1485 150 48 piiner
201 1485 165 48 finita:
321 1485 75 48 &
351 1485 180 48 voluntas
486 1485 150 48 diuina
590 1485 105 48 est
650 1485 225 48 simpliciter
815 1485 105 48 infi-

93 1524 117 52 rita,
171 1524 104 52 ergo
223 1524 52 52 &c

99 1567 75 50 T
129 1567 210 50 Praeterea,
294 1567 225 50 sequeretur,
474 1567 120 50 quod
548 1567 180 50 voluntas
683 1567 150 50 creata
773 1567 135 50 adaequa

82 1602 194 45 stdiuinam
231 1602 224 45 voluntatem,
411 1602 179 45 falsitas
545 1602 239 45 consequentis
740 1602 149 45 patet.
829 1602 75 45 Pro

84 1641 118 44 banc
158 1641 266 44 consequentiae:
380 1641 118 44 quia
453 1641 177 44 quicquid
586 1641 177 44 attingit
719 1641 162 44 alterum
822 1641 89 44 tota

86 1680 115 50 ei,
151 1680 115 50 hoc
217 1680 197 50 adaequat
364 1680 164 50 ipsum,
479 1680 115 50 sed
544 1680 131 50 omne
626 1680 131 50 quod
692 1680 213 50 conformatur

81 1717 173 45 pliciter
211 1717 173 45 simplici
341 1717 101 45 hoc
398 1717 188 45 totaliter
543 1717 130 45 ipsum
630 1717 188 45 attingit:
774 1717 116 45 quia
832 1717 72 45 uel

85 1760 137 45 nitus
176 1760 107 45 non
237 1760 107 45 att
298 1760 122 45 ngit
374 1760 152 45 ipsum,
481 1760 76 45 &
512 1760 122 45 tunc
588 1760 91 45 in
634 1760 137 45 nullo
710 1760 198 45 conformabi-

81 1798 113 46 ure,
151 1798 85 46 ve
194 1798 85 46 si
236 1798 169 46 attingit
363 1798 113 46 tunc
433 1798 183 46 totaliter
574 1798 183 46 attingit,
715 1798 127 46 alias
799 1798 99 46 non
842 1798 56 46 es

83 1837 85 54 ei
125 1837 211 54 simpliciter
280 1837 127 54 simplex

100 1872 94 49 ed
147 1872 126 49 illa
226 1872 110 49 non
289 1872 236 49 concludunt;
477 1872 126 49 ldeo
556 1872 141 49 primo
650 1872 157 49 arguam
760 1872 157 49 contra
854 1872 47 49 i

52 1913 99 58 un
102 1913 216 58 opinionem
268 1913 265 58 fortificando
483 1913 166 58 primam
600 1913 282 58 conclusionem,
815 1913 83 58 Se-

74 1955 125 45 ondo
153 1955 141 45 istis
247 1955 172 45 motiuis
356 1955 204 45 respondebo.

81 1994 76 48 1
111 1994 137 48 Primo
203 1994 153 48 igitur
310 1994 153 48 arguam
417 1994 122 48 sic:
493 1994 137 48 Sicut
584 1994 92 48 se
630 1994 137 48 habet
707 1994 198 48 intellectus

69 2034 135 53 eetus
159 2034 90 53 ad
204 2034 224 53 intellectum
383 2034 180 53 diuinum,
518 2034 105 53 sic
578 2034 180 53 voluntas
712 2034 150 53 creata
817 2034 90 53 ad
847 2034 60 53 vo

69 2070 165 43 nntatem
189 2070 180 43 diuinam:
324 2070 105 43 sed
384 2070 150 43 nullus
489 2070 225 43 intellectus
668 2070 150 43 potest
773 2070 120 43 esse
833 2070 75 43 re-

64 2110 110 46 cus,
133 2110 96 46 ieu
188 2110 138 46 verus,
285 2110 83 46 si
326 2110 152 46 taliter
436 2110 96 46 est
492 2110 179 46 difformis
629 2110 83 46 ab
671 2110 193 46 intellectu
809 2110 96 46 diui-

67 2155 78 44 D
99 2155 125 44 quod
177 2155 203 44 cognoscit
333 2155 156 44 illud,
442 2155 125 44 quod
520 2155 234 44 intellectus
708 2155 172 44 diuinus
833 2155 109 44 non

64 2190 191 40 enoscit:
208 2190 128 40 ergo
287 2190 143 40 nulla
383 2190 191 40 uoluntas
526 2190 159 40 creata
638 2190 175 40 poterit
765 2190 128 40 esse
829 2190 64 40 re

70 2228 93 40 oh
117 2228 93 40 in
164 2228 155 40 volito
273 2228 109 40 non
335 2228 109 40 est
397 2228 202 40 conformis
552 2228 171 40 diuinae
677 2228 218 40 voluntati.
832 2228 78 40 Ma-

58 2269 168 42 patet,
176 2269 152 42 Probo
277 2269 202 42 minorem:
429 2269 135 42 quia
513 2269 118 42 cum
580 2269 185 42 diuinus
698 2269 219 42 intellectus

63 2306 175 47 pomnino
190 2306 159 47 verus,
301 2306 95 47 si
349 2306 143 47 circa
444 2306 175 47 aliquod
571 2306 190 47 obiectum
698 2306 206 47 intellectus

61 2342 164 51 nreatus
180 2342 238 51 intelligeret
374 2342 194 51 oppositum
523 2342 134 51 eius,
612 2342 119 51 quod
687 2342 209 51 intelligit
836 2342 74 51 in-

62 2382 183 49 tellectus
203 2382 169 49 diuinus,
330 2382 127 49 talis
414 2382 212 49 intellectus
584 2382 155 49 creatus
696 2382 85 49 de
725 2382 183 49 necessitate

61 2422 111 59 esset
123 2422 111 59 falsus.

120 2454 229 64 Praeterea,
300 2454 131 64 homo
381 2454 164 64 habens
496 2454 164 64 rectam
610 2454 245 64 voluntatem,
790 2454 115 64 mane-

55 2507 203 44 Puiusmodi
212 2507 250 44 rectitudine,
415 2507 110 44 non
478 2507 156 44 potest
587 2507 156 44 licite
697 2507 156 44 facere
791 2507 125 44 contra

60 2540 213 49 solantatem
227 2540 183 49 diuinam,
364 2540 122 49 ergo
440 2540 107 49 nec
501 2540 152 49 potest
608 2540 152 49 licite
714 2540 137 49 velle
790 2540 122 49 contra

56 2578 221 50 poluntatem
230 2578 189 50 diuinam.
371 2578 221 50 Antecedens
545 2578 158 50 patet,
655 2578 189 50 Probatio
781 2578 126 50 conse-

60 2625 160 47 nentiae
177 2625 117 47 quia
250 2625 117 47 quod
323 2625 160 47 licitum
440 2625 102 47 est
498 2625 146 47 velle,
600 2625 160 47 licitum
717 2625 102 47 est
761 2625 131 47 facere,

93 2657 215 56 Praeterea,
261 2657 107 56 non
323 2657 138 56 minus
415 2657 169 56 deficit
538 2657 77 56 a
568 2657 230 56 rectitudine
737 2657 169 56 repugnams

45 2692 159 51 diinae
156 2692 223 51 voluntati,
331 2692 127 51 quam
411 2692 207 51 repugnans
570 2692 175 51 diuinae
681 2692 223 51 prouidentiae

51 2736 88 52 Ed
95 2736 88 52 vt
139 2736 103 52 Ait
198 2736 176 52 Augustin
330 2736 147 52 impius
433 2736 117 52 est,
506 2736 103 52 cui
565 2736 103 52 non
623 2736 147 52 placet
726 2736 147 52 diuina
814 2736 88 52 pro.

25 2778 196 52 identia.

73 2816 218 43 Preterea,
241 2816 151 43 recta
341 2816 201 43 voluntas
492 2816 151 43 debet
593 2816 117 43 hoc
660 2816 168 43 uelle,
777 2816 134 43 quod
844 2816 67 43 in

54 2858 104 46 nem
114 2858 119 46 niea
188 2858 178 46 oratione
322 2858 134 46 petit
411 2858 74 46 a
440 2858 104 46 Deo
500 2858 149 46 fieri;
604 2858 104 46 sed
663 2858 89 46 in
708 2858 163 46 signum,
812 2858 89 46 quod

55 2895 144 50 ponia
151 2895 112 50 Dei
215 2895 192 50 voluntas
358 2895 144 50 fieri
454 2895 192 50 petatur,
598 2895 128 50 ideo
662 2895 239 50 comprehenditu

71 2928 124 57 psa
142 2928 212 57 domimica
301 2928 212 57 oratione
460 2928 124 57 Dei
531 2928 212 57 voluntas
691 2928 124 57 tam
761 2928 106 57 in
797 2928 106 57 celo

72 2968 95 53 tam
127 2968 82 53 in
168 2968 136 53 terra;
263 2968 163 53 Dicitur.
385 2968 68 53 n
412 2968 109 53 ibi,
480 2968 109 53 Fiat
548 2968 163 53 voluntas
671 2968 95 53 tua
725 2968 122 53 ficut
807 2968 82 53 in
834 2968 68 53 ce-

50 3015 92 51 lo
96 3015 77 51 &
127 3015 92 51 in
157 3015 108 51 terra

68 3059 81 53 1
100 3059 211 53 Preterea,
263 3059 146 53 omnis
360 3059 195 53 ordinata
507 3059 195 53 voluntas
653 3059 146 53 debet
734 3059 179 53 praepone

952 268 86 66 re
995 268 129 66 velle
1081 268 172 66 diuinum,
1210 268 101 66 seu
1268 268 129 66 velle
1354 268 158 66 diuinae
1469 268 201 66 voluntatis
1627 268 101 66 suo
1670 268 129 66 proprio

957 323 150 44 velle.
1062 323 120 44 illa
1137 323 150 44 patet:
1241 323 120 44 quia
1316 323 90 44 da
1361 323 210 44 oppositum,
1526 323 120 44 tunc
1601 323 195 44 huiusmodi
1735 323 75 44 vo-

947 358 143 55 luntas
1047 358 100 55 nec
1104 358 129 55 esset
1190 358 143 55 recta,
1290 358 100 55 nec
1347 358 186 55 ordinata:
1490 358 114 55 quia
1561 358 214 55 peruerteret
1718 358 86 55 ordi

944 401 126 52 nem:
1023 401 126 52 quia
1102 401 111 52 non
1165 401 253 52 praeponeret,
1371 401 126 52 quod
1450 401 158 52 omnino
1560 401 111 52 est
1607 401 190 52 praeponen-

951 438 119 52 dum:
1026 438 104 52 sed
1085 438 90 52 si
1130 438 149 52 aliqua
1235 438 179 52 uoluntas
1369 438 104 52 non
1429 438 224 52 conformaret
1608 438 90 52 se
1653 438 90 52 in
1683 438 104 52 uolit

959 475 158 53 diuinae
1074 475 201 53 uoluntati,
1232 475 115 53 illa
1304 475 101 53 non
1361 475 216 53 praeponeret
1534 475 129 53 uelle
1620 475 158 53 diuinum
1721 475 72 53 suo

955 520 162 39 proprio
1073 520 147 39 velle,
1176 520 103 39 sed
1235 520 147 39 potius
1337 520 206 39 econuerso,
1499 520 118 39 ergo
1573 520 132 39 talis
1646 520 147 39 uoluntas

949 564 100 47 non
1006 564 128 47 esset
1091 564 185 47 ordinata,
1234 564 100 47 nec
1291 564 100 47 per
1348 564 200 47 consequens
1505 564 143 47 recta,
1605 564 143 47 igitur
1690 564 100 47 argu-

946 595 160 47 menta
1053 595 125 47 non
1106 595 232 47 concludunt.

987 630 92 48 Ad
1033 630 154 48 primam
1141 630 154 48 igitur
1248 630 185 48 rationem
1387 630 185 48 alterius
1525 630 200 48 opinionis
1664 630 123 48 dicen-

940 675 115 46 dum,
1012 675 115 46 quod
1083 675 158 46 quamuis
1198 675 173 46 gloriosa
1328 675 129 46 virgo
1414 675 129 46 mater
1500 675 244 46 ineffabiliter
1687 675 101 46 dolus

952 710 101 53 rit
1009 710 86 53 de
1052 710 144 53 dolore
1153 710 187 53 passionis
1297 710 129 53 filij
1383 710 115 53 sui,
1455 710 129 53 tamen
1541 710 173 53 voluntas
1671 710 101 53 sua
1714 710 72 53 non

944 746 118 46 fuit
1018 746 192 46 difformis
1166 746 74 46 a
1195 746 192 46 uoluntate
1343 746 162 46 diuina:
1461 746 118 46 quia
1535 746 133 46 sicut
1624 746 118 46 Deus
1683 746 103 46 patei

957 790 148 45 soluit
1061 790 148 45 filium
1165 790 119 45 suum
1239 790 193 45 sustinere
1387 790 207 45 passionem,
1550 790 74 45 &
1580 790 148 45 mortem
1683 790 104 45 pro
1728 790 59 45 si

940 824 120 53 lute
1015 824 150 53 humani
1120 824 180 53 generis;
1255 824 105 53 sic
1315 824 75 53 &
1345 824 180 53 magister
1481 824 105 53 hoc
1541 824 150 53 uoluit
1631 824 165 53 uoluntate

941 867 248 49 deliberatiua:
1146 867 131 49 licet
1233 867 146 49 maxime
1335 867 190 49 doluerit,
1481 867 73 49 &
1510 867 175 49 compassa
1641 867 117 49 sibi
1700 867 87 49 sue-

938 907 104 44 rit
997 907 192 44 uoluntate
1145 907 192 44 naturali,
1294 907 104 44 uel
1353 907 192 44 uoluntate
1501 907 192 44 sensitiua
1649 907 133 44 prout
1723 907 74 44 ap-

948 946 171 44 petitus
1073 946 217 44 sensitiuus
1243 946 171 44 dicitur
1367 946 202 44 quandoque
1522 946 202 44 uoluntas.
1677 946 93 44 Et
1708 946 78 44 cum

952 977 164 56 dicitur
1071 977 89 56 in
1116 977 164 56 minori,
1235 977 134 56 lllud
1325 977 104 56 non
1384 977 164 56 uidetur
1504 977 119 56 quis
1578 977 149 56 uelle,
1683 977 89 56 de
1712 977 75 56 quo

951 1017 135 52 dolet:
1045 1017 108 52 illa
1112 1017 94 52 est
1166 1017 135 52 falsa,
1261 1017 81 52 si
1301 1017 121 52 dolor
1382 1017 67 52 &
1409 1017 121 52 uelle
1490 1017 189 52 referuntur
1639 1017 81 52 ad
1666 1017 121 52 distin-

943 1063 113 48 ctas
1014 1063 127 48 uires
1099 1063 156 48 animae,
1212 1063 127 48 sicut
1297 1063 85 48 in
1339 1063 184 48 proposito
1481 1063 113 48 sunt
1551 1063 198 48 referenda.
1693 1063 99 48 Sicut

939 1102 76 48 n
969 1102 166 48 aliquis
1090 1102 106 48 pot
1151 1102 136 48 ualde
1241 1102 151 48 dolere
1347 1102 91 48 de
1393 1102 136 48 amara
1483 1102 182 48 potione,
1620 1102 106 48 uel
1680 1102 91 48 de
1710 1102 76 48 me-

947 1142 110 41 bri
1010 1142 220 41 abicisione
1183 1142 188 41 secundum
1324 1142 204 41 appetitum
1481 1142 235 41 sensitiuum,
1669 1142 78 41 &
1685 1142 110 41 tamen

949 1183 199 47 uoluntate
1102 1183 245 47 deliberatiua
1301 1183 123 47 uult
1378 1183 138 47 illa,
1470 1183 107 47 sic
1531 1183 92 47 in
1562 1183 184 47 proposito.

970 1213 92 52 Ad
1016 1213 184 52 secundam
1154 1213 138 52 patet
1246 1213 107 52 per
1307 1213 107 52 iam
1368 1213 153 52 dicta:
1476 1213 123 52 quia
1553 1213 123 52 illa
1629 1213 138 52 uerba
1706 1213 92 52 Chri

938 1251 100 53 sti
995 1251 186 53 referenda
1138 1251 114 53 sunt
1209 1251 86 53 ad
1252 1251 215 53 uoluntatem,
1424 1251 129 53 prout
1510 1251 157 53 dicitur
1624 1251 200 53 naturalis,

939 1293 119 45 &lad
1013 1293 193 45 appetitum
1162 1293 222 45 sensitiuum.
1339 1293 104 45 Si.
1399 1293 89 45 n.
1443 1293 178 45 Christus
1577 1293 193 45 uoluntate
1710 1293 74 45 de-

939 1329 205 53 liberatiua
1100 1329 102 53 non
1159 1329 190 53 uoluisset
1305 1329 176 53 respectu
1437 1329 146 53 illius
1539 1329 190 53 passionis
1671 1329 117 53 illud,

944 1372 126 45 quod
1023 1372 141 45 pater
1117 1372 173 45 uoluit,
1243 1372 126 45 tunc
1321 1372 110 45 per
1384 1372 141 45 illam
1478 1372 204 45 passionem
1635 1372 141 45 nihil
1714 1372 78 45 me-

934 1411 191 47 ruisset,
1077 1411 111 47 nec
1141 1411 111 47 per
1204 1411 223 47 consequens
1379 1411 175 47 humanum
1507 1411 143 47 genus
1586 1411 207 47 redemisset.

982 1449 100 42 Ad
1032 1449 183 42 tertiam
1166 1449 133 42 nego
1249 1449 300 42 consequentiam.
1499 1449 100 42 Ad
1549 1449 250 42 probationem
1732 1449 67 42 di

952 1490 158 37 tendum,
1067 1490 115 37 quod
1138 1490 201 37 subtractio
1296 1490 158 37 gratiae
1411 1490 101 37 non
1469 1490 101 37 est
1526 1490 230 37 simpliciter,
1713 1490 72 37 &
1727 1490 72 37 ab-

943 1526 141 44 solute
1041 1526 70 44 a
1070 1526 98 44 Deo
1126 1526 155 44 uolita,
1238 1526 98 44 sed
1295 1526 281 44 conditionaliter,
1534 1526 113 44 puta
1604 1526 98 44 sub
1660 1526 98 44 hac
1703 1526 84 44 con-

945 1562 167 47 ditione,
1070 1562 83 47 si
1112 1562 111 47 ille
1181 1562 180 47 ceciderit
1320 1562 83 47 in
1362 1562 180 47 peccatum:
1500 1562 111 47 ergo
1570 1562 97 47 non
1625 1562 97 47 est
1681 1562 83 47 ad
1709 1562 83 47 pro-

947 1605 175 46 positum:
1079 1605 117 46 quia
1152 1605 190 46 conclusio
1297 1605 146 46 posita
1399 1605 102 46 est
1458 1605 87 46 de
1501 1605 117 46 his,
1574 1605 117 46 quae
1647 1605 117 46 Deus
1706 1605 87 46 vult

940 1642 225 51 simpliciter
1120 1642 75 51 &
1135 1642 165 51 absolute.

976 1682 135 47 Vnde
1061 1682 203 47 notanter
1213 1682 118 47 est
1280 1682 270 47 aduertendum,
1500 1682 135 47 quod
1584 1682 169 47 quando
1686 1682 101 47 Deus

944 1724 121 40 uult
1019 1724 166 40 aliquid
1140 1724 302 40 conditionaliter,
1397 1724 121 40 tunc
1472 1724 196 40 quicunque
1623 1724 121 40 uult
1683 1724 106 40 oppo-

937 1762 130 42 situm
1023 1762 144 42 illius
1124 1762 217 42 conditionis
1298 1762 188 42 adiectae,
1442 1762 116 42 ille
1514 1762 144 42 potest
1615 1762 130 42 uelle
1687 1762 87 42 oppo

938 1801 129 43 situm
1024 1801 187 43 praedicti
1168 1801 158 43 uoliti,
1283 1801 115 43 quod
1355 1801 115 43 Deus
1427 1801 144 43 uoluit
1527 1801 101 43 sub
1585 1801 115 43 illa
1642 1801 144 43 conditio

933 1841 108 42 ne,
994 1841 215 42 permanente
1163 1841 138 42 tamen
1255 1841 246 42 conformitate
1455 1841 215 42 uoluntatis
1624 1841 154 42 illius
1717 1841 61 42 ho

932 1878 137 47 minis
1023 1878 91 47 ad
1069 1878 213 47 voluntatem
1236 1878 122 47 Dei.
1312 1878 91 47 Da
1357 1878 167 47 igitur,
1479 1878 122 47 quod
1555 1878 167 47 aliquis
1661 1878 122 47 habens

938 1916 152 48 rectam
1044 1916 212 48 uoluntatem
1211 1916 152 48 sciat,
1317 1916 121 48 quod
1393 1916 91 48 si
1438 1916 212 48 mortaliter
1590 1916 197 48 peccauerit,

952 1955 114 43 Deus
1023 1955 114 43 uult
1095 1955 157 43 auferre
1209 1955 157 43 gratiam
1323 1955 86 43 ab
1366 1955 100 43 eo,
1423 1955 114 43 ille
1494 1955 129 43 debet
1580 1955 129 43 uelle
1651 1955 129 43 opposi-

936 1992 111 51 tum
999 1992 158 51 illius
1110 1992 253 51 conditionis,
1316 1992 126 51 puta
1395 1992 142 51 debet
1490 1992 142 51 uelle
1584 1992 111 51 non
1632 1992 158 51 peccare,

936 2031 119 58 tunc
1011 2031 119 58 sine
1085 2031 239 58 difformitate
1279 2031 119 58 suae
1354 2031 209 58 uoluntatis
1518 2031 90 58 ad
1563 2031 209 58 uoluntatem
1712 2031 75 58 di-

936 2074 141 49 uinam
1030 2074 157 49 potest
1140 2074 157 49 uelle,
1250 2074 125 49 quod
1328 2074 125 49 Deus
1407 2074 172 49 gratiam
1532 2074 110 49 non
1579 2074 157 49 auferat.

951 2110 135 47 Forte
1041 2110 180 47 dicetur,
1176 2110 120 47 quod
1251 2110 120 47 ille
1326 2110 105 47 non
1387 2110 120 47 uult
1462 2110 195 47 oppositum
1612 2110 150 47 illius
1702 2110 75 47 com

936 2148 188 45 ditionis:
1080 2148 116 45 quia
1153 2148 130 45 forte
1240 2148 116 45 uult
1312 2148 203 45 mortaliter
1457 2148 145 45 peccare.

977 2187 134 56 Tunc
1061 2187 235 56 respondeo,
1246 2187 134 56 quod
1330 2187 151 56 talis
1431 2187 101 56 eo
1481 2187 151 56 ipso,
1582 2187 134 56 quod
1650 2187 134 56 uellet

944 2229 223 42 mortaliter
1119 2229 175 42 peccate
1246 2229 111 42 iam
1310 2229 111 42 non
1374 2229 175 42 haberet
1501 2229 159 42 rectam
1596 2229 191 42 uoluntatem

935 2268 85 44 &
969 2268 120 44 per
1037 2268 239 44 consequens
1225 2268 239 44 argumentum
1413 2268 120 44 non
1482 2268 154 44 esset
1584 2268 171 44 contra
1687 2268 102 44 con-

939 2307 210 42 clusionem
1100 2307 242 42 praemissam,
1293 2307 129 42 quae
1374 2307 258 42 praesupponit
1567 2307 226 42 rectitudinem

922 2342 199 52 uoluntatis.

973 2383 99 54 Ad
1023 2383 182 54 quartam
1156 2383 182 54 dicendo
1288 2383 133 54 nego
1371 2383 298 54 consequentiam.
1619 2383 99 54 Ad
1653 2383 133 54 proba-

938 2422 153 47 tionem
1045 2422 138 47 patet
1137 2422 107 47 per
1198 2422 107 47 iam
1259 2422 153 47 dicta:
1367 2422 123 47 quia
1443 2422 92 47 ex
1489 2422 107 47 quo
1550 2422 138 47 talis
1642 2422 123 47 homo
1703 2422 77 47 pro

944 2462 127 44 tunc
1024 2462 222 44 supponitur
1198 2462 159 44 habere
1309 2462 159 44 rectam
1421 2462 238 44 uoluntatem,
1611 2462 159 44 utique
1707 2462 79 44 pro

940 2500 131 43 tunc
1022 2500 148 43 habet
1120 2500 197 43 gratiam,
1268 2500 82 43 &
1301 2500 115 43 pro
1367 2500 131 43 tunc
1449 2500 131 43 Deus
1531 2500 115 43 non
1597 2500 131 43 uult
1663 2500 131 43 damna-

940 2539 142 52 tionem
1039 2539 156 52 illius,
1152 2539 113 52 nisi
1223 2539 99 52 sub
1280 2539 99 52 hac
1337 2539 213 52 conditione,
1507 2539 85 52 si
1549 2539 184 52 finaliter
1677 2539 113 52 deces-

934 2579 131 43 serit
1022 2579 116 43 sine
1095 2579 160 43 gcatia.
1211 2579 131 43 Etiam
1298 2579 87 43 in
1342 2579 204 43 probatione
1502 2579 247 43 consequentiae
1691 2579 102 43 assu-

937 2619 152 44 mitur
1038 2619 135 44 unum
1123 2619 185 44 falsum,
1257 2619 84 44 &
1291 2619 236 44 quodammodo
1477 2619 270 44 impossibile:
1679 2619 101 44 quis

932 2657 172 42 minimum
1057 2657 250 42 inconueniens
1261 2657 94 42 in
1307 2657 109 42 Deo
1370 2657 109 42 est
1433 2657 250 42 impossibile;
1636 2657 109 42 Sed
1683 2657 109 42 incon

945 2698 156 44 ueniens
1058 2698 114 44 esse
1129 2698 170 44 uidetur,
1257 2698 114 44 quod
1328 2698 142 44 alicui
1428 2698 185 44 reueletur
1570 2698 114 44 eius
1627 2698 156 44 damnatio;

943 2734 116 51 quia
1016 2734 160 51 daretur
1133 2734 116 51 sibi
1205 2734 160 51 materia
1322 2734 204 51 disperandi
1482 2734 87 51 de
1525 2734 102 51 Dei
1569 2734 218 51 misericordia,

932 2777 125 46 ideo
1011 2777 109 46 non
1073 2777 109 46 est
1136 2777 235 46 estimandum,
1323 2777 125 46 quod
1402 2777 156 46 alicui
1511 2777 235 46 reuelatione
1683 2777 94 46 ueri

946 2811 122 47 dica
1022 2811 199 47 reueletur
1175 2811 122 47 eius
1251 2811 168 47 aeterna
1374 2811 199 47 damnatio:
1526 2811 92 47 Si
1572 2811 138 47 tamen
1649 2811 138 47 aliquis

948 2850 217 54 perciperet
1118 2850 201 54 huiusmodi
1273 2850 263 54 reuelationem,
1490 2850 124 54 ille
1567 2850 108 54 uel
1629 2850 139 54 debet
1707 2850 77 54 ta-

938 2890 115 44 lem
1003 2890 262 44 reuelationem
1216 2890 115 44 non
1282 2890 164 44 putare
1397 2890 131 44 esse
1479 2890 82 44 a
1511 2890 131 44 Deo,
1593 2890 115 44 sed
1659 2890 82 44 a
1675 2890 115 44 demo-

934 2927 117 43 ne,
1001 2927 117 43 qui
1068 2927 167 43 uellet
1184 2927 150 43 etiam
1284 2927 217 43 quandoque
1451 2927 150 43 bonos
1551 2927 183 43 homines
1667 2927 117 43 pone-

934 2976 95 43 re
982 2976 95 43 in
1029 2976 285 43 desperationem:
1266 2976 111 43 vel
1329 2976 95 43 si
1377 2976 111 43 non
1440 2976 158 43 posset
1551 2976 174 43 uincere
1677 2976 142 43 talem

933 3010 210 45 conceptum
1094 3010 161 45 quando
1207 3010 177 45 putaret
1336 3010 145 45 talem
1432 3010 258 45 reuelationem
1642 3010 129 45 sibi
1706 3010 81 45 fa-

939 3046 123 60 ctam
1015 3046 123 60 esse
1092 3046 77 60 a
1123 3046 123 60 Deo,
1200 3046 123 60 tunc
1277 3046 108 60 non
1338 3046 169 60 deberet
1461 3046 154 60 putare
1569 3046 138 60 talem
1646 3046 138 60 senten
