2345 3576
394 244 111 70 tur
458 244 175 70 euidens
585 244 190 70 secundum
727 244 222 70 scientiam,
902 244 238 70 contradicat
1092 244 111 70 non
1140 244 127 70 euidem

395 300 100 51 ti
445 300 199 51 secundum
595 300 232 51 scientiam,
777 300 183 51 euidens
910 300 149 51 tamen
1009 300 199 51 secundum
1142 300 133 51 scien-

398 339 136 50 tiam
483 339 119 50 non
551 339 204 50 repugnat
704 339 238 50 ineuidenti
892 339 204 50 secundum
1045 339 170 50 fidem.
1147 339 119 50 Etiam

401 380 137 50 minor
492 380 107 50 est
553 380 152 50 falsa,
659 380 122 50 quia
736 380 152 50 habens
842 380 152 50 certam
949 380 213 50 scientiam,
1116 380 137 50 adhuc
1192 380 76 50 ap-

395 422 209 57 prehendens
559 422 254 57 auctoritatem,
768 422 105 57 cui
828 422 134 57 prius
918 422 105 57 per
977 422 134 57 fidem
1067 422 194 57 adhaesit,
1201 422 60 57 ei

390 461 104 48 dem
450 461 178 48 poterit,
583 461 119 48 post
657 461 163 48 habitam
776 461 208 48 scientiam,
939 461 178 48 firmiter
1073 461 208 48 adhaerere,
1221 461 45 48 &

394 509 111 39 ideo
463 509 208 39 ineuidentia
630 509 97 39 non
685 509 97 39 est
741 509 97 39 sic
796 509 83 39 de
838 509 194 39 intrinseca
991 509 153 39 ratione
1102 509 139 39 fidei,
1185 509 83 39 quam

398 545 214 42 necessario
566 545 214 42 euidentiam
734 545 199 42 scientiae
887 545 199 42 excludat,
1041 545 122 42 ergo
1102 545 61 42 &c

419 573 98 56 Ad
468 573 196 56 secundum
615 573 131 56 nego
696 573 245 56 antecedens,
892 573 131 56 quia
974 573 147 56 licet
1072 573 163 56 opinio
1170 573 98 56 quam

401 618 102 50 tum
460 618 88 50 ad
504 618 102 50 id,
562 618 117 50 quod
635 618 263 50 imperfectionis
854 618 146 50 dicit:
956 618 102 50 non
1014 618 146 50 possit
1116 618 131 50 simul
1189 618 73 50 sti

389 654 96 46 re
437 654 112 46 cum
501 654 144 46 fide;
597 654 176 46 quantum
725 654 144 46 tamen
821 654 96 46 ad
869 654 240 46 substantiam
1061 654 192 46 habitus,
1189 654 80 46 ex-

399 694 137 54 clusa
490 694 273 54 imperfectione,
718 694 137 54 simul
809 694 121 54 stat
885 694 106 54 cum
945 694 121 54 fide
1021 694 167 54 Propter
1143 694 121 54 quod
1203 694 61 54 di

398 733 158 49 citur.
509 733 79 49 4
541 733 222 49 topicorum,
715 733 127 49 quod
794 733 142 49 fides
889 733 111 49 est
952 733 158 49 opinio
1063 733 206 49 vehemens.
1206 733 47 49 E

395 770 182 55 similiter
535 770 168 55 probatio
661 770 168 55 deficit,
787 770 112 55 quia
858 770 126 55 illud
942 770 98 55 non
998 770 98 55 est
1054 770 84 55 de
1096 770 154 55 ratione
1194 770 56 55 op

397 816 167 48 nionis,
518 816 121 48 quod
594 816 197 48 minuitur,
746 816 76 48 &
776 816 213 48 destruitur
943 816 106 48 per
1004 816 213 48 opinionem:
1156 816 106 48 nihil

403 855 114 47 enim
474 855 142 47 minuit
573 855 100 47 id,
630 855 114 47 quod
701 855 100 47 est
758 855 85 47 de
801 855 100 47 sua
858 855 156 47 ratione
971 855 213 47 essentiali,
1142 855 100 47 sed
1185 855 85 47 quam

400 892 88 49 to
444 892 147 49 opinio
548 892 133 49 magis
636 892 221 49 inualescit,
813 892 177 49 respectu
946 892 177 49 alicuius
1064 892 206 49 conclusionis

398 932 141 45 tanto
492 932 141 45 magis
587 932 173 45 formido
712 932 204 45 minuitur.
869 932 173 45 Propter
994 932 125 45 quod
1073 932 110 45 ait
1120 932 141 45 Poctius

401 968 217 49 Argumentum
572 968 109 49 est
634 968 140 49 ratio
728 968 109 49 rei
790 968 155 49 dubiae
898 968 171 49 faciens
1023 968 155 49 fidem.
1131 968 93 49 Et
1162 968 109 49 appel

395 1010 115 49 lat
460 1010 115 49 ibi
526 1010 245 49 argumentum,
722 1010 196 49 rationem
869 1010 180 49 topicam
1000 1010 229 49 generantem
1164 1010 98 49 opi-

404 1048 174 45 nionem.
531 1048 221 45 Praeterea,
705 1048 158 45 opinio
815 1048 206 45 confirmat
974 1048 158 45 fidem,
1084 1048 127 45 ergo
1147 1048 127 45 potest

398 1090 140 45 stare
492 1090 109 45 cum
554 1090 109 45 ea.
616 1090 218 45 Antecedens
788 1090 202 45 probatur,
943 1090 125 45 quia
1021 1090 156 45 videns
1114 1090 156 45 Christum

396 1128 180 48 mortuos
526 1128 229 48 suscitare,
706 1128 147 48 habet
804 1128 213 48 probabile
968 1128 245 48 argumentum,
1164 1128 82 48 &
1180 1128 82 48 per

396 1170 217 43 consequens
567 1170 217 43 opinionem,
738 1170 124 43 quod
816 1170 124 43 ipse
893 1170 109 43 sit
955 1170 140 43 Deus,
1049 1170 78 43 &
1080 1170 171 43 mentiri
1188 1170 78 43 non

402 1210 162 50 possit,
520 1210 103 50 quo
579 1210 148 50 posito
683 1210 221 50 confirmatur
860 1210 89 50 in
904 1210 89 50 eo
948 1210 192 50 articulus
1081 1210 177 50 trinitatis

396 1244 117 51 quia
470 1244 176 51 Christus
602 1244 132 51 fecit
689 1244 191 51 mentionem
836 1244 88 51 de
880 1244 147 51 patre,
983 1244 73 51 &
1012 1244 147 51 filio,
1114 1244 73 51 &
1129 1244 132 51 spititu

405 1285 150 43 sancto.
514 1285 163 43 Sciendum
637 1285 136 43 tamen,
732 1285 109 43 quod
800 1285 136 43 opinio
896 1285 191 43 dupliciter
1046 1285 136 43 potest
1127 1285 123 43 conside

394 1321 141 53 rari.
488 1321 110 53 Vno
551 1321 141 53 modo,
645 1321 188 53 secundum
786 1321 125 53 quod
864 1321 172 53 opinans
990 1321 204 53 existimat
1146 1321 110 53 id,
1193 1321 63 53 di

402 1366 105 43 quo
462 1366 105 43 est
522 1366 165 43 opinio,
643 1366 135 43 posse
733 1366 150 43 aliter
838 1366 90 43 se
883 1366 165 43 habere.
1003 1366 90 43 Et
1049 1366 90 43 vt
1094 1366 105 43 sic
1139 1366 120 43 opinio

396 1400 102 48 nec
455 1400 146 48 potest
557 1400 131 48 simul
644 1400 131 48 stare
731 1400 102 48 cum
789 1400 131 48 fide,
877 1400 102 48 nec
935 1400 102 48 cum
993 1400 189 48 scientia.
1139 1400 87 48 Et
1168 1400 87 48 illu

411 1435 142 51 modo,
506 1435 110 51 ait
569 1435 252 51 philosophus.
774 1435 95 51 1.
821 1435 252 51 posteriorum,
1026 1435 126 51 quod
1104 1435 126 51 idem
1167 1435 95 51 homo

400 1474 111 52 non
464 1474 159 52 potest
575 1474 143 52 simul
671 1474 96 52 de
719 1474 143 52 eodem
814 1474 159 52 habere
926 1474 223 52 scientiam,
1101 1474 80 52 &
1117 1474 143 52 opinio-

395 1519 131 56 nem:
477 1519 131 56 Alio
559 1519 148 56 modo,
657 1519 214 56 accipitur
822 1519 181 56 opinio,
953 1519 197 56 secundum
1101 1519 131 56 quod
1166 1519 99 56 opi-

397 1553 117 55 nans
471 1553 103 55 per
529 1553 147 55 medium
632 1553 205 55 probabile,
793 1553 191 55 concludit
940 1553 161 55 aliquid
1057 1553 103 55 sic
1115 1553 132 55 esse,
1189 1553 73 55 non

406 1598 200 48 actualiter
563 1598 185 48 attendens
705 1598 128 48 vtrum
791 1598 157 48 aliter,
905 1598 100 48 vel
962 1598 100 48 non
1019 1598 143 48 aliter
1118 1598 143 48 possit
1204 1598 57 48 se

396 1642 158 48 habere.
511 1642 86 48 Et
554 1642 101 48 sic
611 1642 144 48 opinio
712 1642 144 48 potest
813 1642 130 48 simul
899 1642 130 48 stare
986 1642 101 48 tam
1043 1642 101 48 cum
1101 1642 130 48 fide,
1173 1642 86 48 quam

409 1674 101 53 cum
466 1674 187 53 scientia,
610 1674 129 53 alias
696 1674 115 53 enim
768 1674 158 53 frustra
883 1674 158 53 Aristo.
997 1674 158 53 saepius
1098 1674 158 53 adduxisse

407 1716 190 50 rationes
550 1716 237 50 probabiles,
740 1716 190 50 postquam
882 1716 206 50 adduxerat
1040 1716 95 50 ad
1088 1716 158 50 eandem
1183 1716 79 50 con

394 1754 202 47 clusionem
550 1754 186 47 rationes
674 1754 217 47 necessarias.

423 1792 90 49 Ad
468 1792 166 49 tertium
589 1792 196 49 dicendum,
739 1792 121 49 quod
815 1792 196 49 possibile
966 1792 106 49 non
1026 1792 211 49 assentire,
1177 1792 75 49 qui

402 1836 104 47 non
461 1836 192 47 possibile
609 1836 104 47 non
669 1836 207 47 assentire,
832 1836 104 47 non
891 1836 252 47 contradicunt,
1098 1836 118 47 nisi
1157 1836 104 47 suman

395 1873 123 44 tur
466 1873 211 44 secundum
624 1873 176 44 eundem
730 1873 176 44 habitum.

437 1912 98 49 Ad
486 1912 180 49 quartum
616 1912 212 49 dicendum,
780 1912 131 49 quod
861 1912 163 49 duplex
975 1912 114 49 est
1041 1912 180 49 medium,
1155 1912 98 49 quod

401 1952 112 52 dam
465 1952 128 52 quod
545 1952 239 52 virtualiter
736 1952 223 52 participat
912 1952 192 52 vtrunque
1055 1952 208 52 extremum,
1199 1952 64 52 vt

385 1989 186 50 rubrum,
521 1989 136 50 quod
605 1989 169 50 mediat
724 1989 152 50 inter
826 1989 152 50 album
927 1989 85 50 &
961 1989 186 50 nigrum.
1097 1989 152 50 Aliud
1181 1989 68 50 es

406 2034 172 41 medium
526 2034 155 41 large
630 2034 189 41 dictum,
767 2034 138 41 quod
853 2034 207 41 secundum
1008 2034 138 41 vnam
1077 2034 172 41 conditio

389 2075 124 42 nem
460 2075 212 42 conuenit
619 2075 124 42 cum
690 2075 124 42 vno
761 2075 212 42 extremo,
920 2075 212 42 secundum
1079 2075 159 42 aliam
1168 2075 88 42 cun

390 2105 132 50 alio,
478 2105 132 50 sicut
566 2105 190 50 quantitas
712 2105 146 50 medium
815 2105 161 50 dicitur
932 2105 132 50 inter
1020 2105 234 50 substantiam,
1195 2105 59 50 qu

389 2150 227 49 qualitatem:
570 2150 181 49 conuenit
706 2150 121 49 enim
782 2150 106 49 cum
842 2150 227 49 substantia:
1023 2150 121 49 quia
1099 2150 136 49 etiam
1174 2150 91 49 diui

405 2189 86 48 na
448 2189 157 48 virtute
562 2189 172 48 separata
691 2189 200 48 subiicitur
848 2189 200 48 qualitati,
1006 2189 172 48 conuenit
1135 2189 100 48 cum
1177 2189 72 48 qua

404 2227 147 47 litate,
511 2227 107 47 quia
577 2227 107 47 sibi
644 2227 187 47 derelicta,
791 2227 160 47 inhaeret
912 2227 214 47 substantiae,
1085 2227 120 47 sicut
1165 2227 67 47 &
1179 2227 80 47 qual

406 2263 115 47 tas.
477 2263 101 47 Sic
535 2263 72 47 &
564 2263 230 47 demostratio,
750 2263 115 47 quia
822 2263 144 47 mediat
923 2263 129 47 inter
1009 2263 215 47 svllogismum
1167 2263 86 47 proi

404 2307 199 45 babilem,
553 2307 83 45 &
586 2307 314 45 demonstrationem
851 2307 182 45 propter
984 2307 149 45 quid,
1083 2307 149 45 habet
1166 2307 99 45 enim

401 2347 177 49 maiorem
530 2347 274 49 certitudinem,
756 2347 129 49 quam
837 2347 145 49 ratio
933 2347 242 49 probabilis;
1127 2347 81 49 &
1143 2347 113 49 mino-

399 2374 117 55 rem
466 2374 133 55 quam
549 2374 266 55 demonstratio
766 2374 183 55 propter
899 2374 150 55 quid.
999 2374 100 55 Et
1049 2374 133 55 illo
1115 2374 150 55 secundo

394 2417 127 55 modo
474 2417 175 55 sumendo
601 2417 175 55 medium;
728 2417 143 55 maior
824 2417 111 55 est
887 2417 159 55 falsa:
999 2417 127 55 quia
1078 2417 127 55 tale
1142 2417 111 55 medit

391 2460 109 48 non
454 2460 187 48 excludit
594 2460 187 48 extrema,
734 2460 109 48 est
797 2460 140 48 tamen
890 2460 125 48 illa
968 2460 140 48 maior
1062 2460 156 48 aliquo
1155 2460 94 48 modi

404 2503 128 42 vera
484 2503 96 42 de
532 2503 144 42 medio
628 2503 144 42 primo
724 2503 128 42 modo
804 2503 160 42 dicto.
915 2503 96 42 Et
963 2503 128 42 quia
1043 2503 144 42 fides
1139 2503 112 42 est
1187 2503 64 42 me

399 2538 129 50 dium
480 2538 146 50 inter
577 2538 210 50 scientiam
738 2538 81 50 &
771 2538 210 50 opinionem
933 2538 178 50 secundo
1062 2538 146 50 modo,
1159 2538 81 50 &
1175 2538 81 50 non

404 2578 154 56 primo,
511 2578 123 56 ergo
588 2578 138 56 ratio
681 2578 108 56 non
727 2578 169 56 concludit

438 2619 139 45 Forte
530 2619 186 45 dicetur,
669 2619 124 45 quod
747 2619 139 45 eodem
840 2619 124 45 modo
917 2619 170 45 poterit
1041 2619 216 45 responderi
1195 2619 62 45 ac

403 2655 207 51 secundam
558 2655 207 51 rationem
713 2655 172 51 factam
834 2655 172 51 contra
955 2655 207 51 Henricum
1093 2655 172 51 superius

404 2696 193 54 quaestione
556 2696 69 54 2
583 2696 138 54 artic.
666 2696 55 54 i-

439 2732 142 50 lstud
534 2732 111 50 non
597 2732 158 50 valet,
708 2732 127 50 quia
787 2732 174 50 medium,
914 2732 127 50 quod
993 2732 142 50 ponit
1088 2732 206 50 Henricus,

401 2775 177 42 videtur
529 2775 128 42 esse
610 2775 161 42 medium
722 2775 145 42 primo
818 2775 128 42 modo
899 2775 177 42 dictum,
1027 2775 128 42 quod
1107 2775 145 42 patet
1188 2775 64 42 pe

407 2819 193 42 exemplum
552 2819 193 42 aurorae,
697 2819 113 42 quo
761 2819 193 42 declarat
906 2819 129 42 suum
987 2819 242 42 propositum:
1164 2819 97 42 quia

405 2857 104 41 ibi
465 2857 104 41 est
524 2857 149 41 medium
628 2857 253 41 compositonis,
836 2857 104 41 seu
895 2857 297 41 participationis:
1148 2857 104 41 vbi
1193 2857 59 41 mi

409 2889 120 49 dium
484 2889 105 49 sic
544 2889 210 49 intenditur
708 2889 180 49 respectu
843 2889 135 49 vinus
933 2889 180 49 extremi,
1067 2889 120 49 quod
1127 2889 135 49 remitti

403 2938 100 39 tur
460 2938 172 39 respectu
589 2938 172 39 alterius
718 2938 172 39 extremi:
847 2938 100 39 sed
904 2938 100 39 sic
961 2938 100 39 est
1019 2938 86 39 de
1061 2938 158 39 aurora,
1162 2938 100 39 sicut

412 2972 137 55 patet
503 2972 106 55 per
564 2972 243 55 deductionem,
761 2972 122 55 quam
837 2972 167 55 ipsemet
959 2972 152 55 facit,
1065 2972 122 55 ergo
1141 2972 106 55 &c.
1187 2972 76 55 Sed

406 3014 86 43 in
449 3014 186 43 proposito
591 3014 100 43 non
648 3014 100 43 est
705 3014 114 43 sic:
777 3014 114 43 quia
848 3014 100 43 per
905 3014 171 43 accessum
1034 3014 128 43 fidei
1119 3014 86 43 ad
1148 3014 114 43 scien-

412 3045 129 52 tiam:
498 3045 144 52 opinio
598 3045 101 52 non
656 3045 230 52 debilitatur:
842 3045 101 52 sed
900 3045 129 52 magis
972 3045 215 52 fortificatur.

436 3083 102 73 Ad
487 3083 187 73 quintum
623 3083 222 73 dicendum,
794 3083 136 73 quod
879 3083 153 73 minor
981 3083 119 73 non
1049 3083 119 73 est
1118 3083 153 73 vera.
1203 3083 68 73 Ad

1302 244 226 67 probationem
1482 244 135 67 dico,
1573 244 120 67 quod
1648 244 150 67 clare,
1753 244 75 67 &
1783 244 165 67 obscure
1903 244 165 67 videre,
2024 244 90 67 in
2069 244 135 67 eodem

1300 304 158 47 genere
1411 304 236 47 cognitionis
1600 304 126 47 sunt
1678 304 205 47 opposita:
1836 304 110 47 non
1899 304 142 47 autem
1994 304 173 47 imalio,
2120 304 79 47 &

1306 347 127 41 alio:
1391 347 127 41 sicut
1475 347 99 41 est
1532 347 85 41 in
1574 347 198 41 proposito:
1730 347 113 41 quod
1801 347 141 41 patet:
1899 347 113 41 quia
1970 347 127 41 clara
2041 347 127 41 notitia

1302 382 130 42 rerum
1388 382 87 42 in
1432 382 145 42 verbo,
1533 382 72 42 &
1562 382 159 42 obscura
1678 382 87 42 in
1721 382 159 42 proprio
1837 382 159 42 genere,
1952 382 101 42 non
1996 382 159 42 repugnanm

1339 415 91 49 Ad
1384 415 152 49 sextum
1491 415 197 49 dicendum,
1643 415 122 49 qued
1719 415 122 49 idem
1794 415 197 49 subiectum
1946 415 152 49 potest
2053 415 122 49 esse
2113 415 46 49 s

1300 455 112 45 mul
1364 455 224 45 perfectum,
1540 455 80 45 &
1572 455 256 45 imperfectum,
1781 455 192 45 secundum
1925 455 192 45 diuersa,
2069 455 80 45 &
2085 455 80 45 de-

1304 493 177 49 sperata
1433 493 241 49 accidentia:
1625 493 129 49 idem
1706 493 129 49 enim
1786 493 145 49 pomum
1883 493 161 49 potest
1995 493 129 49 esse
2060 493 96 49 simu

1296 532 183 55 perfecte
1433 532 167 55 rubrum,
1554 532 76 55 &
1585 532 213 55 imperfecte
1752 532 152 55 dulce:
1859 532 76 55 &
1889 532 107 55 sic
1950 532 137 55 maior
2041 532 107 55 non
2087 532 76 55 est

1298 569 128 48 vera,
1383 569 71 48 &
1411 569 185 48 similiter
1553 569 128 48 minor
1639 569 170 48 deficit,
1767 569 114 48 quia
1838 569 213 48 intellectus
2008 569 142 48 potest
2093 569 57 48 di

1288 609 96 53 ci
1336 609 225 53 perfectus,
1513 609 112 53 tam
1577 609 193 53 secundum
1721 609 161 53 fidem,
1834 609 128 53 quam
1914 609 193 53 secundum
2043 609 112 53 scier

1296 653 130 48 tiam,
1382 653 115 48 quia
1454 653 72 48 &
1483 653 130 48 fides
1569 653 173 48 perfecte
1699 653 173 48 perficit
1828 653 115 48 modo
1900 653 144 48 fidei,
2001 653 72 48 &
2015 653 144 48 scientia

1289 695 134 48 modo
1356 695 185 48 scientiae

1342 729 98 47 Ad
1391 729 195 47 septimum
1537 729 212 47 dicendum,
1700 729 130 47 quod
1781 729 130 47 illa
1863 729 228 47 similitudo
2042 729 114 47 non
2091 729 65 47 es

1302 771 85 44 ad
1344 771 211 44 propositum:
1513 771 113 44 quia
1584 771 127 44 illae
1668 771 239 44 dispositiones
1865 771 169 44 oculorum
1992 771 141 44 essent
2077 771 85 44 eius

1292 808 113 47 dem
1357 808 194 47 speciei:
1502 808 81 47 &
1535 808 130 47 ideo
1616 808 194 47 haberent
1762 808 259 47 repugnantiam
1973 808 227 47 materialem

1291 857 81 41 &
1323 857 146 41 simul
1421 857 97 41 in
1469 857 146 41 eodem
1567 857 195 41 subiecto
1713 857 130 41 esse
1794 857 114 41 non
1859 857 195 41 possent:
2006 857 114 41 non
2054 857 114 41 autem

1288 885 95 50 sic
1343 885 95 50 est
1397 885 82 50 de
1438 885 122 50 fide,
1520 885 68 50 &
1547 885 177 50 scientia,
1683 885 82 50 vt
1723 885 122 50 patet
1805 885 95 50 per
1859 885 95 50 iam
1900 885 109 50 dicta.

1341 920 92 56 Ad
1387 920 185 56 octauum,
1525 920 200 56 dicendum,
1679 920 123 56 quod
1756 920 92 56 Iy
1802 920 154 56 solum,
1910 920 108 56 vel
1971 920 138 56 tenet
2064 920 92 56 se
2094 920 62 56 ex

1306 961 128 47 parte
1391 961 128 47 fidei
1476 961 85 47 vt
1518 961 99 47 sit
1575 961 156 47 sensus,
1688 961 113 47 quod
1759 961 128 47 fides
1844 961 156 47 quantum
1958 961 99 47 est
2014 961 85 47 de
2057 961 85 47 se
2085 961 71 47 non

1300 1005 131 48 habet
1387 1005 174 48 aliunde,
1517 1005 116 48 vnde
1590 1005 145 48 faciat
1691 1005 189 48 assensum,
1836 1005 116 48 nisi
1909 1005 102 48 per
1952 1005 203 48 auctoritatem

1290 1051 73 41 &
1320 1051 102 41 sic
1378 1051 131 41 maior
1466 1051 146 41 aliquo
1568 1051 117 41 modo
1641 1051 102 41 est
1699 1051 131 41 vera:
1787 1051 102 41 vel
1845 1051 88 41 se
1889 1051 131 41 tenet
1977 1051 88 41 ex
2021 1051 131 41 parte
2094 1051 58 41 ha

1295 1080 149 54 bentis
1400 1080 149 54 fidem,
1504 1080 90 54 vt
1549 1080 105 54 sit
1609 1080 164 54 sensus,
1728 1080 119 54 quod
1803 1080 149 54 habens
1907 1080 134 54 fidem
1997 1080 105 54 non
2042 1080 119 54 possit

1291 1118 137 50 aliter
1387 1118 192 50 adhaerere,
1538 1118 110 50 nisi
1607 1118 96 50 per
1662 1118 233 50 auctoritatem,
1854 1118 69 50 &
1881 1118 96 50 sic
1936 1118 96 50 est
1977 1118 110 50 falsa.

1330 1160 101 45 Ad
1381 1160 151 45 nonum
1481 1160 218 45 dicendum,
1649 1160 134 45 quod
1732 1160 151 45 maior
1833 1160 117 45 non
1900 1160 117 45 est
1967 1160 151 45 vera,
2051 1160 101 45 quis

1300 1201 174 49 rubrum,
1426 1201 79 49 &
1458 1201 142 49 dulce
1553 1201 126 49 sunt
1631 1201 174 49 eiusdem
1758 1201 174 49 generis
1884 1201 142 49 etiam
1978 1201 205 49 propinqui

1298 1240 78 46 &
1330 1240 235 46 subalterni,
1518 1240 78 46 &
1549 1240 141 46 tamen
1643 1240 125 46 idem
1721 1240 157 46 potest
1831 1240 125 46 esse
1909 1240 188 46 perfecte
2035 1240 125 46 rubrum

1294 1280 79 48 &
1326 1280 221 48 imperfecte
1499 1280 158 48 dulce:
1610 1280 95 48 si
1657 1280 142 48 autem
1752 1280 110 48 per
1815 1280 126 48 idem
1894 1280 142 48 genus
1973 1280 189 48 intelligis

1293 1319 147 48 eandem
1396 1319 176 48 speciem,
1528 1319 117 48 tunc
1601 1319 132 48 minor
1689 1319 103 48 est
1748 1319 147 48 falsa:
1851 1319 117 48 quia
1924 1319 176 48 assensus
2042 1319 117 48 fidei,

1295 1354 68 52 &
1323 1354 164 52 assensus
1446 1354 178 52 scientiae
1583 1354 178 52 differunt
1719 1354 137 52 specie
1815 1354 137 52 sicut,
1911 1354 68 52 &
1938 1354 137 52 fides,
2034 1354 68 52 &
2048 1354 109 52 scien-

1288 1400 115 41 tia:
1359 1400 115 41 quia
1431 1400 86 41 in
1474 1400 100 41 per
1532 1400 86 41 se
1575 1400 187 41 ordinatis
1718 1400 100 41 non
1776 1400 144 41 potest
1876 1400 115 41 esse
1948 1400 129 41 maior
2020 1400 144 41 differen

1292 1439 99 50 tia
1349 1439 85 50 in
1391 1439 156 50 causis,
1505 1439 114 50 quam
1576 1439 85 50 in
1604 1439 156 50 causatis.

1323 1465 96 57 Ad
1371 1465 176 57 decimum
1499 1465 208 57 dicendum,
1659 1465 128 57 quod
1739 1465 224 57 consequens
1915 1465 112 57 non
1979 1465 112 57 est
2027 1465 128 57 falsum

1295 1516 141 49 ambae
1389 1516 125 49 enim
1468 1516 235 49 probationes
1656 1516 157 49 falsum
1765 1516 204 49 assumunt.
1922 1516 157 49 Prima,
2032 1516 125 49 quia
2094 1516 63 49 ni

1286 1558 111 46 hil
1349 1558 158 46 obstat
1460 1558 127 46 idem
1539 1558 174 46 mobile,
1666 1558 142 46 simul
1761 1558 158 46 habere
1871 1558 206 46 perfectam
2029 1558 79 46 &
2045 1558 111 46 imper

1298 1591 157 48 fectam
1408 1591 283 48 inclinationem,
1644 1591 189 48 respectu
1786 1591 141 48 tamen
1880 1591 236 48 diuersorum:
2053 1591 94 48 sicu

1293 1638 135 46 idem
1377 1638 185 46 plumbum
1512 1638 169 46 potest
1630 1638 169 46 habere
1748 1638 219 46 perfectam
1900 1638 253 46 inclinationem

1293 1677 96 42 ad
1341 1677 256 42 descendendum
1549 1677 192 42 deorsum,
1693 1677 176 42 ratione
1820 1677 128 42 suae
1900 1677 240 42 grauitatis,
2076 1677 80 42 cum

1289 1712 109 49 sit
1352 1712 141 49 quasi
1446 1712 235 49 grauissimum
1633 1712 235 49 metallorum,
1821 1712 78 49 &
1852 1712 250 49 vnumquodque,
2040 1712 125 49 quanto

1299 1752 166 49 prauius
1419 1752 135 49 tanto
1510 1752 211 49 perfectius
1675 1752 211 49 inclinatur
1841 1752 90 49 ad
1886 1752 196 49 terminum,
2037 1752 105 49 qui
2082 1752 75 49 ess

1294 1786 192 49 deorsum:
1438 1786 144 49 eidem
1534 1786 144 49 tamen
1630 1786 160 49 plumbo
1741 1786 176 49 potest,
1869 1786 192 49 respectu
2013 1786 176 49 eiusdem

1290 1828 180 47 termini,
1425 1828 195 47 competere
1576 1828 211 47 inclinatio
1741 1828 211 47 imperfecta
1906 1828 165 47 ratione
2012 1828 135 47 figurae

1308 1867 94 52 uta
1361 1867 81 52 si
1402 1867 94 52 sit
1456 1867 121 52 latae
1537 1867 162 52 figurae:
1658 1867 108 52 quia
1726 1867 81 52 vt
1766 1867 162 52 testatur
1888 1867 202 52 philosophus
2050 1867 81 52 in
2077 1867 67 52 pho

1289 1907 150 49 ficis,
1394 1907 150 49 figura
1499 1907 120 49 lata
1574 1907 180 49 retardat
1709 1907 150 49 motum.
1813 1907 165 49 Secundo
1933 1907 165 49 deficit
2038 1907 120 49 secun-

1299 1949 90 49 da
1344 1949 195 49 probatio,
1494 1949 120 49 quia
1569 1949 120 49 vnum
1644 1949 75 49 &
1674 1949 120 49 idem
1748 1949 150 49 potest
1853 1949 120 49 esse
1928 1949 135 49 causa
2018 1949 75 49 &
2033 1949 120 49 causa-

1294 1993 113 46 tum,
1365 1993 85 46 vt
1407 1993 141 46 patet.
1506 1993 85 46 2.
1548 1993 155 46 physic.
1661 1993 113 46 Dato
1732 1993 141 46 igitur
1831 1993 113 46 quod
1902 1993 127 46 talis
1986 1993 99 46 res
2043 1993 85 46 in
2071 1993 85 46 quam

1292 2031 107 46 tum
1353 2031 107 46 est
1414 2031 184 46 causata,
1552 2031 245 46 demonstretur
1751 2031 107 46 per
1813 2031 138 46 omnes
1905 2031 123 46 suas
1981 2031 169 46 causas,
2089 2031 61 46 qu

1307 2065 84 53 er
1349 2065 197 53 consequens
1504 2065 197 53 potissime,
1659 2065 70 53 &
1687 2065 70 53 a
1715 2065 155 53 priori:
1827 2065 169 53 diceres,
1954 2065 113 53 quod
2024 2065 127 53 eadem
2095 2065 70 53 res

1284 2109 91 50 in
1329 2109 167 50 quantum
1450 2109 106 50 est
1511 2109 151 50 causa,
1617 2109 106 50 non
1678 2109 151 50 possit
1783 2109 227 50 notificari,
1965 2109 76 50 &
1980 2109 182 50 demonstra-

1293 2143 106 44 ria
1354 2143 213 44 posteriori
1521 2143 288 44 demonstratione,
1763 2143 121 44 quia
1839 2143 137 44 esset
1930 2143 137 44 quasi
2006 2143 152 44 ignorare

1286 2182 205 46 scientiam
1444 2182 142 46 libri
1522 2182 205 46 posteriorum

1327 2217 99 53 Ad
1377 2217 215 53 vndecimum
1542 2217 215 53 dicendum,
1708 2217 132 53 quod
1790 2217 149 53 minor
1890 2217 248 53 tripliciter
2071 2217 83 53 de-

1283 2264 143 52 ficit.
1383 2264 143 52 Primo,
1482 2264 128 52 quia,
1568 2264 86 52 vt
1611 2264 157 52 patuit,
1725 2264 157 52 formido
1839 2264 100 52 non
1896 2264 100 52 est
1953 2264 86 52 de
1982 2264 171 52 intrinseca

1284 2306 116 42 rati
1357 2306 102 42 one
1415 2306 203 42 opinionis:
1575 2306 102 42 non
1633 2306 116 42 enim
1705 2306 232 42 distinguitur
1894 2306 145 42 opinio
1995 2306 73 42 a
2010 2306 145 42 scientia

1293 2341 108 52 per
1354 2341 231 52 formidinem:
1539 2341 108 52 vel
1601 2341 139 52 fides
1693 2341 108 52 per
1755 2341 262 52 ineuidentiam:
1971 2341 108 52 sed
2017 2341 139 52 distin-

1287 2385 165 50 guuntur
1407 2385 90 50 ad
1452 2385 180 50 inuicem,
1587 2385 120 50 quia
1662 2385 180 50 scientia
1796 2385 210 50 innascitur
1961 2385 105 50 per
2006 2385 150 50 rationem

1285 2432 239 35 necessariam,
1480 2432 150 35 opinio
1584 2432 105 35 per
1644 2432 224 35 probabilem,
1824 2432 135 35 fides
1914 2432 120 35 vero
1988 2432 105 35 per
2033 2432 120 35 aucto-

1286 2459 165 48 ritatem

1319 2499 171 46 Secundo
1444 2499 124 46 qua,
1522 2499 140 46 quado
1615 2499 156 46 opinio
1724 2499 187 46 augetur,
1864 2499 171 46 formido
1973 2499 171 46 diminuitu

1316 2537 167 42 Tertio,
1438 2537 122 42 quia
1514 2537 152 42 opinio
1620 2537 107 42 est
1681 2537 152 42 quidam
1788 2537 167 42 habitus
1909 2537 213 42 positiuus,
2062 2537 91 42 for-

1288 2575 128 50 mido
1368 2575 144 50 autem
1464 2575 112 50 est
1528 2575 128 50 quid
1591 2575 208 50 priuatiuum.

1325 2608 110 57 Has
1388 2608 141 57 autem
1482 2608 126 57 tres
1561 2608 220 57 instantias
1733 2608 188 57 videntes
1875 2608 157 57 aliquo
1984 2608 126 57 modo
2047 2608 110 57 illi-

1290 2655 157 52 quorum
1400 2655 110 52 est
1463 2655 141 52 ratio
1557 2655 110 52 iam
1620 2655 157 52 dicta,
1730 2655 188 52 nituntur
1871 2655 110 52 eas
1933 2655 173 52 tollere
2043 2655 110 52 quan-

1289 2693 121 53 tum
1341 2693 155 53 possunt

1334 2731 81 54 Ad
1375 2731 135 54 primum
1470 2731 135 54 igitur
1564 2731 149 54 dicunt,
1673 2731 108 54 quod
1740 2731 81 54 eo
1781 2731 122 54 ipso;
1862 2731 108 54 quod
1930 2731 122 54 facit
1997 2731 149 54 adhaereri

1310 2773 86 46 er
1353 2773 144 46 medium
1453 2773 201 46 probabile,
1612 2773 173 46 sequitur
1741 2773 216 46 necessario,
1914 2773 115 46 quod
1986 2773 115 46 illa
2043 2773 101 46 adhae

1300 2812 98 46 sio
1356 2812 98 46 sit
1412 2812 168 46 incerta,
1537 2812 70 46 &
1551 2812 182 46 formidolosa

1307 2848 110 49 Sed
1370 2848 141 49 illud
1464 2848 110 49 non
1527 2848 157 49 valet,
1637 2848 126 49 quia
1715 2848 126 49 illa
1794 2848 173 49 formido
1920 2848 110 49 non
1982 2848 141 49 inest
2061 2848 94 49 opi-

1296 2891 145 41 nantis
1398 2891 218 41 intellectui
1573 2891 160 41 ratione
1689 2891 262 41 probabilitatis
1907 2891 145 41 ipsius
1994 2891 160 41 opinionis

1310 2932 173 46 praecise,
1442 2932 93 46 sed
1496 2932 146 46 ratione
1602 2932 173 46 carentiae
1734 2932 146 46 habitus
1841 2932 212 46 scientifici,
2013 2932 93 46 vel
2053 2932 106 46 fidei,

1293 2971 123 44 quae
1370 2971 169 44 faciunt
1493 2971 185 44 firmiter
1631 2971 216 44 adhaerere.
1801 2971 123 44 Vnde
1878 2971 169 44 formido
2001 2971 108 44 non
2047 2971 108 44 solum

1301 3011 108 45 non
1362 3011 108 45 est
1424 3011 93 45 de
1470 3011 216 45 intrinseca
1640 3011 170 45 ratione
1764 3011 216 45 opinionis,
1933 3011 108 45 sed
1995 3011 108 45 nec
2057 3011 139 45 etiam

1306 3048 180 41 praecise,
1444 3048 69 41 &
1472 3048 97 41 per
1528 3048 83 41 se
1569 3048 166 41 sequitur
1694 3048 83 41 ad
1735 3048 194 41 positionem
1887 3048 194 41 opinionis:
2039 3048 97 41 sed
2081 3048 69 41 per

1292 3089 84 63 se
1334 3089 169 63 sequitur
1461 3089 84 63 ad
1503 3089 225 63 priuationem,
1685 3089 112 63 siue
1756 3089 183 63 carentiam
1896 3089 197 63 scientiae,
2051 3089 98 63 vel
2093 3089 56 63 al
