2430 3561
344 275 607 80 RESOLVTIO.

240 373 147 72 Muodam
343 373 147 72 quidem
446 373 88 72 ab
490 373 162 72 aeterno
608 373 176 72 pvoduci,
740 373 118 72 siue
813 373 88 72 in
857 373 162 72 tempore
960 373 162 72 nequaquam

284 429 142 48 potest
383 429 227 48 demonstrari,
568 429 170 48 siquidem
695 429 99 48 eum
752 429 85 48 in
795 429 156 48 tempore
908 429 71 48 a
937 429 99 48 Deo
993 429 156 48 creatum

287 478 138 44 fuisse
384 478 111 44 file
453 478 166 44 tenemus,
577 478 166 44 quamquam
702 478 83 44 ab
743 478 138 44 eterno
840 478 138 44 fuisse
936 478 166 44 effectui
1047 478 69 44 non

279 504 162 50 repugnat
401 504 95 50 cum
455 504 108 50 Deui
523 504 95 50 non
577 504 81 50 ex
618 504 203 50 necessitate
780 504 162 50 naturae,
902 504 95 50 sed
957 504 135 50 sibere
1038 504 81 50 crea

299 543 118 54 turas
365 543 144 54 producat.

374 606 632 97 ARTICVLVS
812 606 146 97 L

393 694 192 86 Vtrum
520 694 213 86 mundus
669 694 128 86 ab
733 694 213 86 ctermo
882 694 234 86 suerit.

257 788 221 68 SVANTVM
418 788 121 68 ad
478 788 201 68 primum
619 788 181 68 dico,
739 788 161 68 quod
840 788 141 68 nec
920 788 141 68 pro
980 788 141 68 mundi

270 814 270 77 aeternitate,
489 814 118 77 nec
557 814 169 77 contra
675 814 152 77 mundi
776 814 270 77 aeternitatem
978 814 135 77 potess

247 881 156 49 adduci
356 881 156 49 aliqua
466 881 265 49 demenstratio,
684 881 125 49 quia
762 881 109 49 cum
824 881 125 49 fide
902 881 187 49 teneamus
1027 881 93 49 Deum

247 929 158 43 mundum
358 929 174 43 creasse
485 929 95 43 in
532 929 190 43 tempore,
675 929 127 43 ergo
754 929 95 43 si
801 929 206 43 oppositum
960 929 158 43 posset
1055 929 63 43 de

227 960 204 53 monstrari,
388 960 116 53 tunc
460 960 131 53 fides
548 960 131 53 esset
635 960 146 53 falsa,
737 960 87 53 si
780 960 218 53 propositum,
955 960 116 53 tunc
1013 960 102 53 fides

258 1005 174 45 careret
385 1005 174 45 merito,
511 1005 111 45 cum
574 1005 142 45 fides
669 1005 111 45 non
733 1005 158 45 habeat
843 1005 190 45 meritum,
986 1005 111 45 cui
1033 1005 79 45 hu-

247 1039 134 54 mana
331 1039 150 54 ratio
431 1039 184 54 praebet
565 1039 284 54 experimentum;
799 1039 100 54 Et
849 1039 134 54 ideo
932 1039 184 54 quantum
1049 1039 67 54 ad

252 1077 141 43 istum
346 1077 203 43 articulum
502 1077 109 43 non
565 1077 125 43 plus
643 1077 172 43 faciam,
768 1077 125 43 nisi
846 1077 125 43 quod
924 1077 141 43 primo
1003 1077 109 43 ponam

252 1115 198 48 aliquorum
404 1115 259 48 philolophorum
617 1115 198 48 rationes,
770 1115 168 48 quibus,
892 1115 91 48 vt
937 1115 183 48 dicitur,
1059 1115 61 48 se

242 1164 243 45 crediderunt
436 1164 259 45 demonstrasse
647 1164 146 45 mundi
744 1164 259 45 eternitatem:
954 1164 81 45 &
970 1164 146 45 secundo

239 1195 336 49 huiusmodi
498 1195 362 49 rationibus
756 1195 336 49 respondebo.

260 1237 82 42 1
292 1237 148 42 Primo
391 1237 132 42 ergo
474 1237 99 42 ex
523 1237 165 42 dictis
639 1237 247 42 Aristotelis
837 1237 148 42 primo
919 1237 198 42 physicorum

265 1276 139 47 potest
363 1276 125 47 argui
446 1276 111 47 sic.
516 1276 153 47 Materia
627 1276 111 47 fuit
697 1276 84 47 ab
739 1276 167 47 aeterno:
864 1276 111 47 ergo
934 1276 98 47 res
976 1276 139 47 materia-

250 1317 104 44 les
310 1317 164 44 fuerunt
429 1317 89 44 ab
474 1317 179 44 aeterno.
608 1317 239 44 consequentia
802 1317 149 44 patet:
906 1317 119 44 quia
966 1317 149 44 materia,

252 1353 105 43 cum
312 1353 105 43 sit
372 1353 120 43 pura
448 1353 196 43 potentia,
598 1353 105 43 non
658 1353 151 43 potest
764 1353 120 43 esse
839 1353 120 43 sine
914 1353 151 43 forma,
1005 1353 105 43 forma

254 1392 146 38 autem
351 1392 81 38 &
384 1392 179 38 materia
514 1392 179 38 faciunt
644 1392 228 38 compositum
823 1392 228 38 materiale.
985 1392 130 38 Antece

254 1429 132 42 dens
337 1429 165 42 probat
453 1429 248 42 Aristoteles
651 1429 149 42 primo
750 1429 231 42 physicorum
932 1429 182 42 ducendo
1048 1429 66 42 ad

245 1472 267 45 timpossibile,
465 1472 126 45 quia
544 1472 110 45 cum
606 1472 141 45 omne,
701 1472 126 45 quod
779 1472 220 45 generatur,
936 1472 173 45 generetur

246 1512 93 49 ex
292 1512 186 49 materia,
431 1512 93 49 si
478 1512 170 49 materia
601 1512 248 49 generaretur,
803 1512 232 49 generaretur
988 1512 93 49 ex
1019 1512 93 49 mate

246 1558 119 41 ria,
321 1558 74 41 &
350 1558 104 41 per
410 1558 209 41 consequens
574 1558 164 41 materia
693 1558 134 41 esset
782 1558 179 41 antequam
901 1558 209 41 generaretur.

259 1586 79 42 2
291 1586 220 42 Praeterea,
464 1586 94 42 ex
511 1586 94 42 8.
558 1586 220 42 physicorum
731 1586 126 42 sic,
810 1586 157 42 Ouinis
920 1586 142 42 motus
999 1586 110 42 nouus

242 1626 235 48 presupponit
430 1626 203 48 factionem
587 1626 188 48 mobilis,
727 1626 125 48 ergo
806 1626 110 48 non
868 1626 156 48 potest
978 1626 125 48 dari
1040 1626 63 48 pr

254 1672 114 35 mus
319 1672 163 35 motus,
433 1672 81 35 &
465 1672 114 35 per
530 1672 228 35 consequens
709 1672 163 35 mundus
823 1672 130 35 erit
905 1672 195 35 aeternus
1035 1672 81 35 con

256 1704 197 46 sequentia
407 1704 151 46 patet,
513 1704 121 46 quia
589 1704 91 46 si
634 1704 167 46 daretur
756 1704 151 46 primus
862 1704 151 46 motus,
968 1704 106 46 cum
1013 1704 106 46 talis

258 1750 143 42 motus
353 1750 254 42 praesupponat
560 1750 206 42 factionem
718 1750 190 42 mobilis,
861 1750 143 42 sicut
940 1750 175 42 assumptum

258 1780 104 44 est
317 1780 89 44 in
362 1780 237 44 antecedente,
555 1780 119 44 tunc
629 1780 119 44 quia
703 1780 148 44 factio
807 1780 163 44 mobilis
925 1780 133 44 esset
999 1780 104 44 motus

248 1819 194 45 sequitur,
397 1819 119 45 quod
472 1819 119 45 ante
546 1819 149 45 primum
650 1819 134 45 motum
740 1819 134 45 esset
829 1819 149 45 motus:
933 1819 74 45 &
963 1819 104 45 sic
1008 1819 104 45 esset

245 1858 156 55 primus
354 1858 78 55 &
386 1858 109 55 non
448 1858 140 55 esset
541 1858 171 55 primus,
666 1858 125 55 quod
743 1858 109 55 est
806 1858 265 55 contradictio.
1008 1858 109 55 Ante-

258 1903 147 47 cedens
361 1903 147 47 probo,
464 1903 117 47 quia
537 1903 88 47 si
581 1903 147 47 mobile
684 1903 147 47 illius
786 1903 132 47 primi
874 1903 132 47 motus
962 1903 103 47 non
1006 1903 103 47 esset

246 1940 167 48 factum,
368 1940 107 48 tuc
428 1940 167 48 habetur
550 1940 213 48 principale
717 1940 228 48 propositum,
900 1940 183 48 scilicet
1022 1940 91 48 quod

258 1981 153 52 aliqua
365 1981 107 52 res
426 1981 138 52 citra
518 1981 153 52 primum
625 1981 138 52 esset
717 1981 230 52 simpliciter
901 1981 184 52 aeterna,
1023 1981 92 52 quod

248 2019 142 43 tenim
343 2019 142 43 nullo
437 2019 126 43 modo
516 2019 158 43 factum
626 2019 126 43 est,
705 2019 205 43 totaliter
863 2019 189 43 aeternum
989 2019 95 43 est.

245 2055 82 49 3
277 2055 230 49 Praeterea,
458 2055 148 49 nihil
557 2055 115 49 est
622 2055 99 49 in
672 2055 164 49 aliqua
787 2055 279 49 dispositione,
1016 2055 82 49 n
1033 2055 82 49 qua

242 2098 143 51 prius
338 2098 111 51 non
401 2098 143 51 erat,
497 2098 127 51 nisi
576 2098 111 51 per
640 2098 175 51 aliquem
768 2098 143 51 motum
863 2098 207 51 huiusmodi
1006 2098 96 51 dis-

254 2138 156 46 posito
363 2138 218 46 inducatur,
535 2138 109 46 sed
597 2138 93 46 si
644 2138 140 46 esset
737 2138 125 46 dare
815 2138 156 46 primum
924 2138 156 46 motum,
1018 2138 93 46 tunc

237 2181 193 42 mobile,
378 2181 88 42 &
413 2181 176 42 mouens
536 2181 140 42 ante
624 2181 228 42 huiusmodi
799 2181 158 42 motum
904 2181 123 42 non
957 2181 158 42 fuerunt

241 2214 98 50 an
290 2214 164 50 eisdem
404 2214 311 50 dispositonibus,
666 2214 115 50 sub
732 2214 164 50 quibus
846 2214 196 50 fuerunt,
977 2214 131 50 quando

247 2257 137 44 motus
338 2257 137 44 talis
430 2257 168 44 incepit
551 2257 76 44 :
582 2257 122 44 ergo
658 2257 122 44 erat
734 2257 137 44 alter
826 2257 137 44 motus
917 2257 137 44 prior
993 2257 107 44 prim;

240 2294 139 49 motu,
332 2294 108 49 quo
394 2294 139 49 tales
487 2294 263 49 dispositiones
704 2294 186 49 inductae
844 2294 186 49 fuerunt,
983 2294 124 49 quem
1045 2294 62 49 si

247 2330 169 48 dixeris
370 2330 123 48 esse
446 2330 154 48 primum
554 2330 154 48 motum,
661 2330 138 48 eodem
754 2330 123 48 modo
830 2330 184 48 arguitur
969 2330 92 48 de
999 2330 108 48 illo,

233 2370 93 57 &
271 2370 131 57 sic
345 2370 112 57 in
401 2370 261 57 infinitum.

248 2412 80 49 4
280 2412 223 49 Praeterea,
456 2412 96 49 si
503 2412 144 49 motor
599 2412 176 49 aliquis
727 2412 192 49 causaret
871 2412 96 49 de
918 2412 128 49 nouo
982 2412 128 49 primum

235 2456 162 48 motum,
348 2456 129 48 tunc
429 2456 178 48 aliquod
558 2456 258 48 impedimentum
768 2456 194 48 habebat,
913 2456 145 48 quare
994 2456 113 48 prius

241 2495 119 46 non
309 2495 205 46 mouebat:
463 2495 119 46 sed
531 2495 222 46 huiusmodi
702 2495 273 46 impedimentum
923 2495 154 46 tolli
1026 2495 119 46 non

239 2529 178 52 potuit,
368 2529 129 52 nisi
449 2529 113 52 per
513 2529 162 52 motum,
626 2529 129 52 ergo
707 2529 113 52 ate
772 2529 145 52 talem
869 2529 162 52 motum,
982 2529 129 52 quem
1046 2529 65 52 tu

239 2567 218 53 appellas
402 2567 200 53 primum,
547 2567 145 53 erit
638 2567 163 53 alter
747 2567 163 53 motus
856 2567 163 53 prior
947 2567 127 53 illo.

243 2602 81 55 3
275 2602 226 55 Praeterea,
453 2602 129 55 noua
534 2602 210 55 proportio
696 2602 146 55 inter
793 2602 146 55 agens
890 2602 81 55 &
922 2602 178 55 patiens
1035 2602 81 55 non

236 2647 243 52 innascitur,
430 2647 130 52 nisi
511 2647 113 52 per
576 2647 162 52 motum:
689 2647 113 52 sed
754 2647 162 52 quando
867 2647 178 52 aliquod
980 2647 130 52 moueus

244 2695 125 43 nunc
322 2695 156 43 mouet,
432 2695 78 43 &
463 2695 141 43 prius
557 2695 109 43 non
619 2695 187 43 mouebat,
760 2695 172 43 oportet
884 2695 141 43 inter
978 2695 125 43 tale
1041 2695 62 43 mo

232 2722 161 50 uiens,
345 2722 81 50 &
377 2722 129 50 suum
458 2722 177 50 mobile,
587 2722 129 50 dare
667 2722 177 50 aliquam
796 2722 274 50 proportionem,
1006 2722 97 50 quam

238 2771 143 45 primo
333 2771 111 45 non
397 2771 175 45 fuerat,
524 2771 127 45 puta
603 2771 95 45 si
651 2771 143 45 ignis
746 2771 127 45 nunc
825 2771 190 45 comburit
952 2771 159 45 stuppam,

242 2804 128 49 quam
322 2804 144 49 prius
418 2804 112 49 non
482 2804 256 49 combusserat,
691 2804 192 49 oportet,
835 2804 128 49 quod
915 2804 176 49 aliquem
1027 2804 80 49 or-

247 2838 153 56 dinem
349 2838 136 56 nunc
434 2838 170 56 habeat
553 2838 102 56 ad
604 2838 204 56 stuppam,
757 2838 136 56 quem
842 2838 153 56 prius
944 2838 119 56 non
995 2838 102 56 habe

248 2881 126 44 bat,
327 2881 126 44 ergo
406 2881 95 44 si
453 2881 174 44 daretur
579 2881 158 44 primus
690 2881 142 44 motus
785 2881 95 44 de
832 2881 142 44 nouo,
926 2881 126 44 tunc
990 2881 110 44 antei

236 2922 110 48 dum
299 2922 142 48 motum
394 2922 142 48 esset
488 2922 142 48 alius
583 2922 158 48 motus,
693 2922 110 48 quo
756 2922 142 48 nouus
851 2922 126 48 ordo
930 2922 173 48 fuisset
1040 2922 63 48 in

245 2958 176 56 ductus
368 2958 158 56 inter
474 2958 176 56 mouens
597 2958 193 56 primum,
737 2958 88 56 &
772 2958 141 56 suum
860 2958 193 56 mobile,
1001 2958 88 56 &
1018 2958 88 56 sic

235 2998 148 54 idem,
333 2998 131 54 quod
399 2998 131 54 prius.

236 3034 78 51 e
268 3034 219 51 Praeterea,
440 3034 94 51 si
487 3034 156 51 tempus
596 3034 219 51 incepisset
768 3034 94 51 in
815 3034 172 51 aliquo,
941 3034 125 51 nunc
1003 3034 94 51 ince

237 3083 162 46 pisset,
355 3083 74 46 &
385 3083 103 46 sic
444 3083 118 46 ante
518 3083 133 46 illud
606 3083 118 46 nunc
680 3083 103 46 non
739 3083 162 46 fuisset
857 3083 162 46 tempus,
975 3083 103 46 sed
1019 3083 89 46 ante

228 3116 100 49 est
285 3116 215 49 differentia
457 3116 187 49 temporis,
601 3116 72 49 &
629 3116 215 49 differentia
802 3116 100 49 non
859 3116 144 49 potest
960 3116 115 49 esse
1017 3116 86 49 sinc

1143 287 107 78 eo,
1204 287 137 78 cuius
1295 287 107 78 est
1356 287 243 78 differentia,
1554 287 122 78 ergo
1630 287 183 78 antequam
1767 287 213 78 incepisset
1919 287 91 78 tem-

1152 342 121 62 pus,
1228 342 106 62 iam
1288 342 121 62 fuit
1364 342 167 62 tempus:
1485 342 151 62 tempus
1591 342 136 62 autem
1682 342 106 62 cum
1742 342 106 62 sit
1803 342 151 62 passio
1894 342 121 62 motus,

1144 386 109 55 non
1207 386 156 55 potest
1316 386 124 55 esse
1393 386 124 55 sine
1471 386 140 55 motu,
1564 386 109 55 nec
1627 386 140 55 motus
1720 386 124 55 sine
1798 386 171 55 mobili,
1907 386 93 55 ergo

1147 416 117 48 haec
1220 416 131 48 omnia
1308 416 117 48 sine
1381 416 146 48 initio
1483 416 161 48 fuerunt
1600 416 88 48 ab
1630 416 131 48 aeterno

1154 466 79 52 3
1186 466 221 52 Praeterea,
1359 466 95 52 ex
1407 466 142 52 libro
1501 466 95 52 de
1549 466 126 52 celo
1627 466 79 52 &
1659 466 142 52 mundo
1754 466 126 52 sic,
1832 466 142 52 lllud
1911 466 95 52 quod

1143 500 150 56 nullo
1243 500 133 56 modo
1326 500 150 56 habet
1426 500 250 56 contrarium,
1626 500 150 56 nullo
1726 500 133 56 modo
1809 500 117 56 est
1859 500 150 56 genere-

1149 533 123 66 bile,
1232 533 96 66 nec
1286 533 96 66 per
1341 533 192 66 consequens
1492 533 151 66 incipit
1602 533 123 66 esse;
1684 533 96 66 sed
1739 533 123 66 caelo
1821 533 123 66 nihil
1903 533 96 66 est
1944 533 69 66 com

1142 578 201 44 trarium:
1293 578 134 44 ergo
1377 578 167 44 caelum
1494 578 117 44 est
1561 578 218 44 aeternum.

1168 611 77 60 3
1198 611 214 60 Praeterea,
1367 611 184 60 quicquid
1504 611 107 60 non
1566 611 168 60 desinit
1688 611 138 60 esse,
1780 611 107 60 hoc
1841 611 107 60 non
1887 611 107 60 ince-

1154 653 101 55 bit
1211 653 130 55 esse:
1298 653 101 55 sed
1355 653 130 55 multa
1442 653 130 55 sunt,
1528 653 115 55 quae
1600 653 130 55 nquam
1686 653 173 55 desinent
1816 653 130 55 esse,
1902 653 130 55 etiam

1140 696 192 48 secundum
1284 696 144 48 fidem
1381 696 80 48 :
1413 696 128 48 ergo
1493 696 192 48 secundum
1637 696 241 48 Aristotelem
1830 696 144 48 talia
1926 696 112 48 non

1141 729 228 50 inceperunt
1303 729 98 50 esse

1142 770 82 61 3
1174 770 230 61 Praeterea,
1355 770 131 61 omne
1437 770 181 61 genitum
1569 770 181 61 incipit
1700 770 131 61 esse
1782 770 197 61 alicubi,
1914 770 82 61 vbi

1148 812 145 51 prius
1244 812 112 51 non
1309 812 145 51 erat:
1405 812 96 51 si
1453 812 128 51 ergo
1533 812 145 51 totum
1630 812 209 51 vniuersum
1790 812 177 51 genitum
1903 812 96 51 tem-

1141 856 189 47 poraliter
1287 856 175 47 fuisset:
1418 856 116 47 tunc
1491 856 204 47 necessario
1650 856 160 47 fuisset
1767 856 160 47 vacuum,
1883 856 87 47 in
1912 856 73 47 quo

1139 893 204 58 vniuersum
1296 893 188 58 receptum
1437 893 188 58 fuisset,
1578 893 125 58 quod
1656 893 141 58 tamen
1750 893 110 58 est
1797 893 219 58 impossibile,

1135 926 160 52 vt
1215 926 266 52 patet.
1402 926 160 52 4.
1481 926 293 52 Physic.

1138 971 105 40 ro
1190 971 244 40 Praeterea,
1382 971 279 40 quandocumque
1608 971 139 40 sunt
1695 971 139 40 duae
1765 971 244 40 oppositiones

1144 1000 163 64 taliter
1263 1000 222 64 dispositae,
1441 1000 119 64 quod
1515 1000 119 64 vnus
1589 1000 178 64 terminus
1722 1000 133 64 vnius
1796 1000 193 64 oppositonis

1147 1041 231 61 conuertitur
1332 1041 108 61 cum
1393 1041 108 61 vno
1455 1041 170 61 termino
1579 1041 185 61 alterius
1717 1041 247 61 oppositonis:
1902 1041 93 61 tund

1141 1087 78 44 &
1173 1087 171 44 reliqui
1297 1087 109 44 duo
1359 1087 171 44 termini
1483 1087 264 44 conuertuntur:
1701 1087 109 44 sed
1763 1087 186 44 genitum,
1903 1087 78 44 &
1918 1087 78 44 in-

1146 1119 175 56 genitum
1273 1119 239 56 opponuntur,
1464 1119 80 56 &
1496 1119 270 56 corruptibile,
1719 1119 80 56 &
1735 1119 254 56 incorruptibile

1136 1164 203 53 similiter
1292 1164 234 53 opponuntur:
1480 1164 172 53 genitum
1605 1164 141 53 autem
1698 1164 78 53 &
1730 1164 250 53 corruptibile
1917 1164 78 53 con

1136 1203 223 52 uertuntur:
1311 1203 127 52 ergo
1391 1203 207 52 ingenitum
1550 1203 80 52 &
1581 1203 286 52 incorruptibile
1804 1203 191 52 conuertun-

1144 1239 118 57 tur:
1218 1239 103 57 cum
1277 1239 118 57 ergo
1350 1239 132 57 multa
1438 1239 118 57 sint
1512 1239 294 57 incorruptibilia,
1762 1239 132 57 multa
1850 1239 132 57 erunt
1923 1239 74 57 to-

1149 1274 151 52 taliter
1246 1274 151 52 ingenita.

1133 1319 99 48 1I
1182 1319 214 48 Preterea,
1346 1319 99 48 ex
1395 1319 148 48 libro
1494 1319 99 48 de
1543 1319 246 48 generatione
1740 1319 131 48 sic,
1822 1319 148 48 Omnis
1904 1319 99 48 dif-

1142 1355 186 61 formitas
1281 1355 93 61 ad
1327 1355 263 61 vniformitatem
1544 1355 216 61 reducitur:
1714 1355 108 61 sed
1776 1355 186 61 quicquid
1899 1355 93 61 nunc

1130 1394 188 47 mouetur,
1271 1394 125 47 quod
1350 1394 141 47 prius
1444 1394 110 47 non
1506 1394 219 47 mouebatur,
1679 1394 110 47 est
1741 1394 188 47 difforme
1882 1394 78 47 :
1898 1394 94 47 ergo

1148 1437 138 47 omnis
1240 1437 138 47 talis
1332 1437 138 47 motus
1424 1437 200 47 difformis
1578 1437 184 47 oportet,
1716 1437 123 47 quod
1792 1437 200 47 reducatur
1931 1437 61 47 ad

1137 1481 140 56 vnum
1225 1481 158 56 motum
1330 1481 228 56 totaliter
1506 1481 246 56 vniformem,
1699 1481 88 56 &
1734 1481 123 56 per
1787 1481 211 56 consequens

1121 1511 249 51 empiternum.

1144 1536 100 70 12
1194 1536 233 70 Praeterea,
1377 1536 133 70 idem
1460 1536 166 70 manens
1577 1536 150 70 idem,
1676 1536 166 70 semper
1793 1536 150 70 facit
1876 1536 116 70 idem;

1141 1586 107 59 sed
1202 1586 152 59 primus
1308 1586 137 59 motor
1400 1586 107 59 est
1461 1586 198 59 totaliter
1613 1586 152 59 manens
1720 1586 137 59 idem,
1811 1586 107 59 cum
1872 1586 107 59 sit
1918 1586 76 59 to-

1137 1638 154 48 taliter
1249 1638 238 48 inuariabilis:
1445 1638 112 48 ergo
1515 1638 84 48 si
1557 1638 210 48 nuncaliquid
1725 1638 182 48 producit,
1865 1638 84 48 ab
1893 1638 98 48 aeter

1128 1672 157 47 no
1206 1672 341 47 consimile
1469 1672 341 47 produxit.

1160 1716 98 54 13
1209 1716 228 54 Praeterea,
1387 1716 244 54 quandocuque
1583 1716 163 54 aliqui
1696 1716 114 54 duo
1761 1716 179 54 termini
1891 1716 98 54 se
1924 1716 65 54 mu

1140 1741 105 55 tuo
1200 1741 181 55 referunt
1336 1741 90 55 ex
1381 1741 135 55 parte
1471 1741 135 55 ante,
1561 1741 75 55 &
1592 1741 90 55 ex
1637 1741 135 55 parte
1727 1741 135 55 post,
1817 1741 166 55 illorum
1923 1741 75 55 nec

1130 1789 166 59 poterit
1250 1789 121 59 esse
1326 1789 226 59 simpliciter
1507 1789 166 59 primum,
1627 1789 105 59 nec
1688 1789 226 59 simpliciter
1853 1789 151 59 vltimum;

1129 1836 110 47 sed
1192 1836 204 47 generatio
1349 1836 79 47 &
1381 1836 204 47 corruptio
1538 1836 126 47 sunt
1617 1836 220 47 huiusmodi:
1790 1836 110 47 nam
1837 1836 157 47 generae-

1133 1872 124 50 tio
1204 1872 160 50 vnius
1311 1872 124 50 est
1381 1872 230 50 corruptio
1559 1872 230 50 alterius,
1736 1872 89 50 &
1771 1872 248 50 econuerso.

1132 1906 84 43 1
1166 1906 236 43 Praeterea,
1351 1906 202 43 Auerroes
1503 1906 253 43 commentator
1705 1906 101 43 8.
1755 1906 236 43 physicorum
1924 1906 67 43 ad

1131 1942 114 52 idem
1202 1942 143 52 arguit
1302 1942 114 52 sic.
1373 1942 143 52 lllud,
1473 1942 114 52 quod
1544 1942 100 52 est
1601 1942 86 52 in
1644 1942 171 52 continuo
1773 1942 157 52 fiuxum,
1887 1942 143 52 semper
1972 1942 43 52 l

1135 1989 160 53 mediat
1247 1989 144 53 inter
1343 1989 240 53 praeteritum
1535 1989 80 53 &
1567 1989 192 53 faturum,
1712 1989 112 53 sed
1776 1989 128 53 nunc
1840 1989 176 53 temporis.

1129 2023 112 48 est
1193 2023 96 48 in
1241 2023 192 48 continuo
1384 2023 160 48 fluxu,
1496 2023 128 48 quia
1576 2023 176 48 numquam
1704 2023 160 48 potest
1815 2023 176 48 signari
1927 2023 64 48 vt

1135 2059 160 57 stans
1242 2059 125 57 vel
1313 2059 249 57 permanens:
1509 2059 196 57 numquam
1652 2059 142 57 ergo
1741 2059 196 57 incepit
1865 2059 125 57 totum

1131 2099 174 60 tempus:
1258 2099 127 60 quia
1337 2099 127 60 tunc
1416 2099 174 60 instans
1543 2099 190 60 temporis
1685 2099 142 60 nihil
1780 2099 206 60 habuisset
1923 2099 63 60 de

1129 2144 189 46 tempore
1266 2144 258 46 praeterito,
1473 2144 120 46 nec
1542 2144 172 46 vmquam
1662 2144 189 46 poterit
1800 2144 155 46 totum
1886 2144 103 46 tem-

1144 2181 89 54 us
1189 2181 193 54 desinere:
1337 2181 119 54 quia
1411 2181 119 54 tunc
1485 2181 163 54 instans
1604 2181 104 54 non
1663 2181 222 54 continuaret
1841 2181 89 54 se
1885 2181 89 54 ad
1915 2181 74 54 te-

1133 2215 113 54 pus
1181 2215 161 54 futurum.

1138 2263 83 51 2
1172 2263 232 51 Praeterea,
1353 2263 132 51 omne
1436 2263 149 51 agens
1535 2263 116 51 per
1602 2263 265 51 intellectum,
1817 2263 132 51 quod
1883 2263 99 51 nuno

1135 2299 146 46 agit,
1232 2299 81 46 &
1265 2299 146 46 prius
1362 2299 114 46 non
1428 2299 179 46 agebat,
1558 2299 179 46 oportet
1688 2299 146 46 ipsum
1769 2299 228 46 apprehendere

1143 2335 168 51 diuersa
1265 2335 183 51 tempora,
1403 2335 153 51 quorum
1510 2335 92 51 in
1556 2335 107 51 vno
1617 2335 229 51 apprehendat
1800 2335 92 51 se
1846 2335 153 51 agere,
1953 2335 76 51 &

1134 2376 92 55 in
1180 2376 123 55 alio
1256 2376 107 55 non
1318 2376 153 55 agere,
1425 2376 107 55 sed
1486 2376 138 55 tepus
1578 2376 107 55 non
1639 2376 276 55 apprebenditur,
1869 2376 107 55 nec
1915 2376 92 55 esse

1136 2410 151 55 potest
1242 2410 121 55 sine
1317 2410 136 55 motu:
1408 2410 121 55 ergo
1468 2410 76 55 &c.

1135 2460 79 45 3
1167 2460 220 45 Praeterea,
1340 2460 142 45 sicut
1434 2460 94 45 se
1481 2460 142 45 habet
1576 2460 189 45 voluntas
1717 2460 126 45 noua
1796 2460 94 45 ad
1828 2460 157 45 effectum

1120 2496 206 43 antiquum,
1279 2496 111 43 sic
1342 2496 190 43 voluntas
1484 2496 174 43 antiqua
1611 2496 95 43 ad
1659 2496 190 43 effectum
1801 2496 158 43 nouum;
1912 2496 111 43 sed

1139 2535 176 41 voluntas
1271 2535 117 41 noua
1345 2535 103 41 non
1403 2535 147 41 potest
1506 2535 117 41 esse
1579 2535 132 41 causa
1667 2535 176 41 effectus
1799 2535 176 41 antiqui:
1917 2535 73 41 er-

1131 2563 89 58 go
1176 2563 103 58 nec
1235 2563 162 58 antiqua
1353 2563 162 58 poterit
1471 2563 118 58 esse
1545 2563 133 58 causa
1633 2563 177 58 propria,
1766 2563 74 58 &
1796 2563 103 58 per
1855 2563 89 58 se
1885 2563 103 58 effe-

1143 2611 118 55 ctus
1217 2611 133 55 noui:
1306 2611 118 55 ergo
1380 2611 89 55 si
1424 2611 118 55 Deus
1498 2611 162 55 aliquid
1616 2611 118 55 nunc
1690 2611 222 55 produceret,
1867 2611 118 55 quod
1926 2611 59 55 ab

1138 2648 156 48 aeterno
1251 2648 99 48 non
1308 2648 227 48 produxisset,
1492 2648 113 48 tunc
1563 2648 128 48 esset
1648 2648 198 48 mutabilis:
1804 2648 113 48 quia
1875 2648 142 48 acqui

1126 2683 258 47 siuisset
1319 2683 193 47 nouam
1448 2683 322 47 voluntatem.

1133 2723 81 58 4
1165 2723 145 58 Praet
1262 2723 145 58 erea,
1359 2723 97 58 ab
1407 2723 177 58 antiqua
1536 2723 210 58 voluntate
1698 2723 113 58 non
1762 2723 194 58 procedit
1891 2723 97 58 ali-

1140 2764 125 60 quis
1218 2764 187 60 effectus
1359 2764 156 60 nonus,
1468 2764 125 60 nisi
1546 2764 187 60 mediante
1686 2764 125 60 noua
1764 2764 187 60 actione:
1888 2764 94 60 ergo

1140 2802 130 53 idem,
1226 2802 116 53 quod
1284 2802 116 53 prius.

1143 2845 75 45 3
1173 2845 211 45 Praeterea,
1339 2845 151 45 onine,
1445 2845 121 45 quod
1520 2845 121 45 fit,
1596 2845 91 45 in
1641 2845 166 45 tempore
1762 2845 121 45 fit,
1837 2845 121 45 ergo
1897 2845 91 45 tem-

1142 2883 102 57 pus
1201 2883 102 57 non
1259 2883 146 57 potest
1362 2883 146 57 fieri:
1464 2883 117 57 quia
1537 2883 117 57 tunc
1611 2883 176 57 temporis
1742 2883 132 57 esset
1830 2883 161 57 tempus,
1947 2883 73 57 &

1133 2925 96 44 sic
1188 2925 178 44 infinitus
1325 2925 123 44 esset
1407 2925 191 44 processus,
1557 2925 109 44 nisi
1626 2925 123 44 detur
1708 2925 150 44 aliquod
1817 2925 137 44 tepus,
1899 2925 82 44 quod

1133 2964 179 44 numquam
1263 2964 195 44 incepit,
1409 2964 81 44 &
1442 2964 114 44 per
1507 2964 228 44 consequens
1685 2964 114 44 cum
1750 2964 163 44 tempus
1864 2964 114 44 non
1913 2964 81 44 sit

1128 3002 123 53 sine
1205 3002 138 53 motu,
1297 3002 123 53 ergo
1374 3002 215 53 necessario
1543 3002 108 53 est
1604 3002 169 53 aliquis
1728 3002 138 53 motus
1804 3002 185 53 perpetuus.

1145 3048 83 50 4
1179 3048 216 50 Preterea,
1345 3048 266 50 quandocumque
1560 3048 183 50 aliquod
1693 3048 149 50 agens
1793 3048 133 50 nunc
1876 3048 149 50 agit,

1140 3078 117 51 quod
1214 3078 132 51 prius
1301 3078 103 51 non
1360 3078 161 51 agebat:
1477 3078 117 51 tunc
1551 3078 146 51 aliqua
1653 3078 190 51 proportio
1800 3078 132 51 facta
1887 3078 103 51 est
1931 3078 59 51 in

1129 3121 109 62 ter
1192 3121 156 62 ipsum,
1301 3121 78 62 &
1332 3121 202 62 effectum,
1487 3121 124 62 quae
1565 3121 156 62 quidem
1674 3121 233 62 pricportio,
1861 3121 109 62 cum
1907 3121 78 62 non
