2263 3544
426 254 138 76 possit
523 254 138 76 fieri,
619 254 110 76 nisi
688 254 97 76 per
743 254 124 76 motum
826 254 69 76 :
854 254 110 76 ergo
923 254 83 76 si
964 254 138 76 primus
1061 254 124 76 motor
1130 254 165 76 incepisset

434 315 133 52 agere
523 315 118 52 ante
597 315 118 52 suum
671 315 148 52 primum
775 315 148 52 motum,
878 315 237 52 praecesisset
1071 315 133 52 alius
1160 315 133 52 motus
1234 315 59 52 &c

439 356 80 41 1
471 356 209 41 Praeterea
631 356 192 41 Auicenna
776 356 160 41 arguit
888 356 96 41 ad
936 356 128 41 idem
1016 356 128 41 sic.
1097 356 112 41 Aut
1161 356 128 41 crea
1225 356 64 41 ci

429 387 161 49 mundi
537 387 215 49 precedit
698 387 179 49 mundum
824 387 251 49 tantummodo
1021 387 197 49 natura,
1164 387 126 49 aut
1218 387 72 49 d-

429 435 184 45 ratione;
567 435 92 45 si
613 435 138 45 primo
705 435 138 45 modo,
797 435 123 45 tunc
873 435 153 45 mundus
980 435 123 45 fuit
1057 435 92 45 ab
1103 435 169 45 eterno,
1210 435 77 45 cum

432 463 165 50 creator
552 463 105 50 sit
612 463 195 50 aeternus.
762 463 90 50 Si
807 463 165 50 secundo
927 463 135 50 modo,
1017 463 135 50 tunc,
1107 463 105 50 cum
1152 463 135 50 duratio

429 500 95 50 non
484 500 136 50 possit
579 500 109 50 esse
646 500 109 50 sine
714 500 149 50 priori,
823 500 68 50 &
850 500 203 50 posteriori,
1013 500 109 50 quae
1081 500 95 50 vel
1135 500 109 50 sunt
1189 500 95 50 tepus

439 542 104 55 uel
499 542 134 55 causa
588 542 193 55 temporis:
736 542 119 55 ergo
811 542 149 55 tempus
915 542 178 55 fuisset,
1048 542 74 55 &
1078 542 104 55 per
1123 542 163 55 consequen

430 585 149 50 motus
530 585 199 50 antequam
679 585 166 50 mundus
795 585 166 50 esset,
911 585 133 50 quod
994 585 116 50 est
1044 585 215 50 impossibile

443 620 77 50 2
473 620 216 50 Praeterea,
643 620 155 50 quando
752 620 170 50 aliquid
875 620 108 50 fit
937 620 155 50 causa,
1045 620 124 50 quod
1122 620 139 50 prius
1200 620 77 50 nos

433 657 114 52 suit
504 657 143 52 causa,
604 657 100 52 hoc
661 657 100 52 non
718 657 100 52 est
776 657 129 52 causa
861 657 100 52 per
919 657 186 52 essentiam
1061 657 129 52 suam,
1147 657 71 52 &
1176 657 100 52 per
1219 657 71 52 con

429 702 167 51 sequens
550 702 106 51 est
611 702 197 51 mutabile:
762 702 106 51 cum
823 702 121 51 ergo
898 702 121 51 Deus
974 702 106 51 sit
1035 702 242 51 immutabilis,
1216 702 61 51 er

432 735 84 58 go
474 735 209 58 cuiuscunque
641 735 97 58 est
697 735 139 58 causa,
794 735 139 58 illius
891 735 139 58 semper
989 735 97 58 est
1044 735 139 58 causa,
1142 735 97 58 sed
1184 735 111 58 posita

431 780 132 50 causa
519 780 176 50 aeterna,
651 780 176 50 causatum
783 780 117 50 erit
857 780 191 50 aeternum,
1003 780 103 50 cum
1062 780 132 50 causa
1150 780 73 50 &
1165 780 117 50 causa-

433 818 111 58 tum
497 818 191 58 dicuntur
624 818 175 58 relatiue.

440 863 111 43 Sed
503 863 126 43 ista
582 863 174 43 quamuis
709 863 95 43 de
756 863 206 43 agentibus
915 863 253 43 naturalibus,
1120 863 126 43 quae
1183 863 111 43 agunt

427 893 195 53 mediante
573 893 146 53 motu,
671 893 81 53 &
703 893 309 53 transmntatione,
964 893 179 53 aliquid
1078 893 212 53 concludant,

431 934 107 50 cum
492 934 123 50 ipsa
569 934 123 50 sint
645 934 169 50 secunda
768 934 184 50 agentia,
906 934 77 50 &
936 934 184 50 effectum
1074 934 138 50 primi
1151 934 138 50 agentis

431 971 218 48 necessario
602 971 280 48 praesupponant,
835 971 93 48 de
882 971 109 48 Deo
944 971 155 48 tamen,
1053 971 109 48 qui
1115 971 109 48 est
1162 971 124 48 primun

435 1010 154 52 agens,
542 1010 77 52 &
573 1010 108 52 per
635 1010 215 52 consequens
804 1010 139 52 nihil
896 1010 92 52 in
942 1010 108 52 sua
1004 1010 169 52 actione
1112 1010 169 52 praesuppo

432 1055 136 45 nens,
523 1055 136 45 cuius
614 1055 136 45 actio
704 1055 106 45 non
765 1055 106 45 est
826 1055 136 45 motus
917 1055 76 45 &
947 1055 257 45 transmutatio,
1159 1055 106 45 sed
1204 1055 76 45 sim

439 1087 115 62 plex
511 1087 187 62 emanatio,
654 1087 101 62 qui
712 1087 101 62 non
769 1087 115 62 agit
841 1087 173 62 naturali
971 1087 230 62 necessitate,
1158 1087 101 62 sed
1201 1087 86 62 libs

435 1139 101 43 ra
486 1139 236 43 voluntate;
671 1139 135 43 ista
755 1139 219 43 praedicta
924 1139 135 43 sunt
1008 1139 135 43 pura
1076 1139 219 43 sophismata.

476 1164 96 48 Ad
524 1164 160 48 primum
636 1164 128 48 ergo
716 1164 192 48 dicedum,
860 1164 128 48 quod
941 1164 176 48 quamuis
1069 1164 176 48 materia
1181 1164 112 48 prima

432 1204 105 55 sit
492 1204 255 55 ingenerabilis
702 1204 165 55 proprie
822 1204 180 55 loquendo
956 1204 90 55 de
1001 1204 240 55 generatione,
1196 1204 105 55 est
1241 1204 60 55 ta

444 1244 105 49 men
504 1244 211 49 creabilis,
670 1244 75 49 &
700 1244 90 49 ab
745 1244 151 49 agente
850 1244 151 49 primo,
956 1244 120 49 quod
1031 1244 90 49 in
1076 1244 105 49 sua
1136 1244 166 49 actione
1242 1244 60 49 ni

429 1284 102 52 hil
488 1284 247 52 praesupponit,
691 1284 102 52 est
749 1284 87 52 de
793 1284 145 52 nihilo
895 1284 247 52 producibilis,
1098 1284 87 52 vt
1142 1284 145 52 patuit
1229 1284 58 52 it

434 1322 204 59 quaestione
594 1322 218 59 praecedente
769 1322 189 59 articulo.
900 1322 58 59 5.

483 1363 91 48 Ad
528 1363 182 48 secundum
665 1363 197 48 dicendum,
817 1363 121 48 quod
893 1363 152 48 factio
999 1363 137 48 primi
1090 1363 182 48 mobilis,
1211 1363 76 48 nec

441 1404 107 47 est
502 1404 153 47 motus,
609 1404 107 47 nec
671 1404 261 47 transmutatio,
885 1404 107 47 sed
946 1404 92 47 ad
992 1404 184 47 imperium
1130 1404 169 47 diuinae
1238 1404 61 47 vo

443 1440 196 54 luntatis
589 1440 179 54 simplex
720 1440 212 54 emanatio:
883 1440 81 54 &
915 1440 130 54 ideo
997 1440 130 54 ante
1078 1440 163 54 primum
1176 1440 114 54 motum

435 1482 107 55 non
496 1482 107 55 est
557 1482 138 55 alius
634 1482 122 55 motus.

481 1506 103 61 Ad
532 1506 189 61 tertium
670 1506 224 61 dicendum,
842 1506 138 61 quod
928 1506 138 61 ante
1014 1506 172 61 primum
1134 1506 155 61 motum
1220 1506 69 61 bi

444 1557 89 53 ne
489 1557 104 53 est
548 1557 148 53 aliqua
651 1557 177 53 nouitas,
784 1557 118 53 puta
858 1557 118 53 quia
932 1557 148 53 mobile
1036 1557 74 53 a
1065 1557 104 53 Deo
1125 1557 89 53 in
1169 1557 118 53 esse
1228 1557 74 53 pro

449 1598 196 48 ducitur,
596 1598 212 48 huiusmodi
759 1598 147 48 tamen
857 1598 180 48 nouitas
988 1598 114 48 non
1053 1598 114 48 fit
1118 1598 114 48 per
1167 1598 131 48 motum,

440 1636 110 56 sed
503 1636 110 56 per
566 1636 204 56 simplicem
723 1636 110 56 Dei
785 1636 204 56 actionem,
942 1636 141 56 nihil
1036 1636 172 56 penitus
1146 1636 141 56 praesup

411 1680 231 54 ponentem.

452 1708 97 54 Ad
500 1708 178 54 quartum
630 1708 211 54 dicendum,
792 1708 130 54 quod
873 1708 162 54 nullum
987 1708 259 54 impedimentum
1181 1708 114 54 fuit.

448 1758 112 45 nisi
518 1758 112 45 quod
588 1758 154 45 aeterna
701 1758 98 45 sua
757 1758 182 45 voluntate
897 1758 112 45 sibi
967 1758 154 45 placuit
1079 1758 140 45 mundum
1178 1758 84 45 ab
1206 1758 98 45 aeter

434 1794 90 53 no
479 1794 105 53 non
539 1794 210 53 producere,
704 1794 105 53 sed
764 1794 90 53 in
809 1794 180 53 tempore:
945 1794 75 53 &
975 1794 120 53 haec
1050 1794 105 53 sua
1110 1794 195 53 sapientia
1245 1794 60 53 di

449 1830 161 57 sposuit,
569 1830 67 57 &
596 1830 121 57 sicut
676 1830 188 57 disposuit,
824 1830 94 57 sic
877 1830 67 57 &
891 1830 107 57 fecit.

475 1881 93 42 Ad
522 1881 171 42 quintum
647 1881 203 42 dicendum,
803 1881 125 42 quod
880 1881 140 42 nouus
974 1881 125 42 ordo
1052 1881 203 42 consurgit
1192 1881 109 42 inter

447 1909 144 55 Deum,
543 1909 80 55 &
575 1909 224 55 creaturam,
751 1909 112 55 non
815 1909 144 55 tamen
912 1909 112 55 per
976 1909 160 55 motum,
1088 1909 112 55 sed
1152 1909 112 55 per
1200 1909 96 55 sim-

439 1948 159 60 plicem
550 1948 206 60 creaturae
693 1948 238 60 productionem.

469 1992 95 45 Ad
517 1992 158 45 sextum
627 1992 205 45 dicendum,
785 1992 110 45 qud
848 1992 142 45 illud
943 1992 126 45 ante
1022 1992 110 45 est
1085 1992 189 45 secundum
1211 1992 79 45 ima

456 2030 214 46 ginationem
624 2030 153 46 solum:
731 2030 77 46 &
762 2030 123 46 ideo
839 2030 107 46 non
900 2030 107 46 est
961 2030 230 46 differentia
1130 2030 168 46 temporis,

435 2070 91 45 de
480 2070 106 45 quo
541 2070 197 45 loquimur,
692 2070 136 45 sicut
783 2070 106 45 nec
844 2070 136 45 extra
935 2070 212 45 imaginatum
1101 2070 136 45 vltra
1177 2070 121 45 coelum

448 2107 95 45 est
503 2107 108 45 vera
570 2107 203 45 differentia
732 2107 108 45 loci
800 2107 149 45 realis,
908 2107 81 45 vt
949 2107 122 45 patet
1030 2107 81 45 3.
1071 2107 203 45 physicorum.
1219 2107 68 45 Pro

457 2146 114 55 iter
528 2146 114 55 quod
599 2146 142 55 ibidem
699 2146 100 55 ait
755 2146 228 55 philosophus,
940 2146 256 55 Intelligentiae
1154 2146 128 55 idest
1225 2146 71 55 ima

451 2194 209 45 ginationi
612 2194 113 45 non
676 2194 161 45 semper
789 2194 209 45 credendum
934 2194 97 45 est.

446 2224 96 54 Ad
494 2224 191 54 septimum
637 2224 191 54 dicedum,
780 2224 127 54 quod
860 2224 175 54 quamuis
987 2224 159 54 coelum
1099 2224 111 54 non
1163 2224 111 54 sit
1210 2224 80 54 ge-

434 2261 202 51 nerabile,
590 2261 109 51 est
652 2261 140 51 tamen
746 2261 187 51 creabile
886 2261 78 51 &
917 2261 93 51 de
963 2261 156 51 nihilo
1057 2261 202 51 producibile

463 2297 100 56 Ad
513 2297 184 56 octauum
647 2297 217 56 dicendum,
814 2297 134 56 quod
898 2297 167 56 illud,
1015 2297 134 56 quod
1098 2297 117 56 non
1149 2297 150 56 definit

447 2341 115 49 esse
518 2341 115 49 sic,
590 2341 115 49 quod
662 2341 158 49 propria
777 2341 100 49 sua
834 2341 158 49 virtute
949 2341 143 49 absque
1049 2341 100 49 eo,
1107 2341 115 49 quod
1164 2341 129 49 superio

438 2381 100 50 ris
495 2381 186 50 innitatur
638 2381 171 50 virtuti,
766 2381 100 50 per
823 2381 157 50 seipsum
938 2381 214 50 conseruatur
1109 2381 86 50 in
1152 2381 129 50 esse,
1224 2381 71 50 hoc

433 2429 180 43 numquam
564 2429 180 43 incepit
695 2429 147 43 esse,
793 2429 115 43 hoc
859 2429 147 43 autem
957 2429 115 43 est
1022 2429 147 43 solus
1121 2429 147 43 Deus:
1219 2429 115 43 nam

438 2463 127 46 omnis
523 2463 170 46 creatura
650 2463 170 46 sibiipsi
777 2463 184 46 derelicta
919 2463 142 46 tendit
1018 2463 85 46 in
1060 2463 99 46 non
1117 2463 127 46 esse,
1202 2463 127 46 sicut

436 2498 111 53 de
492 2498 185 53 nihilo
622 2498 222 53 producta
770 2498 111 53 est.

445 2535 102 53 Ad
496 2535 154 53 nonum
598 2535 222 53 dicendum,
769 2535 136 53 quod
854 2535 102 53 si
906 2535 222 53 uniuersum
1076 2535 171 53 coepit
1196 2535 136 53 esse

434 2576 93 43 in
480 2576 155 43 aliquo
588 2576 139 43 loco,
681 2576 201 43 huiusmodi
835 2576 139 43 locus
928 2576 124 43 fuit
1005 2576 170 43 creatus
1129 2576 108 43 cum
1175 2576 124 43 uniuer

441 2614 106 44 so,
502 2614 106 44 ita
562 2614 122 44 quod
638 2614 122 44 ante
714 2614 106 44 non
775 2614 122 44 fuit
851 2614 167 44 vacuum,
973 2614 106 44 sed
1034 2614 137 44 purum
1125 2614 137 44 nihil
1201 2614 91 44 erat

453 2656 146 49 Potest
556 2656 131 49 etiam
643 2656 131 49 dici,
731 2656 117 49 quod
804 2656 190 49 vniuersum
950 2656 102 49 non
1008 2656 102 49 est
1067 2656 88 49 in
1111 2656 117 49 loco
1184 2656 102 49 per
1228 2656 58 49 si

442 2693 199 44 secundum
591 2693 99 44 se
641 2693 166 44 totum:
757 2693 132 44 vnum
840 2693 132 44 enim
923 2693 215 44 elementum
1088 2693 99 44 in
1138 2693 132 44 alio
1204 2693 83 44 est

448 2735 73 51 &
478 2735 103 51 sic
536 2735 205 51 ascendendo
698 2735 132 51 vsque
786 2735 88 51 ad
830 2735 161 51 vltimam
947 2735 191 51 sphaetam,
1094 2735 117 51 illa
1152 2735 147 51 vlterius

441 2781 98 40 non
497 2781 98 40 est
553 2781 98 40 per
609 2781 84 40 se
651 2781 84 40 in
694 2781 126 40 loco,
778 2781 84 40 vt
820 2781 140 40 patet.
918 2781 84 40 4.
960 2781 211 40 physitorum,
1129 2781 112 40 quod
1199 2781 84 40 si
1227 2781 56 40 ta

451 2819 100 44 men
508 2819 128 44 esset
593 2819 86 44 in
636 2819 128 44 loco,
722 2819 128 44 tunc,
808 2819 86 44 vt
850 2819 128 44 dixi,
936 2819 128 44 locus
1022 2819 128 44 talis
1107 2819 128 44 simul
1193 2819 100 44 cum
1236 2819 57 44 ea

448 2851 130 53 esset
520 2851 144 53 creatus.

485 2890 96 43 Ad
533 2890 176 43 decimum
661 2890 208 43 dicendum,
821 2890 128 43 quod
900 2890 144 43 dato,
996 2890 128 43 quod
1076 2890 128 43 omne
1140 2890 144 43 incorru

447 2937 152 46 ptibile
558 2937 97 46 sit
613 2937 235 46 ingenerabile,
806 2937 97 46 non
862 2937 124 46 tamen
945 2937 180 46 sequitur,
1083 2937 111 46 quod
1152 2937 97 46 sit
1193 2937 97 46 impro

447 2970 186 41 ducibile,
590 2970 115 41 quia
662 2970 143 41 potest
762 2970 115 41 esse
834 2970 186 41 creabile:
977 2970 129 41 sicut
1063 2970 129 41 dato,
1149 2970 115 41 quod
1206 2970 86 41 omno

449 3010 194 54 ingenitum
599 3010 90 54 in
643 3010 135 54 istis
733 3010 135 54 rebus
823 3010 164 54 creatis
942 3010 105 54 sit
1002 3010 284 54 incorruptibile,
1226 3010 75 54 non

445 3047 142 52 tamen
540 3047 206 52 sequitur,
698 3047 127 52 quod
778 3047 111 52 non
841 3047 111 52 sit
888 3047 222 52 annihilabile

478 3090 105 63 Ad
530 3090 227 63 vndecimum
705 3090 227 63 dicendum,
880 3090 140 63 quod
967 3090 122 63 non
1037 3090 192 63 oportet
1159 3090 140 63 huius

1314 258 136 76 modi
1399 258 288 76 difformitatem
1636 258 203 76 reducese
1788 258 102 76 is
1839 258 152 76 motum
1924 258 220 76 fempiternum

1328 310 93 49 ed
1374 310 139 49 debet
1467 310 155 49 reduci
1575 310 93 49 in
1621 310 186 49 aeternam
1760 310 108 49 Dei
1822 310 232 49 voluntatem,
2008 310 124 49 quae
2070 310 77 49 im-

1312 351 175 57 mobilis
1440 351 96 57 in
1488 351 96 57 se
1535 351 175 57 manens,
1663 351 112 57 dat
1727 351 160 57 cuncta
1822 351 144 57 moueri.

1364 371 97 73 Ad
1412 371 225 73 duodecimum
1589 371 209 73 dicendum,
1750 371 129 73 quod
1831 371 177 73 quantum
1960 371 97 73 ad
2008 371 113 73 hoc
2056 371 97 73 Deum

1319 421 138 57 semper
1416 421 125 57 facit
1499 421 125 57 idem:
1582 421 111 57 quia
1651 421 125 57 omne,
1735 421 111 57 quod
1804 421 125 57 facit
1887 421 83 57 ab
1928 421 166 57 aeterno,
2039 421 111 57 sicfie

1318 474 84 52 ri
1360 474 154 52 voluit,
1472 474 126 52 sicut
1556 474 112 52 nunc
1626 474 140 52 facit,
1724 474 70 52 &
1751 474 98 52 per
1807 474 112 52 suam
1877 474 196 52 sapientiam
2017 474 126 52 sicfien

1320 502 108 53 dum
1381 502 216 53 disposuit,
1551 502 77 53 &
1567 502 185 53 ordinauit.

1351 523 97 73 Ad
1399 523 292 73 tertiumdecimum
1643 523 146 73 dico,
1740 523 130 73 quod
1821 523 146 73 entia
1919 523 146 73 primo
2000 523 146 73 product

1327 587 102 49 non
1385 587 232 49 processerunt
1573 587 87 49 in
1617 587 116 49 esse
1689 587 102 49 per
1747 587 247 49 generationem,
1950 587 102 49 sed
2008 587 102 49 per
2052 587 102 49 crea-

1322 628 161 47 tionem,
1439 628 132 47 sicut
1527 628 117 47 ergo
1600 628 117 47 Deus
1673 628 146 47 potest
1776 628 161 47 aliquid
1893 628 219 47 annihilare,
2054 628 102 47 cuius

1325 666 261 50 annihilationem
1543 666 102 50 non
1601 666 174 50 sequitur
1732 666 145 50 aliqua
1834 666 203 50 generatio;
1993 666 102 50 sic
2037 666 116 50 potuit

1312 702 169 45 aliquid
1434 702 169 45 creare,
1557 702 138 45 cuius
1649 702 215 45 creationem
1818 702 107 45 non
1880 702 215 45 praecessit
2033 702 123 45 aliqua

1297 736 205 52 corruptio.

1340 769 107 71 Ad
1394 769 179 71 primum
1519 769 179 71 ipsius
1644 769 304 71 Commentatoris
1894 769 232 71 dicendum,
2055 769 107 71 quod

1316 812 131 52 sicut
1404 812 146 52 mobile
1506 812 146 52 fluens
1609 812 146 52 causat
1711 812 146 52 motum,
1813 812 102 52 sic
1872 812 161 52 instans
1988 812 146 52 fluens
2091 812 117 52 cau
2149 812 44 52 S

1323 857 101 51 sat
1380 857 158 51 tempus;
1495 857 72 51 &
1524 857 115 51 ideo
1596 857 144 51 creato
1697 857 129 51 primo
1783 857 158 51 mobili,
1898 857 129 51 sicut
1984 857 144 51 mobile
2085 857 101 51 eae
2128 857 115 51 ration

1324 898 94 51 pit
1377 898 147 51 fluere,
1484 898 94 51 sic
1538 898 147 51 instans
1645 898 134 51 coepit
1739 898 147 51 fluere;
1846 898 67 51 &
1873 898 120 51 ficut
1953 898 120 51 illud
2033 898 187 51 mobilesita
2167 898 67 51 Com

1323 938 121 54 tunc
1399 938 121 54 fuit
1474 938 212 54 principium
1641 938 136 54 motus
1732 938 167 54 futuri,
1853 938 121 54 quod
1929 938 106 54 non
1989 938 212 54 praesuppo
2141 938 106 54 taten

1319 973 118 54 suit
1393 973 163 54 aliquem
1511 973 133 54 motum
1600 973 237 54 praeteritum,
1792 973 104 54 sic
1852 973 133 54 illud
1940 973 163 54 instans
2044 973 133 54 itafuit

1334 1015 211 48 principium
1500 1015 181 48 temporis
1636 1015 166 48 futuri,
1757 1015 121 48 quod
1832 1015 136 48 tamen
1923 1015 121 48 fuit
1998 1015 136 48 finis
2073 1015 91 48 temp

1301 1057 234 42 ris
1401 1057 434 42 praeteriti.

1349 1091 89 54 Ad
1394 1091 179 54 secundum
1528 1091 194 54 dicendum,
1677 1091 119 54 quod
1751 1091 89 54 ex
1796 1091 104 54 hoc
1855 1091 104 54 non
1915 1091 179 54 habetur,
2049 1091 149 54 nisiqu

1325 1127 149 48 tempus
1429 1127 89 48 ab
1474 1127 164 48 aeterno
1593 1127 119 48 fuit
1667 1127 89 48 in
1712 1127 253 48 apprehensione
1920 1127 223 48 intellectus
2084 1127 89 48 diui

1318 1172 115 46 ni,
1383 1172 131 46 quod
1465 1172 115 46 non
1531 1172 148 46 solum
1629 1172 181 46 concedo
1761 1172 98 46 de
1810 1172 197 46 tempore,
1958 1172 115 46 sed
2023 1172 148 46 etiam
2105 1172 66 46 de

1323 1217 122 44 omni
1399 1217 122 44 alia
1475 1217 91 44 re
1520 1217 198 44 producta,
1672 1217 106 44 vel
1733 1217 243 44 producibili:
1931 1217 122 44 quia
2007 1217 137 44 omnia
2083 1217 106 44 nouit

1318 1249 113 44 Deus
1388 1249 85 44 ab
1431 1249 169 44 aeterno,
1557 1249 85 44 vt
1600 1249 169 44 superius
1726 1249 169 44 probaui;
1853 1249 99 44 sed
1909 1249 183 44 manifesta
2050 1249 99 44 est
2093 1249 85 44 fal-

1322 1289 138 50 lacia
1414 1289 260 50 consequentis,
1628 1289 77 50 &
1658 1289 260 50 antecedentis;
1873 1289 92 50 ac
1919 1289 184 50 secundum
2057 1289 122 50 quid
2118 1289 61 50 ad

1319 1331 240 47 simpliciter,
1514 1331 105 47 cum
1574 1331 90 47 ex
1619 1331 120 47 hoc,
1694 1331 120 47 quod
1769 1331 165 47 aliquid
1889 1331 105 47 est
1949 1331 90 47 in
1979 1331 210 47 apprehensio,

1322 1365 95 41 ne
1370 1365 237 41 intellectus
1559 1365 189 41 infertur
1701 1365 237 41 simpliciter
1875 1365 110 41 esse.

1312 1390 96 71 Ad
1360 1390 176 71 tertium
1488 1390 208 71 dicendum,
1648 1390 128 71 quod
1728 1390 112 71 non
1793 1390 112 71 est
1857 1390 176 71 simile:
1985 1390 128 71 quia
2049 1390 144 71 quamuis

1324 1445 129 42 causa
1410 1445 100 42 non
1467 1445 172 42 sequatur
1596 1445 186 42 effectum,
1739 1445 172 42 naturale
1869 1445 129 42 tamen
1955 1445 115 42 est,
2026 1445 115 42 quod
2084 1445 100 42 causa

1335 1487 194 45 praecedat
1484 1487 194 45 effectum,
1633 1487 74 45 &
1663 1487 119 45 ideo
1737 1487 134 45 nihil
1827 1487 179 45 prohibet
1961 1487 74 45 a
1990 1487 194 45 voluntate
2124 1487 60 45 an

1318 1528 152 55 tiqua
1419 1528 219 55 procedere
1588 1528 152 55 nouum
1689 1528 219 55 effectum,
1858 1528 185 55 quamuis
1993 1528 84 55 a
2010 1528 185 55 voluntate

1333 1564 137 37 noua
1418 1564 119 37 non
1487 1564 171 37 possit
1606 1564 205 37 antiquus
1760 1564 205 37 effectus
1896 1564 205 37 procedere.

1359 1589 90 55 Ad
1404 1589 164 55 quartum
1523 1589 194 55 dicendum,
1673 1589 104 55 qud
1732 1589 119 55 illa
1807 1589 119 55 noua
1882 1589 149 55 actio,
1986 1589 104 55 cum
2046 1589 104 55 sit
2091 1589 104 55 actio

1331 1646 219 45 transiens,
1503 1646 156 45 nullam
1613 1646 219 45 mutationem
1785 1646 156 45 arguit
1895 1646 94 45 in
1942 1646 235 45 producente,
2114 1646 78 45 sed

1323 1680 148 48 tantum
1427 1680 119 48 modo
1501 1680 89 48 in
1546 1680 193 48 producto:
1694 1680 119 48 quia
1768 1680 148 48 actio,
1872 1680 74 48 &
1901 1680 163 48 passio,
2020 1680 119 48 sunt
2094 1680 89 48 in
2124 1680 59 48 po

1330 1720 154 45 tiente,
1442 1720 84 45 vt
1484 1720 126 45 patet
1568 1720 84 45 in
1610 1720 98 45 sex
1665 1720 210 45 principijs,
1833 1720 112 45 ergo
1889 1720 70 45 &c.

1363 1755 94 52 Ad
1410 1755 173 52 quintum
1536 1755 204 52 dicendum,
1693 1755 126 52 quod
1772 1755 141 52 sicut
1866 1755 141 52 motus
1960 1755 110 52 non
2023 1755 110 52 est
2070 1755 126 52 motus,

1320 1797 86 46 vt
1363 1797 158 46 dicitur
1478 1797 86 46 s.
1521 1797 130 46 physi
1608 1797 101 46 sic
1665 1797 101 46 nec
1723 1797 158 46 teporis
1838 1797 101 46 est
1896 1797 144 46 tepus:
1996 1797 72 46 &
2025 1797 130 46 sicut
2097 1797 101 46 motus

1326 1840 85 45 ex
1368 1840 99 45 hoc
1424 1840 113 45 fit,
1495 1840 113 45 quod
1565 1840 127 45 datur
1650 1840 141 45 mobile
1748 1840 183 45 incipiens
1889 1840 155 45 fluere,
2002 1840 99 45 cum
2058 1840 127 45 prius
2129 1840 56 45 nm

1334 1872 155 59 duxerit,
1450 1872 90 59 sic
1502 1872 129 59 tempus
1592 1872 90 59 fit
1644 1872 77 59 ex
1683 1872 103 59 hoc,
1747 1872 103 59 quod
1812 1872 116 59 datur
1889 1872 155 59 instans,
2005 1872 103 59 quod
2070 1872 90 59 ita
2109 1872 77 59 inci

1337 1915 94 46 it
1384 1915 172 46 fiuere,
1510 1915 125 46 quod
1588 1915 125 46 ante
1666 1915 110 46 non
1729 1915 172 46 fluxit,
1854 1915 94 46 eo
1901 1915 125 46 quod
1980 1915 157 46 nondum
2074 1915 125 46 fuerit

1326 1956 104 51 Ad
1378 1956 173 51 fextum
1499 1956 225 51 dicendum,
1672 1956 139 51 quod
1759 1956 121 51 non
1828 1956 191 51 oportet
1967 1956 121 51 hic
2036 1956 139 51 dare
2105 1956 87 51 abe

1325 1999 266 47 proportionem,
1545 1999 125 47 nisi
1623 1999 188 47 aeternam
1764 1999 110 47 Dei
1826 1999 235 47 voluntatem,
2014 1999 125 47 quae
2092 1999 94 47 ab
2124 1999 78 47 ae-

1324 2039 131 49 terno
1412 2039 102 49 sic
1470 2039 174 49 effectum
1600 2039 131 49 fieri
1687 2039 160 49 voluit,
1803 2039 73 49 &
1832 2039 203 49 ordinauit,
1992 2039 131 49 sicut
2079 2039 87 49 in
2108 2039 87 49 tem-

1315 2071 175 53 pore
1425 2071 219 53 factus
1556 2071 153 53 fuit.

1312 2106 111 52 Ad
1368 2106 185 52 primum
1498 2106 241 52 Auicennae
1683 2106 241 52 dicendum,
1868 2106 148 52 quod
1960 2106 204 52 creator
2090 2106 111 52 pra-

1319 2143 153 65 cessit
1426 2143 199 65 creaturam
1579 2143 199 65 duratione
1732 2143 260 65 aeternitatis,
1946 2143 122 65 quae
2023 2143 107 65 cum
2069 2143 153 65 proprie;

1326 2187 105 63 sit
1386 2187 165 63 mensura
1506 2187 135 63 simul
1596 2187 135 63 tota,
1686 2187 105 63 non
1746 2187 180 63 continet
1880 2187 135 63 infra
1970 2187 90 63 se
2015 2187 150 63 prius,
2120 2187 75 63 &
2135 2187 75 63 po-

1321 2231 171 50 sterius,
1449 2231 114 50 quae
1520 2231 114 50 sunt
1591 2231 228 50 differentiae
1762 2231 156 50 temporis.

1371 2266 98 54 Ad
1420 2266 196 54 secundum
1566 2266 212 54 dicendum,
1729 2266 130 54 quod
1811 2266 147 54 maior
1909 2266 114 54 non
1974 2266 114 54 est
2039 2266 147 54 uera,
2121 2266 82 54 nis

1325 2306 121 55 fiat
1400 2306 91 55 de
1446 2306 136 55 nouo,
1537 2306 106 55 aut
1597 2306 106 55 per
1658 2306 136 55 nouam
1748 2306 257 55 dispositionem
1960 2306 166 55 causae,
2081 2306 106 55 sed
2126 2306 76 55 vo-

1330 2348 158 50 luntas
1441 2348 158 50 diuina
1551 2348 110 50 non
1614 2348 110 50 fit
1677 2348 142 50 causa
1772 2348 110 50 per
1835 2348 142 50 nouam
1929 2348 268 50 dispositionem
2134 2348 79 50 su-

1315 2386 118 58 nam
1382 2386 134 58 Deus
1466 2386 185 58 aeterna
1601 2386 219 58 voluntate
1769 2386 168 58 voluit
1887 2386 235 58 temporalia
2055 2386 151 58 tempora

1323 2425 139 57 liter
1415 2425 186 57 euenire,
1555 2425 93 57 ex
1601 2425 108 57 quo
1663 2425 155 57 euentu
1771 2425 124 57 Deus
1848 2425 186 57 creator,
1987 2425 77 57 &
2018 2425 139 57 causa
2096 2425 108 57 ercan

1327 2463 119 53 est
1395 2463 102 53 in
1446 2463 186 53 tempore
1581 2463 136 53 sine
1666 2463 169 53 aliqua
1784 2463 136 53 noua
1869 2463 271 53 dispositione
2072 2463 102 53 sui.

1362 2503 119 53 Est
1430 2503 154 53 etiam
1533 2503 119 53 hic
1601 2503 273 53 aduertendum,
1823 2503 136 53 quod
1908 2503 119 53 non
1976 2503 154 53 credo
2061 2503 154 53 Aristo-

1318 2540 143 64 telem
1413 2540 206 64 reputasse
1572 2540 190 64 rationes
1715 2540 190 64 superius
1857 2540 159 64 factas
1968 2540 127 64 esse
2032 2540 190 64 demonstra-

1328 2583 179 62 tiones,
1458 2583 147 62 prout
1556 2583 163 62 aliqui
1670 2583 179 62 dicunt,
1800 2583 163 62 maxime
1914 2583 114 62 cum
1979 2583 130 62 ipse
2060 2583 98 62 in
2093 2583 114 62 primi

1321 2630 214 46 topicorum
1485 2630 197 46 expresse
1633 2630 165 46 dicat,
1748 2630 247 46 probletnata
1946 2630 148 46 ducta
2044 2630 99 46 ad
2077 2630 132 46 vtramd

1333 2665 167 43 partem
1450 2665 317 43 contradictionis
1717 2665 184 43 quantum
1851 2665 100 43 ad
1901 2665 150 43 mundi
1984 2665 234 43 aeternitarem

1313 2700 108 54 non
1374 2700 123 54 esse
1451 2700 231 54 necessaria,
1636 2700 108 54 sed
1698 2700 231 54 probabilia.
1883 2700 92 54 Et
1929 2700 123 54 ista
2006 2700 139 54 etiam
2099 2700 108 54 est
2145 2700 77 54 in-

1322 2735 164 62 tentio
1437 2735 230 62 Alexandri,
1617 2735 296 62 Commentatoris,
1864 2735 115 62 qui
1929 2735 246 62 pertractans
2110 2735 115 62 dicta

1322 2785 237 52 Aristotelis
1512 2785 189 52 superius
1654 2785 174 52 posita,
1780 2785 126 52 ait,
1859 2785 142 52 Vtrum
1954 2785 142 52 autem
2048 2785 142 52 coeli
2127 2785 95 52 siud

1327 2819 179 58 geniti,
1457 2819 114 58 aut
1522 2819 130 58 sint
1603 2819 244 58 sempiterni,
1799 2819 179 58 neutrum
1929 2819 130 58 pars
2010 2819 147 58 habet
2092 2819 130 58 demon-

1325 2863 240 40 strationem.
1517 2863 96 40 Et
1565 2863 128 40 ideo
1645 2863 112 40 ait
1709 2863 128 40 rabi
1790 2863 176 40 Moyses,
1918 2863 128 40 quod
1998 2863 192 40 intentio
2126 2863 96 40 Ari-

1321 2896 194 61 stotelis
1466 2896 129 61 est,
1547 2896 97 61 vt
1596 2896 129 61 homo
1676 2896 97 61 de
1725 2896 145 61 mundi
1822 2896 242 61 aeternitate
2016 2896 162 61 eligat
2113 2896 113 61 illam

1331 2940 204 50 partem,
1479 2940 111 50 ad
1534 2940 148 50 quam
1627 2940 185 50 minora
1756 2940 241 50 sequuntur
1923 2940 315 50 inconuenientia;

1326 2972 151 64 quia,
1427 2972 101 64 si
1477 2972 134 64 suas
1562 2972 202 64 rationes
1713 2972 235 64 reputasset
1898 2972 336 64 demonstrationes,
2167 2972 67 64 a-

1313 3012 180 62 liorum
1439 3012 269 62 testimonium
1654 3012 126 62 non
1726 3012 269 62 adduxisset,
1942 3012 162 62 prout
2049 3012 180 62 fecit.
2157 3012 72 62 in

1325 3060 193 60 physico
1466 3060 193 60 auditu,
1607 3060 106 60 id
1660 3060 123 60 est
1730 3060 106 60 in
1783 3060 158 60 libro
1888 3060 264 60 physicorum,
2099 3060 88 60 &
2134 3060 106 60 in
2170 3060 70 60 de

1316 3103 167 50 caelo
1428 3103 93 50 &
1465 3103 186 50 munde:
1595 3103 149 50 quia
1688 3103 186 50 illud,
1818 3103 149 50 quod
1910 3103 316 50 demonstratiue
2152 3103 74 50 ed
