2410 3556
284 279 94 66 Ad
331 279 172 66 tertium
456 279 172 66 decimum
581 279 203 66 dicendum,
738 279 125 66 quod
816 279 125 66 omni
894 279 109 66 die
957 279 141 66 Deris
1035 279 78 66 po-

250 334 174 45 tuisset
377 334 126 45 vnum
456 334 174 45 lapidem
582 334 190 45 creasse;
724 334 111 45 non
787 334 221 45 potuissent
961 334 142 45 tamen
1040 334 63 45 hu

247 370 163 42 usmodi
361 370 179 42 lapides
491 370 146 42 omnes
588 370 98 42 in
637 370 130 42 esse
718 370 244 42 conseruari,
913 370 114 42 non
962 370 146 42 propter

242 418 240 43 ampotentiam
434 418 128 43 Dei,
514 418 112 43 sed
578 418 176 43 propter
705 418 256 43 repugnantiam
913 418 96 43 ex
961 418 144 43 parte
1041 418 64 43 es

241 450 171 51 fectus,
366 450 140 51 sicut
459 450 155 51 quidam
568 450 171 51 dicunt.
692 450 140 51 lstud
786 450 140 51 tamen
879 450 218 51 consequens
1034 450 78 51 mi-

236 487 91 42 hi
281 487 106 42 non
342 487 166 42 videtur
463 487 242 42 impossibile,
659 487 91 42 vt
704 487 166 42 patebit
825 487 181 42 articulo
946 487 136 42 quarto.

281 526 97 48 Ad
329 526 177 48 decimum
458 526 177 48 quartum
587 526 210 48 dicendum,
748 526 129 48 quod
829 526 145 48 licet
926 526 161 48 illud,
1022 526 97 48 quod

240 565 151 47 semper
346 565 136 47 habet
437 565 136 47 esse,
528 565 106 47 non
588 565 151 47 possit
694 565 136 47 fieri
785 565 106 47 per
846 565 136 47 motum
936 565 76 47 &
952 565 151 47 transmu-

234 606 218 51 tationem,
402 606 134 51 sibi
486 606 151 51 tamen
587 606 118 51 non
654 606 202 51 repugnat
806 606 168 51 habere
906 606 202 51 principium

234 644 107 46 sui
295 644 138 46 esse,
387 644 77 46 a
418 644 107 46 quo
479 644 215 46 originatur
648 644 107 46 per
709 644 199 46 simplicem
862 644 169 46 emanati
970 644 107 46 onem.

279 683 99 46 Ad
328 683 181 46 decimum
459 683 181 46 quintum
591 683 115 46 est
657 683 214 46 dicendum,
821 683 132 46 quod
904 683 115 46 non
969 683 115 46 est
1019 683 82 46 si-

227 729 122 50 mile
303 729 91 50 de
348 729 183 50 materia,
485 729 122 50 quia
561 729 91 50 si
607 729 167 50 materia
729 729 91 50 ab
774 729 167 50 aeterno
896 729 183 50 fuisset,
1018 729 91 50 tunc

230 761 106 54 sub
290 761 151 54 aliquo
396 761 121 54 esse
472 761 181 54 fuisset,
608 761 76 54 a
638 761 106 54 quo
699 761 106 54 non
759 761 197 54 potuisset
910 761 197 54 denudari,
1062 761 76 54 &

221 802 121 46 alio
297 802 121 46 esse
373 802 167 46 perfici
494 802 121 46 siue
570 802 243 46 innouatione,
767 802 76 46 &
797 802 121 46 ideo
873 802 137 46 illud
949 802 152 46 secundum

238 839 118 42 esse
312 839 133 42 esset
401 839 148 42 nouum,
505 839 104 42 nec
564 839 133 42 esset
653 839 192 42 aeternum:
801 839 118 42 quia
875 839 133 42 ipsum
949 839 148 42 praecedi

232 882 101 49 ret
289 882 130 49 aliud
376 882 130 49 esse:
463 882 174 49 creatura
594 882 130 49 autem
681 882 87 49 si
724 882 87 49 de
768 882 145 49 nihilo
869 882 87 49 ab
913 882 159 49 aeterno
1014 882 87 49 fie-

221 921 122 46 ret,
297 921 137 46 solum
388 921 122 46 suum
464 921 198 46 creatorem
616 921 289 46 praesupponeret,
860 921 107 46 qui
921 921 137 46 ipsam
997 921 91 46 crea

228 957 136 51 turam
318 957 226 51 praecederet
499 957 181 51 naturali
635 957 211 51 prioritate
801 957 121 51 siue
877 957 181 51 origine,
1012 957 75 51 &
1028 957 75 51 non

235 997 233 52 duratione,
418 997 133 52 ergo
485 997 66 52 &c

358 1085 670 49 ARTICVLVS
822 1085 155 49 I

214 1154 164 78 Vtrum
323 1154 146 78 Deus
415 1154 128 78 per
488 1154 292 78 intellectum,
725 1154 91 78 &
762 1154 274 78 voluntatem,
963 1154 128 78 lberi

476 1225 193 64 mundum
592 1225 251 64 produxerit.

248 1312 208 50 SVANTVM
400 1312 114 50 ad
456 1312 208 50 tertium
608 1312 246 50 articulum
797 1312 208 50 propter
930 1312 170 50 errorem

309 1330 260 75 aliquorum
509 1330 340 75 philosophorum
788 1330 180 75 ponam
888 1330 200 75 duplicem

197 1387 277 54 conclusionem.

226 1427 152 45 Prima
327 1427 135 45 est,
412 1427 135 45 quod
496 1427 135 45 Deus
580 1427 118 45 non
648 1427 202 45 producit
799 1427 219 45 creaturas
968 1427 101 45 ex
1002 1427 84 45 ne-

214 1467 195 54 eessitate
364 1467 195 54 naturali.
514 1467 165 54 Secunda
634 1467 120 54 est,
710 1467 120 54 quod
785 1467 105 54 eas
845 1467 180 54 producit
980 1467 120 54 mera
1040 1467 60 54 li

216 1506 186 40 bertate,
356 1506 124 40 siue
434 1506 155 40 libera
527 1506 171 40 voluntate

257 1547 80 44 1
289 1547 160 44 Primam
401 1547 144 44 probo
497 1547 128 44 sic,
577 1547 96 44 Si
625 1547 128 44 Deus
706 1547 208 44 creaturas
866 1547 224 44 produceret
1026 1547 64 44 ex

212 1581 234 44 necessitate
400 1581 187 44 naturae,
540 1581 125 44 tunc
618 1581 109 44 vel
681 1581 141 44 solam
775 1581 125 44 vnam
837 1581 250 44 perfectissimam

233 1623 223 50 produceret,
411 1623 104 50 vel
471 1623 89 50 si
515 1623 148 50 plures
619 1623 223 50 produceret,
797 1623 134 50 omnes
886 1623 148 50 essent
975 1623 119 50 aequa-

229 1663 101 54 dis
286 1663 72 54 &
315 1663 159 54 eiusdem
431 1663 231 54 perfectionis
618 1663 72 54 &
647 1663 217 54 dignitatis,
821 1663 173 54 falsitas
936 1663 159 54 consequen

222 1700 107 53 tis
283 1700 92 53 ad
329 1700 153 53 sensum
436 1700 153 53 patet,
544 1700 138 53 probo
636 1700 276 53 consequentiam:
865 1700 123 53 quia
942 1700 138 53 agens
1019 1700 61 53 di

220 1741 237 45 necessitate
410 1741 174 45 naturae
536 1741 126 45 agit
615 1741 110 45 non
678 1741 174 45 quantum
804 1741 142 45 vult:
899 1741 110 45 sed
946 1741 142 45 quantum

226 1785 174 49 potest,
352 1785 110 49 cum
416 1785 126 49 agat
494 1785 126 49 tota
573 1785 110 49 sua
636 1785 189 49 virtute,
778 1785 79 49 &
810 1785 126 49 ideo
889 1785 110 49 non
936 1785 158 49 producit

226 1829 116 39 vno
293 1829 182 39 tempore
425 1829 199 39 effectum
574 1829 149 39 magis
673 1829 232 39 perfectum,
855 1829 132 39 quam
938 1829 132 39 alio
1004 1829 83 39 tem

240 1862 127 48 pore,
325 1862 113 48 nisi
395 1862 99 48 sua
452 1862 169 48 potentia
579 1862 99 48 sit
635 1862 127 48 minus
720 1862 155 48 efficax
833 1862 99 48 vno
889 1862 169 48 tempore,
1002 1862 85 48 quam

231 1897 131 48 alio,
319 1897 102 48 vel
377 1897 160 48 materia
493 1897 102 48 fit
552 1897 131 48 minus
639 1897 189 48 disposita
784 1897 87 48 in
828 1897 102 48 vno
886 1897 175 48 tempore,
1003 1897 87 48 quam

234 1940 88 45 an
278 1940 118 45 alio
352 1940 103 45 cum
411 1940 118 45 ergo
485 1940 133 45 vigor
573 1940 162 45 diuinae
691 1940 192 45 potentiae
838 1940 103 45 sit
897 1940 162 45 penitus
1001 1940 88 45 immu

227 1979 183 43 tabilis,
364 1979 107 43 noc
425 1979 198 43 materiam,
578 1979 107 43 seu
639 1979 183 43 materiae
776 1979 260 43 dispositionem
990 1979 92 43 in
1021 1979 76 43 sua

220 2019 183 50 actione
354 2019 283 50 praesupponat,
587 2019 133 50 ergo
670 2019 166 50 semper
786 2019 133 50 idem
870 2019 83 50 &
903 2019 150 50 eodem
986 2019 100 50 modo

234 2062 222 42 produceret,
411 2062 89 42 si
456 2062 89 42 ex
500 2062 222 42 necessitate
677 2062 162 42 naturae
781 2062 177 42 produceret

234 2092 71 53 2
262 2092 200 53 Praeterea,
419 2092 171 53 effectus
547 2092 214 53 necessarius
718 2092 171 53 alicuius
847 2092 171 53 agentis,
975 2092 100 53 aut
1018 2092 71 53 est

222 2129 222 52 simpliciter
400 2129 133 52 finis
488 2129 133 52 eius,
577 2129 104 52 aut
636 2129 207 52 necessario
799 2129 207 52 requiritur
962 2129 104 52 pro
1006 2129 89 52 con-

229 2166 182 50 secutione
369 2166 140 50 finis;
468 2166 98 50 sed
524 2166 168 50 effectus
650 2166 154 50 creatus
762 2166 98 50 nec
818 2166 98 50 est
875 2166 126 50 finis
959 2166 112 50 Dei,
1015 2166 70 50 nec

228 2216 215 42 necessario
396 2216 77 42 a
427 2216 107 42 Deo
488 2216 230 42 requiritur,
672 2216 92 42 vt
718 2216 123 42 suum
795 2216 138 42 finem
871 2216 215 42 consequatur;

232 2250 137 60 quia
317 2250 154 60 etiam
420 2250 205 60 secundum
574 2250 205 60 mundanos
728 2250 257 60 philosophos
934 2250 137 60 Deus
1002 2250 86 60 est

224 2287 117 53 sibi
297 2287 117 53 ipsi
370 2287 146 53 finis;
472 2287 131 53 sicut
560 2287 117 53 ergo
632 2287 160 53 seipsum
749 2287 102 53 non
807 2287 219 53 consequitur
967 2287 117 53 median

224 2332 102 42 te
275 2332 221 42 creatura,
445 2332 119 42 sic
513 2332 119 42 nec
580 2332 153 42 finem
682 2332 153 42 suum.

255 2365 80 50 3
287 2365 223 50 Praeterea,
463 2365 96 50 si
510 2365 128 50 Deus
590 2365 223 50 produceret
766 2365 160 50 mundum
878 2365 96 50 ex
909 2365 176 50 necessita

235 2405 105 48 te,
295 2405 120 48 tunc
370 2405 150 48 mundus
476 2405 165 48 fuisset
596 2405 90 48 ab
641 2405 165 48 aeterno
761 2405 211 48 consequens
927 2405 105 48 est
972 2405 120 48 falsum

234 2445 85 51 vt
276 2445 142 51 patuit
376 2445 85 51 in
419 2445 128 51 primo
504 2445 142 51 istius
604 2445 214 51 quaestionis
775 2445 185 51 articulo;
917 2445 128 51 patet
988 2445 100 51 conse

230 2482 187 51 quentia,
371 2482 125 51 quia
448 2482 140 51 agens
542 2482 93 51 ex
589 2482 234 51 necessitate
776 2482 109 51 cum
838 2482 125 51 agat
916 2482 171 51 quantum
1025 2482 62 51 po

230 2520 140 46 test,
324 2520 78 46 &
355 2520 186 46 secundum
494 2520 171 46 vltimum
618 2520 124 46 suae
696 2520 202 46 virtutis,
851 2520 202 46 immediate
991 2520 93 46 suum

234 2559 181 51 effectum
370 2559 181 51 producit
506 2559 75 51 &
536 2559 166 51 subito,
656 2559 121 51 nisi
732 2559 166 51 aliquam
853 2559 241 51 resistentiam
1034 2559 60 51 pa

237 2598 165 56 tiatur;
357 2598 180 56 infinita
493 2598 135 56 autem
583 2598 105 56 Dei
643 2598 180 56 potentia
778 2598 150 56 nullam
884 2598 90 56 ab
929 2598 165 56 aeterno
1034 2598 60 56 ha

216 2641 246 54 buit
370 2641 523 54 resistentiam.

238 2687 113 42 Sed
302 2687 225 42 contrarium
479 2687 161 42 istius
592 2687 145 42 multi
689 2687 274 42 philolophorum
898 2687 193 42 tenuetunt,

227 2727 116 52 &
273 2727 231 52 posset
435 2727 255 52 probari
620 2727 185 52 sic.

229 2765 82 44 1
261 2765 148 44 Hlud,
360 2765 131 44 quod
442 2765 279 44 immutabiliter
672 2765 148 44 agit,
770 2765 115 44 hoc
836 2765 98 44 ex
869 2765 213 44 necessitate

237 2796 165 48 naturae
357 2796 135 48 agit:
447 2796 105 48 sed
508 2796 120 48 Deus
583 2796 90 48 in
628 2796 120 48 omni
703 2796 105 48 sua
763 2796 165 48 actione
884 2796 105 48 est
929 2796 165 48 immutabi-

233 2834 128 46 lior
313 2834 256 46 quibuscunque
521 2834 208 46 agentibus
682 2834 192 46 creatis,
826 2834 96 46 ex
874 2834 160 46 quibus
970 2834 112 46 tamen

228 2877 138 55 plura
320 2877 92 55 ex
366 2877 230 55 necessitate
550 2877 169 55 naturae
673 2877 184 55 dicuntur
811 2877 138 55 agere
904 2877 169 55 propter
1011 2877 77 55 sui

225 2917 338 54 immutabilitatem,
512 2917 135 54 ergo
580 2917 84 54 &c.

236 2948 79 49 2
268 2948 222 49 Praeterea,
442 2948 158 49 arguit
553 2948 190 49 Auicenna
696 2948 127 49 sic.
775 2948 143 49 Nulla
870 2948 206 49 disposito
1013 2948 79 49 no-

227 2995 90 48 ua
272 2995 150 48 potest
377 2995 105 48 Deo
437 2995 195 48 aduenire;
588 2995 105 48 sed
648 2995 90 48 si
693 2995 105 48 non
753 2995 150 48 ageret
858 2995 90 48 de
889 2995 195 48 necessitate

230 3031 182 47 naturae,
367 3031 122 47 tunc
443 3031 122 47 noua
519 3031 122 47 sibi
595 3031 198 47 adueniret
747 3031 213 47 disposito.

256 3077 74 46 3
286 3077 208 46 Praeterea,
449 3077 119 46 Deus
524 3077 134 46 uult,
613 3077 119 46 quod
687 3077 134 46 uult,
776 3077 89 46 ex
821 3077 238 46 necessitate:
999 3077 89 46 quia

235 3110 109 58 non
298 3110 156 58 potest
407 3110 109 58 non
470 3110 141 58 velle
563 3110 125 58 quod
641 3110 141 58 vult:
735 3110 125 58 ergo
813 3110 125 58 agit
891 3110 125 58 quod
969 3110 125 58 agit
1032 3110 62 58 ex

1138 279 227 65 necessitate
1319 279 181 65 naturae,
1455 279 136 65 etiam
1546 279 121 65 dato
1621 279 121 65 quod
1697 279 121 65 agat
1772 279 106 65 per
1818 279 181 65 voluntate.

1182 334 79 48 4
1214 334 206 48 Preterea,
1372 334 111 48 vbi
1435 334 158 48 natura
1546 334 79 48 &
1578 334 190 48 voluntas
1720 334 127 48 sunt
1799 334 174 48 penitus
1910 334 95 48 idem

1136 373 101 39 non
1193 373 145 39 potest
1295 373 159 39 aliquid
1411 373 130 39 fieri
1497 373 203 39 voluntate,
1657 373 116 39 quod
1729 373 101 39 non
1787 373 116 39 fiat
1859 373 145 39 natur;
1946 373 58 39 i-

1143 411 89 40 li
1188 411 236 40 necessitate:
1379 411 103 40 sed
1438 411 89 40 in
1483 411 103 40 Deo
1542 411 148 40 natura
1645 411 74 40 &
1674 411 177 40 voluntas
1807 411 118 40 sunt
1866 411 133 40 penitus

1135 449 149 51 idem,
1234 449 132 51 ergo
1300 449 83 51 &c.

1178 477 76 62 3
1208 477 212 62 Praeterea,
1375 477 76 62 a
1405 477 137 62 summo
1496 477 212 62 necessario
1663 477 106 62 non
1724 477 106 62 fit
1785 477 182 62 aliquid,
1906 477 91 62 nisi

1143 528 91 50 ex
1188 528 242 50 necessitate,
1385 528 136 50 sicut
1475 528 136 50 etiam
1566 528 76 50 a
1596 528 136 50 summo
1687 528 121 50 bono
1762 528 106 50 non
1823 528 151 50 potest
1913 528 76 50 fis

1140 564 110 43 ri,
1203 564 125 43 nisi
1281 564 141 43 bonum
1375 564 78 43 &
1406 564 141 43 bene,
1500 564 110 43 sed
1563 564 125 43 Deus
1641 564 219 43 purissimam
1813 564 141 43 habet
1891 564 110 43 neces

1130 603 178 43 sitatem
1259 603 194 43 essendi,
1405 603 113 43 cum
1470 603 130 43 ipse
1551 603 81 43 a
1583 603 146 43 nullo
1680 603 227 43 dependeat,
1858 603 81 43 &
1875 603 113 43 omni-

1131 642 128 44 alia
1211 642 96 44 ab
1259 642 143 44 ipso.
1354 642 143 44 Maior
1450 642 159 44 patet:
1562 642 128 44 quia
1641 642 143 44 modus
1737 642 159 44 agendi
1833 642 159 44 sequitur

1136 683 166 51 modum
1228 683 166 51 essendi

1164 713 77 50 &
1194 713 215 50 Praeterea,
1363 713 123 50 idem
1440 713 153 50 potest
1547 713 138 50 argui
1639 713 92 50 ex
1685 713 153 50 dictis
1777 713 215 50 theologorum:

1129 759 121 57 Quia
1204 759 121 57 quod
1280 759 121 57 agit
1355 759 121 57 sine
1430 759 166 57 ratione
1551 759 75 57 &
1581 759 256 57 praelectione,
1792 759 166 57 videtur
1898 759 90 57 age-

1136 800 86 49 re
1179 800 86 49 ex
1222 800 215 49 necessitate
1394 800 172 49 naturae:
1523 800 115 49 Deus
1595 800 100 49 est
1652 800 201 49 huiusmodi;
1810 800 129 49 quia,
1896 800 86 49 ut
1925 800 57 49 ai

1135 838 72 46 D
1163 838 173 46 vonisius
1293 838 86 46 de
1336 838 159 46 diuinis
1452 838 101 46 no,
1509 838 130 46 sicut
1596 838 101 46 sol
1653 838 101 46 non
1711 838 231 46 ratiocinans,
1884 838 101 46 neque

1138 883 126 45 prae
1217 883 157 45 ligens
1327 883 173 45 omnibus
1453 883 220 45 communiter
1626 883 141 45 iuxta
1720 883 126 45 suam
1783 883 204 45 capacitaten

1127 920 138 51 radios
1224 920 110 51 suae
1293 920 193 51 claritatis
1445 920 179 51 immittit,
1583 920 97 51 ita
1638 920 138 51 diuina
1735 920 152 51 bonitas
1845 920 97 51 per
1886 920 97 51 essen

1124 957 125 42 tiam
1203 957 125 42 suam
1281 957 172 42 omnibus
1406 957 250 42 existentibus
1609 957 344 42 proportionabiliter
1890 957 94 42 suam

1128 996 212 44 bonitatem
1275 996 179 44 infundit.

1170 1037 78 48 p
1202 1037 202 48 Praeterea
1357 1037 124 48 Aug.
1434 1037 93 48 de
1481 1037 186 48 doctrina
1620 1037 217 48 Christiana
1791 1037 155 48 dicit,
1884 1037 93 48 quod

1140 1077 117 55 quia
1214 1077 117 55 Deus
1287 1077 132 55 bonus
1375 1077 117 55 est,
1449 1077 147 55 sumus:
1551 1077 103 55 cum
1610 1077 117 55 ergo
1683 1077 117 55 ipse
1757 1077 206 55 necessario
1904 1077 73 55 sit

1120 1114 145 61 bonus,
1222 1114 116 61 ergo
1295 1114 204 61 necessario
1455 1114 131 61 facit
1542 1114 102 61 nos
1600 1114 131 61 esse,
1688 1114 145 61 igitur
1775 1114 58 61 &c

1166 1151 111 56 Sed
1229 1151 126 56 ista
1308 1151 111 56 non
1372 1151 237 56 concludunt,
1545 1151 95 56 Ergo

1164 1173 97 69 Ad
1212 1173 161 69 primum
1325 1173 210 69 dicendum,
1486 1173 129 69 quod
1567 1173 145 69 maior
1664 1173 113 69 est
1728 1173 161 69 falsa,
1841 1173 113 69 nam
1889 1173 97 69 nul-

1127 1231 105 41 lum
1187 1231 135 41 agens
1277 1231 90 41 ex
1322 1231 225 41 necessitate
1502 1231 165 41 naturae
1623 1231 120 41 agit
1698 1231 270 41 immutabiliter,
1908 1231 75 41 er-

1124 1272 95 49 go
1172 1272 158 49 nullum
1282 1272 142 49 agens
1377 1272 285 49 immutabiliter,
1615 1272 111 49 seu
1678 1272 127 49 sine
1757 1272 111 49 sui
1805 1272 174 49 mutatione

1125 1311 140 51 agens
1219 1311 125 51 agit
1297 1311 94 51 ex
1344 1311 234 51 necessitate
1531 1311 187 51 naturae:
1671 1311 249 51 consequentia
1858 1311 109 51 patet

1115 1348 119 47 quia
1189 1348 222 47 vniuersalis
1367 1348 178 47 negatiua
1501 1348 222 47 conuertitur
1679 1348 237 47 simpliciter,
1871 1348 89 47 vt
1901 1348 74 47 pa-

1121 1392 114 36 tet
1186 1392 146 36 primo
1283 1392 195 36 priorum.
1429 1392 227 36 Antecedens
1608 1392 162 36 probo,
1721 1392 130 36 quia
1802 1392 130 36 omne
1867 1392 114 36 agens

1120 1426 86 50 ex
1163 1426 214 50 necessitate
1334 1426 157 50 naturae
1448 1426 100 50 est
1505 1426 128 50 agens
1590 1426 185 50 naturale,
1733 1426 114 50 quod
1804 1426 200 50 distingui

1115 1463 111 43 tur
1178 1463 158 43 contra
1289 1463 142 43 agens
1384 1463 79 43 a
1416 1463 222 43 proposito:
1590 1463 111 43 sed
1653 1463 127 43 omne
1733 1463 142 43 agens
1812 1463 158 43 naturale

1122 1503 151 54 agendo
1227 1503 211 54 repatitur,
1393 1503 90 54 vt
1438 1503 135 54 patet
1528 1503 135 54 primo
1619 1503 90 54 de
1664 1503 241 54 generatione;
1860 1503 75 54 &
1875 1503 105 54 quae-

1114 1552 176 42 amplius
1242 1552 112 42 non
1306 1552 128 42 mota
1386 1552 176 42 mouent,
1514 1552 112 42 non
1579 1552 176 42 amplius
1707 1552 128 42 sunt
1787 1552 192 42 physicae
1915 1552 96 42 cont

1122 1578 247 46 siderationis,
1326 1578 87 46 vt
1369 1578 160 46 dicitur
1486 1578 87 46 2.
1529 1578 218 46 physicorum,
1704 1578 116 46 ergo
1776 1578 145 46 nullum
1863 1578 102 46 ageni

1114 1628 192 38 naturale
1258 1628 128 38 agit
1338 1628 288 38 immutabiliter.
1578 1628 96 38 Si
1626 1628 144 38 autem
1722 1628 112 38 per
1786 1628 144 38 agere
1866 1628 144 38 immutat

1128 1666 155 47 iliter
1237 1666 249 47 intelligitur
1439 1666 155 47 semper
1548 1666 233 47 continuatio
1735 1666 171 47 eiusdem
1844 1666 124 47 opera-

1117 1699 138 45 tionis
1214 1699 221 45 extrinsecae,
1394 1699 111 45 tunc
1463 1699 124 45 minor
1546 1699 97 45 est
1587 1699 97 45 falsa

1156 1734 102 46 Ad
1207 1734 203 46 secundum
1360 1734 136 46 nego
1444 1734 203 46 minorem,
1597 1734 203 46 credidit
1750 1734 136 46 enim
1817 1734 153 46 Auicen-

1131 1772 120 56 quod
1206 1772 90 56 si
1251 1772 120 56 Deus
1326 1772 105 56 per
1386 1772 135 56 actum
1476 1772 210 56 voluntatis
1642 1772 120 56 suae
1717 1772 165 56 aliquid
1837 1772 90 56 de
1867 1772 90 56 nous

1130 1819 234 45 produceret,
1318 1819 125 45 quod
1396 1819 141 45 nouum
1490 1819 172 45 caperet
1615 1819 141 45 actum
1708 1819 234 45 voluntatis:
1896 1819 109 45 sed

1109 1855 103 46 hoc
1168 1855 103 46 non
1227 1855 191 46 sequitur:
1374 1855 132 46 quia,
1462 1855 88 46 vt
1506 1855 118 46 dixi
1579 1855 88 46 in
1623 1855 132 46 primo
1712 1855 191 46 articulo,
1858 1855 118 46 Deus
1917 1855 59 46 si

1112 1896 93 50 ne
1158 1896 123 50 omni
1235 1896 108 50 sua
1297 1896 201 50 mutatione
1451 1896 170 50 aeterna
1575 1896 216 50 voluntate,
1744 1896 93 50 id
1791 1896 108 50 est
1837 1896 139 50 aeterno

1119 1929 116 45 actu
1192 1929 116 45 suae
1265 1929 203 45 voluntatis
1424 1929 145 45 voluit
1526 1929 174 45 effectum
1656 1929 87 45 in
1700 1929 160 45 tempore
1816 1929 116 45 esse
1874 1929 87 45 pro-

1124 1974 181 51 ductum,
1255 1974 82 51 &
1288 1974 148 51 eodem
1387 1974 132 51 actu
1469 1974 115 51 non
1535 1974 132 51 alio
1617 1974 148 51 ipsum
1716 1974 197 51 effectum
1847 1974 132 51 produ-

1114 2011 110 46 xit
1177 2011 94 46 eo
1224 2011 188 46 tempore,
1365 2011 110 46 quo
1428 2011 94 46 ab
1475 2011 172 46 aeterno
1600 2011 157 46 voluit
1710 2011 78 46 &
1741 2011 204 46 disposuit
1883 2011 78 46 eum

1113 2053 141 52 esse
1184 2053 229 52 producendum

1151 2101 93 45 Ad
1197 2101 170 45 tertium
1320 2101 201 45 dicendum,
1475 2101 124 45 quod
1552 2101 154 45 eorum,
1660 2101 124 45 quae
1737 2101 124 45 sunt
1815 2101 139 45 extra
1892 2101 77 45 se,

1116 2131 117 51 Deus
1189 2131 131 51 nihil
1277 2131 160 51 voluit,
1393 2131 102 51 nec
1452 2131 117 51 uult
1525 2131 87 51 de
1568 2131 233 51 necessitate,
1758 2131 87 51 in
1802 2131 160 51 quantum
1904 2131 58 51 ne

1114 2169 212 43 cecessitas
1280 2169 182 43 refertur
1417 2169 91 43 ad
1462 2169 182 43 obiectum
1599 2169 182 43 volitum:
1735 2169 121 43 quia
1795 2169 167 43 potentiae

1126 2206 202 53 tationales
1284 2206 115 53 sunt
1356 2206 86 53 ad
1399 2206 173 53 opposita
1529 2206 159 53 ratione
1644 2206 115 53 suae
1717 2206 216 53 libertatis,
1875 2206 101 53 quam-

1115 2244 106 47 uis
1175 2244 197 47 naturales
1327 2244 121 47 sint
1402 2244 91 47 ad
1448 2244 121 47 vnum
1523 2244 242 47 determinate,
1720 2244 91 47 vt
1765 2244 136 47 patet
1856 2244 91 47 9.
1886 2244 91 47 meta

1132 2277 181 59 physicae,
1272 2277 70 59 &
1299 2277 112 59 ideo
1369 2277 126 59 nihil
1453 2277 153 59 talium,
1565 2277 112 59 quae
1634 2277 112 59 sunt
1704 2277 126 59 extra
1788 2277 98 59 se,
1844 2277 112 59 Deus
1913 2277 98 59 pro
1955 2277 56 59 ta

1113 2324 130 60 ducit
1199 2324 87 60 ex
1228 2324 202 60 necessitate.

1151 2362 94 44 Ad
1198 2362 173 44 quartum
1324 2362 204 44 dicendum,
1481 2362 125 44 quod
1559 2362 141 44 sicut
1653 2362 173 44 aliquid
1763 2362 204 44 vcrificatur

1116 2397 91 52 de
1161 2397 213 52 intellectu
1329 2397 168 52 diuino,
1451 2397 122 52 quod
1527 2397 107 52 non
1588 2397 229 52 verificatur
1771 2397 91 52 de
1801 2397 168 52 voluntate

1110 2445 165 45 diuina,
1230 2445 165 45 quamuis
1350 2445 120 45 idem
1425 2445 120 45 sint
1500 2445 195 45 realiter,
1649 2445 75 45 &
1679 2445 120 45 sola
1754 2445 165 45 ratione
1859 2445 120 45 diffe-

1114 2480 124 46 rant,
1197 2480 96 46 sic
1252 2480 83 46 in
1280 2480 165 46 proposito.

1151 2520 97 50 Ad
1199 2520 178 50 quintum
1329 2520 211 50 dicendum,
1491 2520 130 50 quod
1572 2520 146 50 maior
1669 2520 113 50 non
1734 2520 113 50 est
1799 2520 146 50 vera,
1880 2520 81 50 nis

1122 2563 78 42 n
1154 2563 187 42 talibus,
1294 2563 125 42 quae
1372 2563 156 42 habent
1481 2563 249 42 necessitatem
1683 2563 109 42 cum
1745 2563 218 42 exciusione
1901 2563 78 42 li-

1111 2599 195 43 bertatis;
1261 2599 105 43 sed
1321 2599 105 43 sic
1382 2599 105 43 est
1442 2599 90 43 in
1487 2599 105 43 Deo
1547 2599 226 43 necessitas,
1727 2599 120 43 quod
1803 2599 105 43 cum
1863 2599 105 43 hoc
1908 2599 75 43 non

1116 2641 152 43 deficit
1227 2641 180 43 libertas,
1365 2641 97 43 cum
1421 2641 97 43 sit
1476 2641 138 43 summae
1559 2641 180 43 libertatis.

1145 2673 99 55 Ad
1195 2673 165 55 sextum
1311 2673 215 55 dicendum,
1476 2673 132 55 quod
1558 2673 215 55 Dionysius
1723 2673 116 55 non
1773 2673 198 55 praetendit

1109 2711 102 52 ibi
1168 2711 248 52 similitudinem
1372 2711 87 52 in
1415 2711 102 52 eo,
1474 2711 117 52 quod
1547 2711 102 52 est
1605 2711 102 52 non
1663 2711 233 52 ratiocinari,
1852 2711 102 52 vel
1896 2711 73 52 non

1126 2760 246 48 praeeligere:
1326 2760 108 48 sed
1387 2760 92 48 in
1434 2760 108 48 eo,
1495 2760 123 48 quod
1572 2760 108 48 est
1634 2760 216 48 communiter
1803 2760 77 48 &
1819 2760 169 48 vniuersa-

1117 2792 136 53 liter
1193 2792 182 53 diffundere

1149 2835 108 41 Ad
1203 2835 215 41 septimum
1364 2835 233 41 dicendum,
1544 2835 143 41 quod
1633 2835 197 41 quamuis
1777 2835 161 41 causa
1866 2835 126 41 relu-

1109 2873 129 50 ceat
1190 2873 97 50 in
1238 2873 194 50 effectu,
1383 2873 113 50 non
1448 2873 177 50 oportet
1577 2873 161 50 tamen,
1690 2873 129 50 quod
1770 2873 145 50 omnis
1851 2873 113 50 modus

1125 2907 140 54 causae
1223 2907 168 54 appareat
1349 2907 84 54 in
1391 2907 168 54 effectu,
1517 2907 112 54 nisi
1588 2907 126 54 talis
1672 2907 168 54 effectus
1798 2907 168 54 adaequet
1910 2907 70 54 hu-

1122 2945 168 57 iusmodi
1244 2945 168 57 causam:
1366 2945 92 57 Et
1412 2945 122 57 quia
1488 2945 214 57 necessitas
1656 2945 168 57 diuinae
1778 2945 183 57 bomtatis
1900 2945 76 57 est

1136 2986 147 53 uidam
1234 2986 147 53 modus
1331 2986 147 53 eius,
1429 2986 82 53 &
1462 2986 196 53 creatura
1608 2986 114 53 non
1674 2986 196 53 adaequat
1820 2986 179 53 diuinam

1115 3029 225 40 bonitatem,
1292 3029 129 40 ergo
1372 3029 96 40 in
1420 3029 241 40 productione
1613 3029 209 40 creaturae
1774 3029 161 40 nullam
1870 3029 113 40 opor-

1120 3069 100 48 tet
1177 3069 114 48 esse
1248 3069 243 48 necessitatem,
1448 3069 114 48 quae
1520 3069 86 48 se
1563 3069 143 48 teneat
1663 3069 86 48 ex
1706 3069 129 48 parte
1791 3069 143 48 ipsius
1877 3069 86 48 pro-

1122 3106 148 64 ducti,
1226 3106 118 64 siue
1285 3106 221 64 productionis.
