2393 3557
400 276 185 60 Secundo
535 276 151 60 dico,
636 276 135 60 quod
720 276 135 60 Deus
804 276 202 60 produxit
955 276 219 60 creaturam
1106 276 135 60 libera

367 326 194 46 voluntate

382 323 80 85 1
414 323 128 85 Quia
494 323 160 85 agenti
606 323 240 85 nobilissimo
798 323 144 85 debet
894 323 192 85 attribui
1022 323 224 85 nobilissimus

383 398 140 47 modus
477 398 172 47 agendi;
602 398 109 47 sed
664 398 125 47 Deus
742 398 109 47 est
804 398 140 47 agens
898 398 265 47 nobilissimum,
1116 398 78 47 &
1132 398 109 47 nobi-

387 436 177 54 lissimus
520 436 132 54 modus
608 436 147 54 agendi
711 436 103 54 est
770 436 147 54 agere,
873 436 103 54 seu
932 436 191 54 producere
1079 436 103 54 per
1123 436 118 54 intel-

382 476 171 46 lectum
502 476 86 46 &
536 476 257 46 voluntatem:
741 476 120 46 huc
810 476 137 46 enim
896 476 154 46 modum
998 476 154 46 solum
1084 476 154 46 videmus

384 522 89 44 in
429 522 163 44 entibus
547 522 252 44 nobilioribus,
755 522 119 44 puta
829 522 74 44 i
859 522 208 44 hominibus,
1022 522 74 44 &
1051 522 178 44 angelis,
1170 522 74 44 qui

377 554 178 43 ceteris
506 554 146 43 magis
604 554 130 43 sunt
684 554 97 43 ad
733 554 194 43 imaginem
879 554 130 43 Dei,
960 554 130 43 ideo
1041 554 146 43 talis
1122 554 113 43 modum

376 600 170 43 maxime
495 600 119 43 est
563 600 119 43 Deo
614 600 255 43 attribuendus.

399 624 76 60 3
429 624 214 60 Praeterea,
598 624 122 60 ista
674 624 107 60 est
735 624 184 60 intentio
873 624 199 60 sanctorum
1026 624 199 60 doctorum;
1164 624 76 60 di-

396 678 108 39 cit
457 678 124 39 enim
535 678 186 39 Hvlarius
674 678 93 39 in
720 678 139 39 libro
813 678 93 39 de
859 678 186 39 svnodis,
999 678 170 39 Omnibus
1107 678 139 39 creatu-

394 715 103 42 ris
453 715 221 42 substantiam
630 715 177 42 voluntas
763 715 103 42 Dei
822 715 177 42 attulit,
955 715 74 42 &
984 715 148 42 ibidem
1088 715 118 42 ait,
1147 715 89 42 Tale

391 745 121 52 sunt
466 745 196 52 creaturae
617 745 151 52 quales
723 745 106 52 eas
783 745 121 52 Deus
858 745 121 52 esse
934 745 151 52 voluit
1039 745 121 52 Vnde
1099 745 136 52 dicitur

398 783 143 48 Omnia
494 783 223 48 quaecunque
668 783 159 48 uoluit
780 783 159 48 fecit;
891 783 95 48 Et
939 783 159 48 beatus
1034 783 207 48 Augustinus;

397 828 90 48 de
442 828 195 48 trinitate
592 828 120 48 ait,
667 828 105 48 Dei
727 828 180 48 voluntas
862 828 105 48 est
922 828 150 48 prima,
1027 828 75 48 &
1057 828 135 48 summa
1132 828 105 48 causi

394 866 171 47 omnium;
519 866 93 47 Et
565 866 124 47 idem
643 866 186 47 Augusti.
782 866 78 47 2
813 866 155 47 conse.
922 866 124 47 Deum
1000 866 202 47 alloquens
1155 866 124 47 ait,

399 906 104 51 Duo
459 906 164 51 fecisti
578 906 164 51 domine,
698 906 119 51 vnum
772 906 134 51 prope
862 906 104 51 te,
922 906 179 51 scilicet
1056 906 179 51 angelum,
1175 906 60 51 qu

392 941 138 54 aliud
483 941 138 54 prope
575 941 153 54 nihil,
682 941 183 54 scilicet
820 941 199 54 materiam,
973 941 168 54 neutrum
1095 941 138 54 tamen
1172 941 76 54 est

381 983 90 60 de
426 983 151 60 natura
532 983 121 60 tua:
607 983 121 60 quia
682 983 166 60 neutrum
803 983 121 60 est,
878 983 121 60 quod
954 983 90 60 tu
984 983 60 60 es

495 1065 544 71 ARTICVLVS
872 1065 251 71 IIII

406 1140 145 88 vtrum
502 1140 129 88 Deus
583 1140 113 88 sua
647 1140 177 88 virtute
776 1140 193 88 infinita
920 1140 177 88 aliquod
1033 1140 193 88 infinitim.

678 1205 219 68 producere
830 1205 135 68 possit

417 1290 179 59 SVANTVM
547 1290 97 59 ad
595 1290 179 59 quartum
725 1290 227 59 principale
904 1290 114 59 est
969 1290 260 59 aduertendum,
1164 1290 81 59 quo

516 1335 191 52 infinitum
663 1335 205 52 dupliciter
824 1335 147 52 potest
927 1335 235 52 considerari,
1103 1335 147 52 scilicet

390 1377 243 42 magnitudine
585 1377 81 42 &
617 1377 260 42 multitudine,
828 1377 81 42 &
860 1377 146 42 istud
958 1377 146 42 adhuc
1039 1377 211 42 dupliciter;

385 1410 114 49 quia
456 1410 185 49 multitudo
598 1410 142 49 potest
697 1410 114 49 esse
768 1410 85 49 in
811 1410 185 49 potentia,
953 1410 99 49 vel
1010 1410 85 49 in
1052 1410 128 49 actu,
1137 1410 71 49 &
1166 1410 85 49 si
1194 1410 57 49 in

393 1453 137 50 actu,
484 1453 107 50 vel
545 1453 213 50 attenditur
712 1453 137 50 penes
804 1453 259 50 distinctionem
1017 1453 228 50 specificam,
1184 1453 76 50 vel

387 1497 291 42 distinctionem
626 1497 239 42 numeralem,
814 1497 86 42 &
849 1497 205 42 secundum
1003 1497 120 42 hoc
1071 1497 154 42 ponam
1156 1497 103 42 quat

395 1532 136 55 tuor
463 1532 254 55 conclusiones.

428 1571 142 49 Prima
523 1571 126 49 est,
602 1571 126 49 quod
680 1571 205 49 infinitum
838 1571 236 49 magnitudine
1027 1571 158 49 diuina
1122 1571 126 49 poten-

396 1609 107 53 tia
457 1609 169 53 produci
564 1609 123 53 potest

432 1644 176 62 Secunda,
565 1644 118 62 quod
638 1644 176 62 infinita
770 1644 147 62 specie
873 1644 220 62 differentia
1049 1644 118 62 actu
1108 1644 147 62 producta

402 1686 124 55 esse
479 1686 109 55 non
526 1686 140 55 possunt

444 1730 154 51 Tertia
551 1730 123 51 quod
628 1730 184 51 infinita
766 1730 154 51 specie
874 1730 230 51 differentia
1058 1730 77 51 a
1089 1730 108 51 Deo
1135 1730 123 51 produ-

404 1766 158 51 cibilia
504 1766 86 51 sunt

441 1805 170 50 Quarta,
564 1805 124 50 quod
641 1805 185 50 infinita
780 1805 124 50 solo
858 1805 155 50 numero
966 1805 232 50 differentia
1151 1805 77 50 a
1167 1805 77 50 Des

391 1845 175 52 produci
518 1845 190 52 possunt,
661 1845 79 52 &
693 1845 111 52 per
756 1845 175 52 diuinam
883 1845 206 52 potentiam
1042 1845 127 52 actu
1105 1845 143 52 possunt

402 1887 124 47 esse
465 1887 155 47 producta

442 1924 182 47 Quantum
575 1924 99 47 ad
624 1924 165 47 primum
740 1924 149 47 dico,
839 1924 132 47 quod
922 1924 116 47 non
988 1924 198 47 implicat
1120 1924 132 47 contra

402 1963 210 43 dictionem
563 1963 210 43 infinitum
724 1963 242 43 magnitudine
918 1963 113 43 per
982 1963 113 43 Dei
1047 1963 210 43 potentiam
1192 1963 64 43 in

389 2002 163 46 finitam
508 2002 89 46 in
552 2002 118 46 esse
626 2002 178 46 produci,
759 2002 163 46 quamuis
878 2002 133 46 multi
967 2002 222 46 venerabiles
1145 2002 74 46 &
1159 2002 104 46 magni

402 2039 185 44 doctores
540 2039 201 44 oppositum
695 2039 154 44 istius
803 2039 185 44 nitantur
926 2039 201 44 demonstrare

480 2081 121 47 Quia
556 2081 151 47 illud,
662 2081 136 47 cuius
752 2081 136 47 ratio
843 2081 106 47 non
904 2081 197 47 repugnat,
1055 2081 106 47 sed
1101 2081 151 47 congruit

389 2118 120 45 enti
464 2118 166 45 creato,
585 2118 120 45 siue
660 2118 90 45 in
705 2118 120 45 esse
780 2118 196 45 producto,
931 2118 105 45 hoc
991 2118 105 45 non
1051 2118 181 45 implicat
1172 2118 90 45 con-

392 2161 261 47 tradictionem,
606 2161 92 47 si
653 2161 107 47 per
714 2161 107 47 Dei
775 2161 199 47 potentiam
929 2161 199 47 infinitam
1082 2161 169 47 ponitur
1190 2161 61 47 in

393 2203 123 45 esse
469 2203 200 45 producto;
623 2203 108 45 sed
685 2203 200 45 infinitum
838 2203 230 45 magnitudine
1023 2203 108 45 est
1069 2203 184 45 huiusmodi;

400 2239 113 50 quia
470 2239 85 50 vt
513 2239 155 50 dicitur
626 2239 85 50 1.
668 2239 212 50 physicorum,
838 2239 127 50 ratio
922 2239 169 50 infiniti
1049 2239 169 50 congruit
1162 2239 99 50 quan-

398 2276 150 53 titati,
507 2276 109 53 ergo
562 2276 68 53 &c.

408 2312 78 47 2
455 2312 218 47 Praeterea,
626 2312 140 47 illud
720 2312 109 47 non
782 2312 140 47 debeo
875 2312 187 47 denegare
1016 2312 171 47 diuinae
1124 2312 125 47 poten-

392 2352 139 53 tiae,
484 2352 139 53 cuius
577 2352 201 53 oppositum
731 2352 139 53 nulla
824 2352 139 53 ratio
916 2352 262 53 demonstratiue
1117 2352 139 53 conuin-

401 2398 113 40 cit,
471 2398 98 40 sed
528 2398 183 40 oppositum
668 2398 141 40 istius
767 2398 225 40 conclusionis
950 2398 98 40 qua
1006 2398 155 40 dicitur
1104 2398 155 40 infinitam

386 2438 255 46 magnitudinem
594 2438 144 46 posse
689 2438 192 46 existere
833 2438 112 46 per
897 2438 176 46 diuinam
1025 2438 208 46 potentiam
1168 2438 96 46 infi

398 2472 157 44 nitam,
508 2472 110 44 non
571 2472 157 44 potest
681 2472 267 44 demonstratiue
901 2472 204 44 conuinci,
1058 2472 126 44 ergo
1136 2472 94 44 &c
1168 2472 94 44 maio

399 2510 106 43 rem
459 2510 151 43 reputo
565 2510 136 43 notam
655 2510 181 43 cuilibet
791 2510 211 43 catholico,
957 2510 91 43 ac
1003 2510 136 43 etiam
1093 2510 121 43 vero
1153 2510 91 43 phi-

395 2552 209 60 losopho.
551 2552 192 60 Minorem
691 2552 157 60 autem
795 2552 157 60 probo
900 2552 244 60 rationibus
1074 2552 174 60 doctorum

401 2595 226 45 oppositum
574 2595 260 45 probantium,
765 2595 243 45 respondendo.

473 2618 164 57 Arguunt
592 2618 119 57 enim
667 2618 194 57 praedicti
816 2618 179 57 doctores
950 2618 119 57 sic,
1025 2618 149 57 lllud,
1129 2618 119 57 quod
1188 2618 75 57 se-

390 2667 166 46 cundum
507 2667 200 46 formalem
657 2667 133 46 suam
740 2667 200 46 rationem
890 2667 166 46 tollit
1006 2667 200 46 ordinem,
1156 2667 83 46 &
1173 2667 83 46 di-

393 2706 229 55 stinctionem
576 2706 214 55 effectuum,
744 2706 137 55 illud
835 2706 137 55 fieri
927 2706 122 55 actu
1003 2706 107 55 non
1065 2706 153 55 potest
1156 2706 107 55 infi-

385 2748 149 44 nitum
485 2748 249 44 magnitudine
684 2748 116 44 est
750 2748 232 44 huiusmodi,
932 2748 133 44 quia
1015 2748 116 44 vbi
1081 2748 116 44 nec
1131 2748 116 44 prin-

399 2785 163 50 cipium,
518 2785 104 50 nec
577 2785 134 50 finis
667 2785 208 50 inuenitur,
830 2785 104 50 ibi
889 2785 104 50 nec
949 2785 119 50 ordo
1023 2785 104 50 nec
1068 2785 178 50 distinctio

397 2822 115 52 esse
454 2822 115 52 potest

414 2859 77 50 2
444 2859 215 50 Praeterea,
614 2859 123 50 esse
691 2859 215 50 terminatum
860 2859 108 50 est
921 2859 154 50 contra
1029 2859 185 50 rationem
1152 2859 108 50 infi-

397 2901 126 48 niti;
481 2901 98 48 sed
537 2901 84 48 de
579 2901 154 48 ratione
692 2901 196 48 cuiuslibet
846 2901 168 48 corporis
972 2901 98 48 est
1028 2901 140 48 habere
1127 2901 112 48 esse
1183 2901 70 48 ter

388 2940 192 44 minatum
527 2940 174 44 tribus
632 2940 261 44 dimensionibus

419 2987 77 47 3
449 2987 214 47 Praeterea,
618 2987 122 47 tale
694 2987 153 47 corpus
801 2987 214 47 infinitum,
970 2987 107 47 vel
1031 2987 138 47 esset
1107 2987 138 47 mathema

389 3019 163 44 ticum,
503 3019 114 44 vel
568 3019 195 44 naturale
714 3019 114 44 non
779 3019 276 44 mathematicum:
1006 3019 130 44 quia
1088 3019 130 44 omne
1153 3019 98 44 cor-

397 3060 112 49 pus
461 3060 255 49 mathematicum
668 3060 112 49 est
732 3060 223 49 figuratum,
908 3060 96 49 de
956 3060 176 49 ratione
1083 3060 144 49 autem
1163 3060 96 49 figu

398 3096 104 63 rae
458 3096 104 63 est
517 3096 119 63 esse
592 3096 223 63 terminatum,
770 3096 119 63 quod
844 3096 179 63 repugnat
978 3096 193 63 infinito.
1127 3096 104 63 Nec
1172 3096 89 63 natu

1265 260 133 63 rale:
1354 260 118 63 quia
1427 260 118 63 omne
1501 260 147 63 corpus
1604 260 177 63 naturale
1737 260 103 63 est
1796 260 177 63 nobile,;
1929 260 103 63 sed
1988 260 147 63 eorpus
2076 260 59 63 in

1265 314 189 42 finitum
1402 314 172 42 moueri
1523 314 120 42 non
1591 314 189 42 potest:
1729 314 155 42 nonem
1832 314 172 42 potest
1952 314 172 42 moueri
2055 314 69 42 me

1273 352 98 49 tu
1322 352 163 49 recto:
1436 352 114 49 nam
1501 352 147 49 totum
1599 352 229 49 orcuparet,
1779 352 82 49 &
1812 352 114 49 non
1877 352 163 49 posset
1975 352 147 49 aliquoc

1278 389 144 60 nouum
1374 389 112 60 vbi
1438 389 224 60 acquirere.
1614 389 112 60 Nec
1678 389 128 60 motu
1759 389 224 60 circulari:
1935 389 128 60 quia
2015 389 96 60 in
2047 389 80 60 mo-

1284 439 92 39 tu
1330 439 198 39 circulari
1482 439 168 39 necesse
1604 439 107 39 est
1665 439 107 39 ibi
1726 439 122 39 nunc
1802 439 122 39 esse
1879 439 122 39 vnam
1955 439 168 39 partem,
2062 439 76 39 vbi

1273 473 115 44 alia
1344 473 129 44 prius
1431 473 158 44 fuerat,
1546 473 101 44 hoc
1603 473 129 44 autem
1689 473 86 44 in
1732 473 158 44 corpore
1847 473 172 44 infinito
1976 473 129 44 fieri
2048 473 72 44 non

1286 516 161 40 potest,
1403 516 117 40 quia
1476 516 146 40 partes
1579 516 117 40 eius
1652 516 161 40 distant
1769 516 88 40 in
1812 516 205 40 infinitum:
1973 516 102 40 nam
2017 516 117 40 lineae

1277 548 177 55 tractae
1406 548 80 55 a
1438 548 161 55 centro
1550 548 161 55 versus
1663 548 322 55 circumferentiam,
1936 548 161 55 quanto
2033 548 96 55 lon-

1272 594 117 49 gius
1346 594 191 49 trahuntur
1492 594 73 49 a
1522 594 161 49 centro,
1639 594 132 49 tanto
1727 594 132 49 magis
1815 594 176 49 distant:
1947 594 103 49 cum
2006 594 117 49 ergo
2064 594 59 49 in

1272 628 162 47 corpore
1390 628 177 47 infinito
1523 628 221 47 traherentur
1700 628 89 47 in
1744 628 192 47 infinitum
1892 628 103 47 non
1951 628 162 47 possent
2054 628 74 47 pos

1274 668 189 47 huiusmodi
1420 668 145 47 lineas
1522 668 160 47 signari
1638 668 160 47 aliquae
1754 668 116 47 duae
1827 668 145 47 partes
1929 668 87 47 in
1972 668 160 47 corpore
2074 668 58 47 ta

1271 706 104 48 li,
1331 706 119 48 quae
1405 706 104 48 non
1465 706 194 48 distarent
1614 706 89 48 in
1658 706 209 48 infinitum,
1822 706 74 48 &
1852 706 104 48 per
1912 706 209 48 consequens
2061 706 74 48 num

1278 743 123 57 quam
1354 743 153 57 posset
1462 743 107 57 vna
1523 743 199 57 peruenire
1677 743 92 57 ad
1723 743 138 57 illum
1815 743 199 57 aspectum,
1968 743 92 57 in
2014 743 107 57 quo
2060 743 77 57 pri

1271 781 85 54 mo
1313 781 113 54 fuit
1384 781 128 54 alia,
1469 781 99 54 cum
1526 781 184 54 distantia
1668 781 170 54 infinita
1796 781 213 54 pertransiri
1966 781 99 54 non
2009 781 113 54 possit

1290 824 71 49 4
1318 824 197 49 Praeterea,
1473 824 141 49 virtus
1572 824 169 49 infinita
1699 824 169 49 repugnat
1826 824 197 49 creaturae,
1981 824 99 49 sed
2037 824 85 49 si
2066 824 56 49 es

1274 859 105 51 set
1334 859 195 51 magnitudo
1484 859 195 51 infinita,
1634 859 120 51 ipsa
1709 859 165 51 haberet
1829 859 180 51 virtutem
1949 859 180 51 infinitam.

1278 899 138 55 quia
1364 899 206 55 secundum
1519 899 224 55 augmentum
1691 899 275 55 magnitudinis
1914 899 189 55 augetur
2035 899 103 55 vir-

1270 947 120 52 tus,
1345 947 90 52 vt
1390 947 135 52 patet
1480 947 90 52 7.
1510 947 195 52 physicorum.

1309 984 113 54 Sed
1373 984 129 54 ista
1454 984 113 54 non
1518 984 242 54 concludunt.
1695 984 97 54 Ergo

1317 1015 100 52 Ad
1367 1015 167 52 primum
1484 1015 217 52 dicendum,
1651 1015 133 52 quod
1734 1015 200 52 loquendo
1884 1015 100 52 de
1934 1015 200 52 absoluta
2068 1015 83 52 Dei

1275 1060 190 57 potentia,
1421 1060 117 57 tunc
1494 1060 131 57 maior
1582 1060 102 57 est
1640 1060 146 57 falsa:
1742 1060 146 57 posset
1845 1060 117 57 enim
1918 1060 131 57 Deus,
2005 1060 88 57 si
2034 1060 117 57 uellet

1263 1107 143 41 vnum
1352 1107 160 41 solum
1459 1107 232 41 simplicem
1637 1107 214 41 effectum
1798 1107 249 41 producere,
1994 1107 89 41 &
2011 1107 125 41 omnes

1281 1145 131 36 alios
1369 1145 116 36 suos
1441 1145 174 36 effectus
1572 1145 218 36 annihilare,
1746 1145 73 36 &
1775 1145 116 36 tunc
1847 1145 203 36 tolleretur
2007 1145 131 36 omnis
2079 1145 44 36 o

1282 1179 93 43 do
1329 1179 202 43 effectuum
1484 1179 217 43 adinuicem,
1655 1179 78 43 &
1686 1179 217 43 distinctio
1857 1179 140 43 eorum
1950 1179 93 43 ab
1981 1179 155 43 inuicem:

1274 1220 106 50 sic
1334 1220 136 50 eodem
1425 1220 121 50 modo
1500 1220 121 50 Deus
1576 1220 166 50 posset,
1696 1220 91 50 si
1742 1220 166 50 vellet,
1862 1220 121 50 sine
1923 1220 211 50 implicatione

1275 1252 327 47 contradictionis
1550 1252 138 47 vnam
1636 1252 155 47 solam
1740 1252 276 47 magnitudinem
1947 1252 189 47 infinitam

1276 1289 200 62 producere,
1433 1289 171 62 dimissis
1561 1289 157 62 omnibus
1676 1289 129 62 aliis
1762 1289 214 62 effectibus,
1933 1289 114 62 quae
2004 1289 86 62 ad
2033 1289 100 62 nihil

1286 1333 132 50 aliud
1374 1333 235 50 ordinaretur,
1565 1333 117 50 nisi
1638 1333 88 50 ad
1682 1333 117 50 suam
1756 1333 161 50 causam,
1873 1333 73 50 &
1902 1333 73 50 a
1932 1333 132 50 nullo
2020 1333 117 50 alio
2078 1333 59 50 po

1286 1374 133 51 sitiue
1379 1374 252 51 distingueretur,
1591 1374 106 51 nisi
1657 1374 66 51 a
1683 1374 93 51 sua
1723 1374 106 51 causa,

1303 1412 96 45 Ad
1351 1412 192 45 secundum
1495 1412 209 45 dicendum,
1656 1412 128 45 quod
1736 1412 112 45 ibi
1800 1412 241 45 committitur
1977 1412 160 45 fallacia

1284 1450 262 45 consequentis:
1499 1450 123 45 quia
1577 1450 216 45 proceditur
1746 1450 77 45 a
1777 1450 247 45 destructione
1962 1450 185 45 anteceden-

1283 1489 123 48 tis:
1360 1489 123 48 quia
1437 1489 108 48 cum
1499 1489 154 48 corpus
1607 1489 108 48 sit
1668 1489 216 48 antecedens
1838 1489 185 48 respectu
1962 1489 185 48 magnitudi-

1280 1531 111 52 nis,
1349 1531 111 52 mala
1419 1531 97 52 est
1474 1531 235 52 consequentia,
1668 1531 97 52 qua
1723 1531 166 52 dicitur,
1848 1531 97 52 non
1904 1531 139 52 potest
2000 1531 111 52 esse
2056 1531 83 52 cor-

1293 1567 93 53 us
1339 1567 217 53 infinitum,
1509 1567 124 53 ergo
1587 1567 108 53 non
1649 1567 155 53 potest
1757 1567 124 53 esse
1834 1567 201 53 magnitudo
1974 1567 170 53 infinita:

1286 1611 108 43 est
1347 1611 139 43 etiam
1440 1611 139 43 minor
1533 1611 154 43 falsa;
1641 1611 124 43 quia
1718 1611 93 43 eo
1764 1611 124 43 modo
1842 1611 108 43 est
1903 1611 139 43 trina
1981 1611 154 43 dimensio

1279 1654 94 45 de
1326 1654 173 45 ratione
1452 1654 204 45 corporis,
1609 1654 110 45 quo
1672 1654 126 45 modo
1751 1654 126 45 bina
1830 1654 189 45 dimensio
1971 1654 110 45 est
2034 1654 94 45 de
2065 1654 79 45 ra-

1288 1685 125 47 tione
1371 1685 222 47 superficiei,
1552 1685 69 47 &
1579 1685 97 47 vna
1635 1685 166 47 dimensio
1760 1685 97 47 est
1815 1685 83 47 de
1857 1685 153 47 ratione
1968 1685 153 47 lineae:
2065 1685 69 47 sec

1281 1734 104 43 sic
1341 1734 104 43 est
1400 1734 104 43 vna
1460 1734 179 43 dimensio
1594 1734 89 43 de
1638 1734 164 43 ratione
1757 1734 164 43 lineae,
1876 1734 119 43 quod
1951 1734 104 43 non
1995 1734 149 43 includit

1284 1763 90 48 de
1329 1763 224 48 necessitate
1509 1763 150 48 habere
1613 1763 195 48 terminum.
1763 1763 105 48 si.
1823 1763 90 48 n.
1868 1763 120 48 Deus
1942 1763 165 48 faceret
2047 1763 90 48 vnam

1285 1811 256 41 longitudinem
1493 1811 224 41 infinitam,
1669 1811 80 41 &
1701 1811 128 41 sine
1782 1811 128 41 omni
1862 1811 192 41 termino,
2006 1811 112 41 non
2054 1811 80 41 mi-

1287 1849 109 43 nus
1350 1849 124 43 illa
1427 1849 202 43 longitudo
1583 1849 171 43 haberet
1707 1849 187 43 rationem
1847 1849 171 43 lineae,
1972 1849 124 43 quam
2034 1849 109 43 linea

1286 1882 218 56 terminata,
1458 1882 78 56 &
1489 1882 156 56 clausa
1598 1882 140 56 infra
1692 1882 109 56 duo
1754 1882 172 56 puncta.
1879 1882 125 56 Vnde
1957 1882 156 56 habere
2050 1882 94 56 esse

1288 1925 235 51 terminatum
1473 1925 201 51 secundum
1623 1925 251 51 dimensionem
1825 1925 285 51 longitudinis,
2059 1925 117 51 non

1285 1963 95 48 est
1340 1963 81 48 de
1380 1963 149 48 ratione
1488 1963 149 48 lineae,
1596 1963 81 48 vt
1637 1963 122 48 linea
1718 1963 108 48 est,
1786 1963 95 48 sed
1840 1963 95 48 est
1894 1963 81 48 de
1934 1963 149 48 ratione
2029 1963 108 48 lineae

1288 2004 86 52 ut
1331 2004 144 52 finita
1432 2004 115 52 est:
1504 2004 101 52 sic
1561 2004 86 52 in
1605 2004 187 52 proposito
1749 2004 144 52 habere
1850 2004 115 52 esse
1922 2004 202 52 terminatum
2066 2004 72 52 se-

1277 2042 163 46 cundum
1391 2042 180 46 longum,
1522 2042 163 46 latum,
1636 2042 82 46 &
1669 2042 229 46 profundum,
1849 2042 114 46 non
1914 2042 114 46 est
1980 2042 98 46 de
2012 2042 131 46 ratio-

1279 2078 86 50 ne
1322 2078 187 50 corporis,
1465 2078 86 50 vt
1509 2078 144 50 corpus
1609 2078 115 50 est,
1681 2078 158 50 quamuis
1796 2078 101 50 sit
1854 2078 86 50 de
1897 2078 158 50 ratione
1997 2078 144 50 corporis

1275 2119 128 52 ut
1339 2119 234 52 finitum
1487 2119 128 52 est.

1323 2160 93 48 Ad
1369 2160 170 48 tertium
1492 2160 201 48 dicendum;
1646 2160 185 48 qudillud
1785 2160 154 48 corpus
1893 2160 154 48 potest
2001 2160 123 48 esse
2063 2160 77 48 ma-

1281 2198 76 49 t
1311 2198 213 49 hematicum,
1478 2198 121 49 puta
1554 2198 167 49 quantum
1675 2198 106 49 sie
1736 2198 213 49 qualitate:
1903 2198 121 49 quia
1979 2198 137 49 sicut
2055 2198 91 49 Deus

1291 2234 140 54 potest
1389 2234 210 54 quantitatem
1557 2234 168 54 separare
1683 2234 70 54 a
1711 2234 98 54 suo
1766 2234 154 54 priori,
1878 2234 112 54 puta
1948 2234 70 54 a
1962 2234 182 54 substantia,

1285 2278 81 51 vt
1326 2278 122 51 patet
1408 2278 81 51 in
1448 2278 190 51 sacramento
1598 2278 163 51 altaris,
1720 2278 95 51 sic
1774 2278 149 51 posset,
1883 2278 81 51 si
1924 2278 149 51 vellet,
2032 2278 95 51 eam
2073 2278 68 51 se-

1291 2315 156 53 paratim
1404 2315 142 53 facere
1503 2315 113 53 sine
1574 2315 99 53 suo
1631 2315 212 53 posteriori,
1800 2315 113 53 puta
1871 2315 255 53 sinequalitate:
2069 2315 71 53 Ner

1282 2357 182 43 oportet
1415 2357 165 43 corpus
1531 2357 265 43 mathematicum
1746 2357 132 43 esse
1829 2357 215 43 limitatum
1978 2357 165 43 adcertos

1283 2392 188 47 terminos
1424 2392 219 47 figurales,
1596 2392 110 47 cum
1659 2392 110 47 sit
1722 2392 219 47 principium
1894 2392 94 47 in
1925 2392 219 47 mathematica,

1285 2438 111 46 que
1349 2438 127 46 omni
1428 2438 238 46 magnitudine
1618 2438 174 46 accepta
1745 2438 111 46 per
1808 2438 254 46 intellectum,
1998 2438 143 46 mathema

1281 2472 135 48 ticus
1371 2472 150 48 semper
1476 2472 150 48 potest
1581 2472 180 48 accipere
1716 2472 180 48 maiorem.
1852 2472 150 48 Posset
1957 2472 135 48 etiam
2032 2472 120 48 istudi

1279 2518 200 40 corpus,
1424 2518 109 40 si
1479 2518 127 40 Deo
1552 2518 237 40 placeret,
1734 2518 146 40 esse
1825 2518 164 40 quale
1934 2518 91 40 &
1953 2518 200 40 naturale.

1320 2550 96 50 Ad
1368 2550 240 50 probationem
1560 2550 144 50 dico,
1656 2550 128 50 quod
1736 2550 112 50 non
1799 2550 112 50 est
1863 2550 176 50 necesse
1991 2550 128 50 omne
2055 2550 96 50 cori

1284 2588 106 49 pus
1344 2588 181 49 naturale
1480 2588 151 49 moueri
1586 2588 121 49 motu
1661 2588 166 49 locali;
1782 2588 151 49 partes
1887 2588 121 49 enim
1963 2588 151 49 terre,
2053 2588 91 49 quae

1290 2627 126 53 sunt
1369 2627 142 53 iuxta
1464 2627 189 53 centrum,
1606 2627 174 53 numquam
1732 2627 205 53 localiter
1890 2627 205 53 mouentur,
2032 2627 110 53 quam-

1283 2666 113 51 uis
1347 2666 225 51 alteretur.
1524 2666 161 51 Coelum
1637 2666 145 51 etiam
1733 2666 193 51 empyreum
1878 2666 113 51 nec
1942 2666 177 51 mouetur
2055 2666 80 51 fe-

1288 2705 165 42 cundum
1403 2705 165 42 locum,
1518 2705 115 42 nec
1584 2705 198 42 secundum
1732 2705 280 42 alterationem,
1963 2705 115 42 nec
2012 2705 132 42 secun-

1286 2744 121 45 dum
1355 2744 190 45 aliquem
1493 2744 155 45 alium
1596 2744 172 45 motum:
1717 2744 86 45 &
1751 2744 155 45 tamen
1855 2744 121 45 est
1924 2744 155 45 uerum
2010 2744 138 45 corpus

1286 2790 202 46 naturale,
1442 2790 202 46 inquantum
1598 2790 187 46 naturale
1738 2790 249 46 distinguitur
1941 2790 156 46 contra
2034 2790 109 46 matho

1282 2827 204 46 maticum.
1435 2827 119 46 Sic
1503 2827 153 46 dato,
1605 2827 136 46 quod
1690 2827 153 46 illud
1791 2827 170 46 corpus
1910 2827 187 46 numquam
2029 2827 119 46 moue-

1287 2863 133 50 retur
1376 2863 208 50 localiter,
1539 2863 148 50 posset
1643 2863 133 50 tamen
1732 2863 119 50 Deus
1806 2863 133 50 ipsum
1895 2863 208 50 calefacere
2058 2863 74 50 &
2073 2863 74 50 fri

1289 2904 209 39 gefacere,
1450 2904 80 39 &
1482 2904 177 39 ceteris
1610 2904 177 39 motibus
1739 2904 257 39 alterationis
1932 2904 225 39 transmutare:

1278 2930 135 64 Etiam
1368 2930 135 64 dico,
1458 2930 120 64 quod
1533 2930 165 64 quamuis
1653 2930 150 64 corpus
1757 2930 195 64 infinitum
1907 2930 105 64 non
1967 2930 150 64 possit
2057 2930 90 64 cir-

1283 2976 200 53 culariter
1436 2976 154 53 moueri
1544 2976 169 53 virtute
1667 2976 169 53 finita:
1790 2976 138 53 tamen
1882 2976 169 53 virtute
2005 2976 108 53 Dei
2051 2976 108 53 infi-

1284 3021 121 48 nita
1360 3021 152 48 posset
1466 3021 106 48 non
1526 3021 136 48 solum
1617 3021 91 48 in
1663 3021 182 48 tempore;
1799 3021 212 48 verumetiam
1966 3021 91 48 in
1996 3021 152 48 instanti

1284 3067 143 44 totum
1380 3067 255 44 circumuolui.
1587 3067 159 44 Posset
1698 3067 143 44 etiam
1794 3067 127 44 Deus
1873 3067 143 44 illud
1969 3067 159 44 corpus
2064 3067 80 44 mo-

1283 3102 125 52 uere
1361 3102 125 52 motu
1439 3102 156 52 recto,
1548 3102 125 52 quia
1626 3102 156 52 posset
1735 3102 125 52 Deus
1813 3102 140 52 illud
1907 3102 156 52 corpus
2000 3102 156 52 mfinitu,
