2396 3547
238 276 214 61 permanente
406 276 107 61 sua
467 276 184 61 infinita
605 276 214 61 quantitate
774 276 153 61 ponere
881 276 92 61 in
927 276 122 61 loco
988 276 107 61 fini-

227 328 111 60 to:
290 328 142 60 Sicut
385 328 126 60 enim
464 328 142 60 totum
559 328 158 60 corpus
670 328 174 60 Christi
796 328 111 60 cum
859 328 126 60 tota
938 328 111 60 sua
985 328 111 60 quan-

229 375 154 49 titate
337 375 170 49 virtute
460 375 154 49 diuina
568 375 108 49 est
630 375 108 49 sub
692 375 185 49 qualibet
831 375 154 49 minima
923 375 170 49 particula

236 414 204 48 specierum
393 414 236 48 sacramenti;
582 414 110 48 sic
645 414 110 48 non
708 414 157 48 video,
818 414 126 48 quod
897 414 189 48 repugnet
1022 414 79 48 po-

231 451 160 43 tentiae
348 451 160 43 diuinae
465 451 117 43 quin
537 451 146 43 corpus
639 451 189 43 infinitum
785 451 102 43 cum
843 451 160 43 propria
960 451 102 43 sua
1004 451 87 43 quan

231 488 142 45 titate
330 488 142 45 posset
430 488 156 45 ponere,
543 488 85 45 si
586 488 156 45 vellet,
699 488 99 45 sub
756 488 99 45 vno
813 488 128 45 grano
898 488 156 45 miliij,
1012 488 71 45 &
1026 488 71 45 per

235 531 218 46 consequens
406 531 140 46 ipsum
500 531 155 46 mouere
608 531 93 46 ad
655 531 140 46 motum
748 531 155 46 illius
857 531 155 46 grani:
966 531 93 46 Si
997 531 93 46 enim

229 568 128 45 Deus
309 568 112 45 non
373 568 160 45 posset
485 568 176 45 tollere
613 568 272 45 resistentiam,
836 568 112 45 qua
884 568 208 45 dimensiones

224 611 134 48 vnius
313 611 178 48 corporis
447 611 252 48 dimensionibus
655 611 178 48 alterius
788 611 178 48 corporis
922 611 208 48 resistunt,

220 648 127 43 tunc
299 648 95 43 in
347 648 111 43 sua
410 648 222 43 natiuitate
584 648 253 43 integritatem
790 648 158 43 matris
901 648 111 43 non
949 648 143 43 conser-

238 686 161 41 uasset,
356 686 103 41 nec
414 686 88 41 in
458 686 205 41 ascensione
619 686 147 41 corpus
722 686 117 41 suum
795 686 103 41 per
854 686 147 41 caelos
942 686 161 41 transpor-

231 724 154 42 tasset
339 724 108 42 Cum
400 724 123 42 ergo
478 724 93 42 4.
524 724 216 42 physicorum
694 724 185 42 dicatur,
833 724 123 42 quod
910 724 108 42 qua
972 724 154 42 ratio¬

235 764 92 45 ne
281 764 107 45 duo
342 764 169 45 corpora
465 764 169 45 possent
587 764 123 45 esse
664 764 92 45 in
710 764 138 45 eodem
802 764 138 45 loco,
894 764 138 45 eadem
970 764 123 45 ratio-

234 802 92 47 ne
280 802 199 47 infinita,
433 802 123 47 Deus
510 802 138 47 autem
602 802 123 47 vnum
679 802 138 47 aliud
771 802 153 47 corpus
878 802 153 47 potest
970 802 123 47 facere

231 843 85 44 in
273 843 113 44 loco
344 843 127 44 grani
429 843 127 44 milij
514 843 99 44 cum
570 843 113 44 ipso
641 843 113 44 talt
712 843 142 44 grano,
811 843 127 44 sicut
896 843 170 44 quilibet
1009 843 85 44 fide

238 883 106 41 lis
299 883 137 41 habet
390 883 213 41 concedere,
557 883 121 41 ergo
633 883 76 41 &
663 883 197 41 infinita,
815 883 76 41 &
845 883 106 41 per
891 883 197 41 consequen

237 921 121 44 unum
313 921 197 44 infinitum
464 921 151 44 corpus
570 921 151 44 potest
676 921 151 44 facere
782 921 91 44 in
827 921 121 44 loco
903 921 136 44 grani
979 921 121 44 milij;

234 966 120 49 quia
309 966 180 49 infinita
444 966 165 49 corpora
564 966 225 49 multitudine
745 966 165 49 faciunt
865 966 195 49 infinitum
1000 966 90 49 cor-

236 1002 105 49 pus
296 1002 241 49 magnitudine,
492 1002 90 49 vt
537 1002 135 49 patet
627 1002 90 49 3.
672 1002 226 49 physicorum.
852 1002 135 49 Etiam
943 1002 135 49 ratio
1018 1002 75 49 non

238 1039 95 44 st
286 1039 95 44 ad
333 1039 236 44 propositum:
522 1039 126 44 quia
601 1039 158 44 corpus
711 1039 126 44 esse
790 1039 126 44 sine
868 1039 126 44 omni
947 1039 126 44 motu
1010 1039 79 44 non

248 1081 166 47 mplicat
368 1081 166 47 aliquam
489 1081 301 47 contradictionem,
745 1081 135 47 sicut
835 1081 90 47 de
880 1081 135 47 facto
956 1081 135 47 apparet

226 1112 83 59 n
259 1112 149 59 caelo
341 1112 165 59 empvreo.

225 1160 100 39 Ad
275 1160 183 39 quartum
409 1160 217 39 dicendum,
575 1160 133 39 quod
659 1160 200 39 potentia
809 1160 117 39 Dei
875 1160 200 39 absoluta
1009 1160 83 39 non

230 1195 168 45 cogitur
352 1195 183 45 cuilibet
489 1195 107 45 rei
550 1195 199 45 infundere
703 1195 199 45 virtutem,
856 1195 76 45 &
871 1195 214 45 perfectionem

227 1238 134 42 cuius
316 1238 223 42 naturaliter
495 1238 104 42 est
555 1238 149 42 capax;
659 1238 149 42 posset
763 1238 119 42 enim
838 1238 119 42 Deus
912 1238 89 42 in
942 1238 149 42 materiam

226 1274 136 45 summe
316 1274 226 45 dispositam,
497 1274 90 45 si
542 1274 166 45 vellet,
663 1274 106 45 non
723 1274 181 45 inducere
859 1274 166 45 formam.
964 1274 121 45 Possei

224 1312 120 44 ergo
299 1312 120 44 Deus
374 1312 149 44 corpus
478 1312 194 44 infinitum
628 1312 90 44 in
672 1312 120 44 esse
747 1312 209 44 conseruare
912 1312 164 44 praeter
1016 1312 75 44 hoc

234 1351 120 53 quod
309 1351 120 53 sibi
384 1351 194 53 tribueret
533 1351 179 53 virtutem
653 1351 179 53 infinitam.

278 1387 175 52 Secundo
405 1387 143 52 dico;
500 1387 127 52 quod
580 1387 111 52 non
643 1387 175 52 possunt
770 1387 127 52 esse
850 1387 143 52 simul
929 1387 159 52 infinita

240 1431 226 43 multitudine
420 1431 150 43 specie
526 1431 241 43 differentia,
721 1431 271 43 praesupposito,
947 1431 120 43 quod
1007 1431 90 43 sint

240 1472 258 51 essentialiter
452 1472 197 51 ordinata,
604 1472 121 51 quod
680 1472 121 51 addo
756 1472 106 51 pro
817 1472 152 51 tanto:
923 1472 121 51 quia
984 1472 106 51 vtrum

238 1510 100 43 per
295 1510 143 43 duinam
395 1510 185 43 potentiam
537 1510 157 43 possint
651 1510 114 43 esse
723 1510 171 43 infinita
851 1510 214 43 differentia
1008 1510 71 43 spe

231 1556 108 38 cie
292 1556 108 38 non
354 1556 261 38 essentialiter
569 1556 200 38 ordinata.
722 1556 92 38 ad
768 1556 184 38 praesens
907 1556 108 38 non
953 1556 138 38 intendo

233 1588 182 45 tractare.
373 1588 126 45 Ratio
457 1588 140 45 istius
555 1588 168 45 secundae
680 1588 224 45 conclusionis
862 1588 98 45 est
904 1588 84 45 haec

249 1626 76 45 1
279 1626 91 45 Si
325 1626 121 45 actu
400 1626 151 45 essent
506 1626 182 45 infinita
643 1626 258 45 essentialiter
855 1626 182 45 ordinata
991 1626 76 45 a
1006 1626 76 45 Dec

227 1669 200 54 producta,
381 1669 123 54 tunc
458 1669 123 54 actu
535 1669 139 54 esset
627 1669 108 54 vna
689 1669 200 54 creatura,
843 1669 139 54 cuius
920 1669 169 54 perfectio

227 1708 132 48 esset
315 1708 191 48 infinita.
462 1708 205 48 consequens
623 1708 103 48 est
682 1708 161 48 falsum,
800 1708 117 48 quia
873 1708 103 48 hoc
932 1708 147 48 solius
1020 1708 73 48 Dei

232 1743 173 57 proprium
362 1743 116 57 est,
434 1743 130 57 cuius
520 1743 202 57 substantia
679 1743 130 57 etiam
766 1743 173 57 infinita
896 1743 116 57 est,
954 1743 144 57 probatur

237 1787 253 46 consequentia;
445 1787 119 46 quia
520 1787 89 46 in
564 1787 253 46 essentialiter
773 1787 193 46 ordinatis
921 1787 149 46 semper
1011 1787 74 46 su-

243 1820 148 54 perius
347 1820 104 54 est
406 1820 208 54 perfectius
569 1820 208 54 inseriori.
732 1820 104 54 Cum
792 1820 119 54 ergo
866 1820 119 54 illa
925 1820 163 54 speciebus

237 1862 151 44 omnibus
347 1862 83 44 in
389 1862 110 44 illo
458 1862 193 44 essentiali
609 1862 138 44 ordine
705 1862 124 44 esset
788 1862 138 44 prior,
884 1862 124 44 esset
967 1862 83 44 in
995 1862 96 44 infi-

234 1901 132 51 nitum
322 1901 176 51 superior
454 1901 176 51 respectu
586 1901 161 51 infimae
703 1901 161 51 eiusdem
820 1901 176 51 ordinis;
952 1901 117 51 ergo
1010 1901 88 51 ipsa

239 1938 129 51 esset
325 1938 86 51 in
368 1938 187 51 infinitum
497 1938 173 51 perfectior

245 1982 81 49 2
277 1982 228 49 Praeterea,
457 1982 98 49 in
505 1982 130 49 omni
587 1982 163 49 ordine
701 1982 228 49 essentiali
880 1982 179 49 oportet
994 1982 98 49 dare

229 2030 173 43 primum,
355 2030 125 43 quia
433 2030 94 43 in
480 2030 220 43 essentiali
653 2030 157 43 ordine
763 2030 110 43 non
825 2030 125 43 dato
904 2030 141 43 primo
982 2030 110 43 impos

218 2066 150 49 sibile
323 2066 105 49 est
383 2066 165 49 aliquid
503 2066 120 49 dari
578 2066 195 49 ceterorum
727 2066 165 49 eiusdem
847 2066 180 49 ordinis:
982 2066 105 49 sed
1027 2066 60 49 im

229 2100 181 48 possibile
368 2100 97 48 est
424 2100 111 48 esse
493 2100 167 48 infinita
618 2100 83 48 in
660 2100 111 48 tali
729 2100 153 48 ordine,
840 2100 97 48 vbi
896 2100 125 48 datur
965 2100 125 48 primum;

220 2140 152 48 Maior
321 2140 169 48 patet:
440 2140 135 48 quia
524 2140 118 48 vbi
592 2140 118 48 non
659 2140 152 48 datur
760 2140 186 48 primum)
895 2140 118 48 ibi
963 2140 118 48 non
1014 2140 84 48 po-

223 2170 128 61 test
303 2170 128 61 dari
383 2170 176 61 medium,
510 2170 112 61 vel
574 2170 192 61 vltimum,
718 2170 112 61 nec
782 2170 112 61 per
846 2170 223 61 consequens
1005 2170 96 61 ordo

238 2215 212 52 essentialis.

296 2249 214 54 Praeterea,
464 2249 92 54 in
510 2249 199 54 ordinatis
663 2249 260 54 essentialiter
877 2249 153 54 quanto
968 2249 138 54 aliquid

237 2268 107 69 est
298 2268 198 69 superius,
450 2268 137 69 tanto
542 2268 229 69 simplicius,
725 2268 76 69 &
756 2268 107 69 hoc
817 2268 153 69 maxime
924 2268 92 69 in
954 2268 153 69 substan-

229 2333 95 46 tus
284 2333 189 46 separatis:
432 2333 81 46 si
473 2333 108 46 ergo
540 2333 135 46 essent
635 2333 176 46 infinitae
770 2333 176 46 creaturae
891 2333 203 46 essentialiter

226 2374 199 47 ordinatae,
382 2374 114 47 tunc
454 2374 100 47 vel
510 2374 157 47 suprema
624 2374 128 47 esset
710 2374 185 47 infinitae
852 2374 242 47 simplicitatis
1051 2374 71 47 &

232 2409 220 51 simpliciter
408 2409 176 51 simplex,
540 2409 103 51 vel
599 2409 147 51 infima
701 2409 132 51 esset
789 2409 191 51 infinitae
921 2409 176 51 composito-

231 2449 120 52 nis:
306 2449 105 52 nam
366 2449 181 52 quilibet
502 2449 151 52 gradus
607 2449 90 52 in
652 2449 211 52 ascendendo
818 2449 181 52 tolleret
954 2449 166 52 aliqui¬

236 2492 96 42 de
284 2492 256 42 compositone,
492 2492 80 42 &
524 2492 112 42 per
588 2492 208 42 oppositum
749 2492 208 42 tribueret
909 2492 160 42 alique
1005 2492 96 42 gra-

236 2536 107 44 dum
297 2536 275 44 finplicitatis,
526 2536 76 44 &
556 2536 199 44 econuerso
709 2536 92 44 in
755 2536 244 44 descendendo:
954 2536 122 44 ergo
1015 2536 76 44 cun

233 2569 194 58 huiusmodi
383 2569 179 58 ascensus
517 2569 75 58 &
547 2569 194 58 descensus
696 2569 105 58 sit
756 2569 209 58 infinitus,
921 2569 90 58 si
951 2569 149 58 superior

239 2609 103 43 est
298 2609 147 43 aliquo
401 2609 117 43 modo
474 2609 205 43 composita,
635 2609 176 43 inferior
767 2609 117 43 erit
840 2609 88 43 in
884 2609 191 43 infinitum
1016 2609 88 43 com-

237 2653 152 50 pofita,
348 2653 69 50 &
376 2653 83 50 si
417 2653 166 50 inferior
542 2653 97 50 est
597 2653 152 50 finitae
708 2653 235 50 compositonis,
901 2653 111 50 tunc
957 2653 138 50 superio;

235 2685 124 54 erit
313 2685 171 54 nullius
422 2685 233 54 compositonis.

238 2717 157 57 Tertio
348 2717 141 57 dico,
442 2717 125 57 quod
521 2717 173 57 quamuis
646 2717 125 57 actu
725 2717 110 57 non
787 2717 173 57 possint
913 2717 125 57 esse
976 2717 125 57 produ-

239 2770 101 56 cta
296 2770 173 56 infinita
426 2770 144 56 specle
527 2770 231 56 differentia,
715 2770 115 56 sunt
787 2770 130 56 tamen
873 2770 173 56 infinita
1003 2770 87 56 in
1032 2770 72 56 po-

233 2806 198 48 tentia
372 2806 99 48 a
411 2806 138 48 Deo
490 2806 336 48 producibilia.

325 2838 111 56 Nam
389 2838 111 56 cum
452 2838 111 56 Dei
515 2838 190 56 potentia
658 2838 111 56 sit
721 2838 238 56 simpliciter
911 2838 206 56 infinita,
1054 2838 48 56 &

234 2877 133 55 nullo
323 2877 163 55 effectu
442 2877 178 55 producto
575 2877 148 55 possit
679 2877 222 55 simpliciter
857 2877 208 55 exhauriri,
1005 2877 89 55 ergo

236 2930 211 49 quacumque
398 2930 195 49 creatura
545 2930 146 49 data,
642 2930 81 49 D
675 2930 114 49 eus
740 2930 163 49 semper
853 2930 163 49 potest
951 2930 146 49 produm-

242 2962 130 53 cere
307 2962 178 53 meliorem.

316 3004 236 42 Praeterea,
501 3004 202 42 secundum
653 3004 135 42 quod
737 3004 168 42 dicunt
855 3004 202 42 doctores
989 3004 118 42 satis

236 3037 229 49 communiter,
419 3037 122 49 Deus
495 3037 137 49 habet
587 3037 92 49 in
632 3037 92 49 se
678 3037 137 49 ldeas
770 3037 214 49 infinitas,
937 3037 107 49 sed
983 3037 122 49 secun-

228 3084 122 47 dum
297 3084 227 47 quamlibet
472 3084 157 47 Ideam
577 3084 140 47 Deus
664 3084 175 47 potest
787 3084 227 47 producere
944 3084 157 47 creatu-

229 3120 144 64 ram,
319 3120 144 64 ergo
391 3120 90 64 &c.

1136 289 81 72 3
1168 289 211 72 Praeterca
1330 289 178 72 Aliquis
1460 289 243 72 intellectus
1655 289 178 72 creatus
1784 289 162 72 videns
1882 289 97 72 Deum

1123 339 87 65 si
1166 339 144 65 posset
1267 339 159 65 intendi
1382 339 87 65 in
1426 339 188 65 infinitum
1570 339 130 65 ipse,
1657 339 144 65 semper
1758 339 144 65 posset
1859 339 159 65 diuinam

1130 377 202 55 essentiam
1286 377 186 55 secundum
1426 377 155 55 gradum
1534 377 233 55 intensioris
1721 377 218 55 claritatis
1876 377 109 55 vide-

1133 416 109 52 ce:
1196 416 109 52 cum
1258 416 125 52 ergo
1336 416 125 52 Deus
1414 416 156 52 possit
1523 416 156 52 semper
1633 416 203 52 creaturam
1789 416 172 52 creare,
1898 416 78 52 qua

1142 461 131 53 enes
1224 461 213 53 huiusmodi
1387 461 164 53 gradus
1502 461 180 53 clarius
1633 461 131 53 Deum
1715 461 180 53 uideat,
1830 461 164 53 huiusmo-

1132 494 91 66 di
1177 494 137 66 autem
1268 494 152 66 gradus
1375 494 121 66 sunt
1451 494 197 66 infiniti,
1602 494 121 66 ergo
1678 494 91 66 in
1724 494 197 66 infinitum
1861 494 121 66 semper

1126 532 226 51 nobiliorem
1303 532 177 51 poterit
1432 532 210 51 producere
1578 532 177 51 creaturam

1133 570 76 59 4
1163 570 199 59 Preterea,
1316 570 199 59 perfectio
1469 570 199 59 creaturae
1621 570 199 59 consistit
1774 570 92 59 in
1820 570 153 59 quadam
1912 570 76 59 as-

1124 602 238 56 similatione
1314 602 95 56 ad
1362 602 127 56 suum
1441 602 222 56 creatorem,
1615 602 127 56 quia
1694 602 158 56 quanto
1805 602 143 56 magis
1900 602 127 56 Deqo

1136 658 226 44 issimilatur,
1319 658 127 44 tanto
1404 658 197 44 perfectior
1559 658 113 44 est:
1629 658 99 44 cum
1686 658 113 44 ergo
1756 658 127 44 nulla
1841 658 141 44 possit
1926 658 56 44 in

1132 692 149 55 effectu
1241 692 109 55 poni
1309 692 177 55 creatura,
1445 692 109 55 quae
1513 692 95 55 sit
1567 692 149 55 taliter
1676 692 95 55 Deo
1730 692 163 55 similis,
1853 692 109 55 quod
1907 692 68 55 non

1137 732 139 60 possit
1235 732 111 60 esse
1304 732 139 60 aliqua
1402 732 181 60 similior;
1541 732 111 60 ergo
1611 732 98 60 non
1666 732 139 60 potest
1764 732 139 60 aliqua
1862 732 111 60 poni
1917 732 56 60 in

1126 776 117 42 esse
1199 776 190 42 producto,
1345 776 102 42 qua
1404 776 117 42 Deus
1477 776 102 42 non
1535 776 146 42 possit
1638 776 190 42 producere
1769 776 219 42 perfectiorem.

1165 808 111 52 Sed
1229 808 159 52 contra
1340 808 143 52 istud
1435 808 127 52 sunt
1515 808 175 52 quidam,
1642 808 111 52 qui
1706 808 175 52 ponunt,
1833 808 127 52 quod
1897 808 80 52 non

1139 839 134 69 possit
1232 839 80 69 in
1273 839 107 69 esse
1340 839 147 69 produci
1447 839 174 69 nobilior,
1581 839 94 69 seu
1635 839 188 69 perfectior
1782 839 174 69 creatura,
1903 839 80 69 quam

1128 889 164 46 suprema
1247 889 193 46 creatura,
1396 889 119 46 quae
1470 889 119 46 nunc
1545 889 179 46 producta
1664 889 74 46 est

1138 927 77 45 1
1168 927 123 45 Quia
1245 927 231 45 Dionysiuss,
1430 927 92 45 de
1476 927 108 45 di,
1537 927 108 45 non
1599 927 123 45 ait,
1676 927 123 45 quod
1752 927 200 45 creaturae
1891 927 92 45 pro-

1122 969 145 50 cedunt
1224 969 73 50 a
1253 969 116 50 Deo,
1326 969 131 50 sicut
1413 969 160 50 numerus
1529 969 87 50 ab
1573 969 174 50 vnitate:
1704 969 102 50 sed
1762 969 102 50 est
1820 969 160 50 aliquis
1922 969 58 50 nu

1131 1005 159 51 merus,
1243 1005 143 51 inter
1338 1005 128 51 quem
1418 1005 80 51 &
1450 1005 191 51 vnitatem
1593 1005 159 51 nullum
1705 1005 143 51 cadit
1801 1005 175 51 medium,
1912 1005 64 51 po

1128 1053 90 54 ta
1173 1053 195 54 binarius;
1323 1053 120 54 ergo
1398 1053 105 54 est
1458 1053 120 54 dare
1533 1053 165 54 aliquam
1652 1053 210 54 creaturam,
1817 1053 135 54 inter
1892 1053 90 54 quam

1149 1084 140 50 ipsum
1242 1084 125 50 Deum
1320 1084 140 50 nulla
1414 1084 187 50 creatura
1554 1084 171 50 poterit
1679 1084 140 50 fieri
1756 1084 125 50 media.

1210 1119 207 58 Praeterea,
1373 1119 89 58 si
1418 1119 118 58 Deus
1492 1119 148 58 posset
1595 1119 148 58 facere
1699 1119 133 58 vltra
1788 1119 178 58 supremam
1906 1119 89 58 crea

1129 1168 134 48 turam
1219 1168 134 48 aliam
1308 1168 224 48 nobiliorem,
1487 1168 119 48 pari
1562 1168 164 48 ratione
1681 1168 149 48 posset
1786 1168 149 48 facere
1876 1168 105 48 vltra

1125 1201 141 49 illam
1219 1201 141 49 adhuc
1313 1201 141 49 aliam
1407 1201 234 49 nobiliorem,
1594 1201 78 49 &
1626 1201 109 49 sic
1688 1201 109 49 non
1751 1201 141 49 esset
1829 1201 156 49 statusin

1136 1238 210 50 praedicatis
1304 1238 84 50 in
1346 1238 126 50 quid,
1430 1238 112 50 quod
1500 1238 98 50 est
1556 1238 140 50 contra
1653 1238 210 50 philosophum
1821 1238 126 50 primo
1891 1238 98 50 poste

1121 1287 144 41 riorum,
1226 1287 92 41 vbi
1278 1287 170 41 probatur,
1409 1287 105 41 quod
1474 1287 79 41 de
1514 1287 196 41 necessitate
1671 1287 92 41 est
1723 1287 144 41 status,
1828 1287 65 41 &
1854 1287 79 41 in
1880 1287 105 41 ascen-

1124 1319 140 58 dendo
1218 1319 202 58 superius,
1373 1319 78 58 &
1404 1319 93 58 in
1450 1319 233 58 descendendo
1637 1319 202 58 inferius,
1792 1319 78 58 &
1823 1319 93 58 in
1854 1319 124 58 mediis

1149 1356 75 50 3
1179 1356 210 50 Praeterea,
1344 1356 165 50 August.
1464 1356 90 50 12
1509 1356 225 50 confestait,
1689 1356 105 50 Duo
1749 1356 165 50 fecisti
1854 1356 120 50 domine

1122 1399 120 47 vnum
1197 1399 135 47 prope
1287 1399 90 47 te
1332 1399 75 47 &
1363 1399 135 47 aliud
1453 1399 135 47 prope
1543 1399 150 47 nihil:
1648 1399 105 47 Sed
1708 1399 90 47 si
1753 1399 150 47 posset
1859 1399 135 47 fieri
1934 1399 75 47 no-

1120 1434 144 55 bilior
1220 1434 187 55 creatura,
1364 1434 115 55 quam
1436 1434 129 55 facta
1522 1434 115 55 sit,
1594 1434 115 55 tunc
1666 1434 115 55 Aug.
1738 1434 101 55 non
1795 1434 172 55 dixisset
1910 1434 72 55 su-

1130 1476 169 55 premam
1249 1476 136 55 nunc
1333 1476 220 55 creaturam
1503 1476 136 55 esse
1588 1476 153 55 prope
1672 1476 119 55 Deum.

1145 1513 71 47 4
1173 1513 200 47 Praeterea,
1330 1513 86 47 si
1373 1513 143 47 posset
1473 1513 128 47 fieri
1558 1513 171 47 nobilior
1687 1513 185 47 creatura,
1829 1513 114 47 quam
1886 1513 100 47 facta

1119 1550 119 51 sit,
1193 1550 119 51 tunc
1267 1550 148 51 mundus
1371 1550 104 51 non
1430 1550 133 51 esset
1519 1550 208 51 perfectus,
1683 1550 119 51 quia
1757 1550 119 51 sibi
1816 1550 163 51 deficeret

1116 1592 208 48 huiusmodi
1276 1592 272 48 perfectissima
1484 1592 160 48 creatura

1134 1623 74 58 3
1164 1623 192 58 Praeterea
1312 1623 89 58 3.
1356 1623 163 58 physic.
1475 1623 178 58 dicitur,
1608 1623 118 58 quod
1682 1623 148 58 quando
1786 1623 118 58 itur
1860 1623 89 58 ad
1889 1623 89 58 for-

1120 1669 114 58 mam
1185 1669 81 58 &
1217 1669 276 58 perfectionem,
1444 1669 130 58 tunc
1526 1669 179 58 quantum
1655 1669 195 58 conuenit
1801 1669 130 58 esse
1883 1669 97 58 in
1915 1669 65 58 po

1123 1708 171 55 tentia,
1248 1708 156 55 tantum
1357 1708 187 55 conuenit
1497 1708 78 55 &
1528 1708 93 55 in
1575 1708 140 55 actu;
1668 1708 109 55 cum
1731 1708 156 55 igitur
1840 1708 187 55 ascenden
1964 1708 47 55 t

1117 1745 101 58 do
1168 1745 101 58 ad
1218 1745 235 58 nobiliorem
1403 1745 218 58 creaturam
1571 1745 151 58 eatur
1672 1745 101 58 ad
1722 1745 168 58 formam
1840 1745 84 58 &
1857 1745 134 58 perfe-

1134 1783 170 54 ctionem,
1261 1783 113 54 ergo
1332 1783 85 54 si
1375 1783 142 54 posset
1474 1783 113 54 dari
1545 1783 184 54 nobilior,
1687 1783 113 54 ipsa
1757 1783 99 54 iam
1814 1783 113 54 actu
1871 1783 99 54 esset

1136 1822 81 56 e
1168 1822 228 56 Praeterea,
1347 1822 146 56 omnes
1445 1822 211 56 creaturae
1607 1822 244 56 continentur
1802 1822 114 56 sub
1851 1822 146 56 certis.

1127 1867 218 52 generibus:
1298 1867 109 52 sed
1361 1867 140 52 omnia
1454 1867 155 52 genera
1563 1867 124 52 sunt
1640 1867 171 52 finita,
1764 1867 124 52 ergo
1827 1867 155 52 repugnat

1124 1910 160 44 species
1241 1910 219 44 creaturarum
1416 1910 117 44 esse
1474 1910 175 44 infinitas.

1143 1941 77 57 3
1173 1941 216 57 Praeterea,
1343 1941 231 57 Richardus3.
1528 1941 93 57 de
1575 1941 108 57 tri
1636 1941 123 57 ait,
1713 1941 139 57 Sicut
1806 1941 170 57 humanmi
1914 1941 77 57 cor

1128 1986 119 51 poris
1207 1986 158 51 effigies
1326 1986 92 51 est
1378 1986 106 51 sinc
1444 1986 145 51 capite,
1550 1986 92 51 sic
1603 1986 198 51 vniuersitas
1761 1986 198 51 creaturarum
1906 1986 79 51 sine

1118 2031 248 46 nobilissima
1317 2031 215 46 creatura:
1482 2031 116 46 cum
1549 2031 132 46 ergo
1631 2031 215 46 vniuersum
1797 2031 116 46 non
1863 2031 165 46 debeat
1962 2031 50 46 c

1124 2067 157 40 carere
1234 2067 172 40 capite,
1359 2067 125 40 ergo
1438 2067 125 40 actu
1516 2067 141 40 habet
1610 2067 251 40 nobilissimam
1798 2067 188 40 creaturam.

1163 2100 105 45 Sed
1223 2100 135 45 istud
1313 2100 105 45 non
1372 2100 149 45 valet,
1477 2100 120 45 quia
1552 2100 90 45 si
1596 2100 209 45 repugnaret
1761 2100 135 45 posse
1851 2100 135 45 fieri
1925 2100 75 45 no-

1138 2140 169 48 iliorem
1260 2140 215 48 creaturam,
1429 2140 107 48 vel
1490 2140 138 48 talis
1583 2140 230 48 repugnantia
1767 2140 92 48 se
1813 2140 169 48 teneret
1920 2140 92 48 exrt

1135 2181 127 45 parte
1220 2181 198 45 creaturae,
1375 2181 99 45 vel
1432 2181 85 45 ex
1474 2181 127 45 parte
1559 2181 156 45 diuinae
1672 2181 198 45 potentiae.
1828 2181 99 45 Non
1885 2181 141 45 primo:
1970 2181 42 45 u

1134 2222 139 51 modo,
1226 2222 123 51 quia
1303 2222 108 51 hoc
1365 2222 139 51 solum
1457 2222 185 51 repugnat
1596 2222 92 51 ex
1642 2222 139 51 parte
1734 2222 216 51 creaturae,
1889 2222 92 51 quod

1135 2255 153 61 trahit
1242 2255 199 61 creaturam
1396 2255 138 61 extra
1488 2255 169 61 limites
1610 2255 215 61 creaturae:
1779 2255 107 61 sed
1825 2255 169 61 duplicare

1133 2296 215 60 nobilitatem
1305 2296 230 60 nobilissimae
1492 2296 201 60 creaturae,
1649 2296 100 60 vel
1707 2296 215 60 triplicare,
1879 2296 100 60 vel
1922 2296 72 60 quo

1130 2341 240 50 modocumque
1318 2341 291 50 multiplicare,
1558 2341 120 50 dum
1626 2341 154 50 solum
1729 2341 171 50 maneat
1849 2341 188 50 finita,

1128 2377 108 54 non
1189 2377 154 54 trahit
1297 2377 200 54 creaturam
1450 2377 246 54 extralimites
1650 2377 215 54 creaturae.
1819 2377 108 54 Nec
1880 2377 138 54 etiam

1121 2417 191 52 repugnat
1264 2417 96 52 ex
1312 2417 143 52 parte
1408 2417 207 52 potentiae
1567 2417 191 52 diuinae:
1710 2417 111 52 nam
1774 2417 111 52 cum
1838 2417 143 52 talis
1917 2417 80 52 po-

1124 2463 146 44 tentia
1227 2463 102 44 sit
1285 2463 117 44 idem
1358 2463 117 44 quod
1431 2463 146 44 diuina
1533 2463 190 44 essentia;
1679 2463 117 44 ipsa
1752 2463 102 44 est
1810 2463 204 44 illimitata
1956 2463 44 44 &

1131 2489 210 51 simpliciter
1285 2489 154 51 infinita.

1160 2534 102 48 Ad
1211 2534 171 48 primum
1331 2534 137 48 ergo
1416 2534 222 48 dicendum,
1587 2534 137 48 quod
1672 2534 239 48 similitudo
1860 2534 120 48 non
1912 2534 102 48 cur-

1134 2570 106 44 rit
1194 2570 106 44 per
1255 2570 136 44 omnes
1346 2570 152 44 pedes;
1452 2570 136 44 nulla
1543 2570 121 44 enim
1619 2570 212 44 similitudo
1786 2570 91 44 de
1816 2570 182 44 creaturis.

1144 2612 136 53 otest
1235 2612 91 53 ad
1280 2612 151 53 diuina
1386 2612 227 53 transserri,
1567 2612 121 53 quin
1643 2612 91 53 in
1688 2612 151 53 multis
1794 2612 212 53 claudicet.
1946 2612 61 53 In

1128 2654 108 36 hoc
1189 2654 123 36 ergo
1266 2654 108 36 est
1328 2654 169 36 simile,
1451 2654 123 36 quod
1528 2654 154 36 numeri
1636 2654 108 36 sic
1697 2654 200 36 procedunt
1851 2654 92 36 ab
1882 2654 123 36 vnita-

1122 2689 116 52 te,
1189 2689 132 52 quod
1271 2689 165 52 vnitas
1387 2689 231 52 tantummodo
1569 2689 116 52 est
1635 2689 198 52 simplex,
1783 2689 83 52 &
1816 2689 149 52 omnis
1899 2689 99 52 nume

1136 2731 112 50 cus
1200 2731 112 50 est
1264 2731 239 50 compositus,
1455 2731 80 50 &
1487 2731 159 50 quanto
1598 2731 175 50 numerus
1726 2731 112 50 est
1790 2731 239 50 propinquior

1130 2772 185 41 vnitati,
1268 2772 139 41 tanto
1361 2772 108 41 est
1423 2772 139 41 minus
1515 2772 232 41 compositus,
1701 2772 77 41 &
1732 2772 154 41 quanto
1840 2772 139 41 magis
1932 2772 93 41 ab

1141 2813 91 44 eo
1186 2813 167 44 distat,
1308 2813 137 44 tanto
1399 2813 106 44 est
1460 2813 213 44 compositor
1627 2813 152 44 Inthoc
1733 2813 152 44 tamen,
1839 2813 121 44 quod
1900 2813 91 44 ali-

1150 2850 108 48 uis
1211 2850 170 48 numerus
1335 2850 108 48 sic
1396 2850 185 48 respicit
1535 2850 201 48 vnitatem,
1689 2850 123 48 quod
1767 2850 139 48 inter
1859 2850 139 48 ipsum
1952 2850 77 48 &

1134 2891 188 45 vnitatem
1276 2891 110 45 non
1338 2891 157 45 cadit,
1448 2891 110 45 nec
1511 2891 157 45 cadere
1621 2891 157 45 potest
1731 2891 173 45 numerus
1857 2891 173 45 medius,

1137 2927 106 52 non
1197 2927 106 52 est
1258 2927 166 52 simile,
1378 2927 121 52 quia
1454 2927 196 52 quaelibet
1605 2927 181 52 creatura
1740 2927 241 52 quantumlibet
1922 2927 75 52 per

1129 2964 128 50 fecta
1214 2964 142 50 distat
1314 2964 85 50 in
1356 2964 185 50 infinitum
1498 2964 71 50 a
1527 2964 213 50 perfectione
1683 2964 128 50 diuina.

1179 2998 96 61 Ad
1227 2998 192 61 secundum
1371 2998 208 61 dicendum,
1531 2998 128 61 quod
1612 2998 144 61 talis
1708 2998 208 61 processus
1868 2998 96 61 in
1900 2998 112 61 infi-

1133 3027 142 71 nitum
1228 3027 110 71 non
1291 3027 110 71 est
1354 3027 252 71 impossibilis
1559 3027 142 71 modo,
1653 3027 110 71 quo
1716 3027 126 71 dixi
1795 3027 95 71 in
1827 3027 173 71 principio

1134 3083 149 44 istius
1239 3083 254 44 conclusionis:
1448 3083 120 44 Quia
1523 3083 135 44 autem
1612 3083 224 44 philosophus
1792 3083 135 44 dicit
1866 3083 120 44 statum

1135 3121 116 65 esse
1207 3121 101 65 per
1265 3121 87 65 se
1308 3121 87 65 in
1352 3121 203 65 predicatis
1511 3121 203 65 cuiuslibet
1671 3121 174 65 generis,
1801 3121 130 65 verum
1888 3121 101 65 est
1932 3121 72 65 se
