2426 3540
488 264 280 58 quantitatiuum
718 264 148 58 prout
816 264 115 58 sub
882 264 148 58 eadem
981 264 197 58 scientia
1129 264 164 58 cadunt
1227 264 132 58 plura,

486 313 102 50 vel
545 313 174 50 pauciora
675 313 189 50 scibilia;
820 313 160 50 ratione
937 313 131 50 cuius
1024 313 116 50 modi
1096 313 102 50 vna
1154 313 174 50 scientia
1270 313 73 50 po-

504 352 105 58 test
569 352 105 58 dici
635 352 170 58 aequalis,
766 352 92 58 uel
818 352 183 58 inaequalis
962 352 131 58 alteri
1054 352 170 58 scientie.
1185 352 92 58 Sic
1237 352 79 58 in
1263 352 79 58 pro-

508 392 143 44 posito
608 392 100 44 per
665 392 186 44 praedicta
808 392 100 44 nec
865 392 86 44 in
908 392 157 44 mensura
1022 392 186 44 angelica,
1165 392 100 44 nec
1222 392 86 44 in
1250 392 86 44 eius

491 432 202 52 duratione
647 432 186 52 arguitur
786 432 171 52 proprie
910 432 217 52 quantitas,
1081 432 171 52 quamuis
1205 432 124 52 bene
1267 432 78 52 ar-

496 468 166 57 guatur
613 468 166 57 quidem
729 468 150 57 modus
812 468 233 57 quantitatis.

527 504 99 55 Et
576 504 115 55 per
642 504 132 55 idem
724 504 148 55 patet
823 504 99 55 ad
872 504 313 55 confirmationem:
1136 504 115 55 nam
1185 504 148 55 duratio

501 556 159 54 ingeli
613 556 111 54 non
676 556 111 54 est
740 556 223 54 quantitas,
915 556 175 54 quamuis
1042 556 159 54 habeat
1154 556 143 54 modum
1234 556 111 54 quan

473 589 148 50 titatis.

533 605 175 66 Secundo
660 605 143 66 dico,
756 605 127 66 quod
836 605 143 66 aeuum
931 605 111 66 non
995 605 111 66 est
1058 605 96 66 in
1090 605 239 66 praedicamento

507 669 214 54 ualitatis,
675 669 76 54 &
705 669 168 54 quamuis
827 669 107 54 hoc
888 669 153 54 pateat
995 669 137 54 eadem
1087 669 183 54 ratione,
1224 669 107 54 qua
1270 669 76 54 pro

493 702 117 55 bata
567 702 102 55 est
625 702 190 55 conclusio
771 702 146 55 prima,
874 702 132 55 tamen
962 702 102 55 hoc
1020 702 132 55 probo
1093 702 88 55 sic.

524 741 79 51 1
556 741 158 51 Illud,
666 741 126 51 quod
745 741 189 51 mensurat
887 741 126 51 esse
966 741 79 51 &
997 741 221 51 durationem
1155 741 189 51 angelorum,

485 782 102 43 non
544 782 102 43 est
602 782 88 43 in
646 782 248 43 praedicamento
851 782 219 43 qualitatis,
1026 782 132 43 aeuum
1114 782 102 43 est
1158 782 175 43 huiusmodi-

495 826 135 43 Maior
585 826 150 43 patet,
690 826 105 43 nam
750 826 165 43 quamuis
870 826 165 43 aliquae
990 826 210 43 qualitates
1155 826 180 43 dicantur
1275 826 60 43 es

477 861 93 57 se
523 861 171 57 mensura
647 861 155 57 omnium
756 861 109 57 sui
818 861 202 57 propinqui
973 861 186 57 generis,
1112 861 93 57 vt
1159 861 155 57 albedo
1252 861 78 57 di-

482 899 161 46 citur.
594 899 96 46 10
643 899 161 46 metaph
755 899 177 46 mensura
884 899 161 46 omnium
996 899 193 46 colorum,
1141 899 145 46 nulli
1221 899 113 46 tamen

501 945 195 48 qualitati
651 945 180 48 conuenit
787 945 195 48 mensurare
937 945 105 48 ea,
997 945 120 48 quae
1072 945 120 48 sunt
1148 945 135 48 extra
1223 945 105 48 genus

493 978 217 57 qualitatis:
666 978 101 57 sed
724 978 116 57 esse
796 978 145 57 angeli
897 978 72 57 &
926 978 101 57 sua
984 978 217 57 perpetuitas
1158 978 101 57 non
1215 978 116 57 sunt
1273 978 58 57 de

500 1016 146 49 genere
588 1016 190 49 qualitatis.

527 1031 69 81 2
555 1031 193 81 Praeterea,
706 1031 110 81 quod
775 1031 83 81 in
816 1031 124 81 nulla
899 1031 138 81 specie
995 1031 193 81 qualitatis
1146 1031 110 81 est,
1215 1031 96 81 non
1256 1031 69 81 ess

484 1088 88 63 in
528 1088 146 63 genere
631 1088 220 63 qualitatis:
807 1088 117 63 quia
880 1088 132 63 omne,
968 1088 117 63 quod
1041 1088 103 63 est
1100 1088 88 63 in
1144 1088 146 63 aliquo
1231 1088 103 63 gene-

493 1127 98 60 re,
549 1127 98 60 est
605 1127 84 60 in
647 1127 140 60 aliqua
745 1127 140 60 illius
843 1127 154 60 generis
955 1127 154 60 specie:
1067 1127 98 60 Sed
1123 1127 126 60 aeuum
1207 1127 84 60 in
1235 1127 98 60 nulla

490 1170 146 58 specie
593 1170 205 58 qualitatis
754 1170 117 58 est.
827 1170 102 58 Non
885 1170 146 58 quidem
988 1170 88 58 in
1032 1170 146 58 prima:
1134 1170 117 58 quia
1192 1170 132 58 habitus

490 1205 69 61 &
518 1205 195 61 disposito,
671 1205 83 61 vt
712 1205 111 61 sunt
782 1205 83 61 in
824 1205 125 61 prima
907 1205 139 61 specie
1004 1205 208 61 qualitatis,
1171 1205 111 61 sunt
1241 1205 83 61 ab
1268 1205 56 61 at

494 1250 93 44 te,
547 1250 67 44 &
574 1250 80 44 in
614 1250 93 44 hoc
667 1250 173 44 differunt
800 1250 80 44 ab
840 1250 107 44 his,
907 1250 107 44 quae
974 1250 107 44 sunt
1041 1250 80 44 in
1081 1250 147 44 tertiam
1187 1250 133 44 specle
1267 1250 67 44 qua

475 1291 172 53 litatis:
604 1291 101 53 nam
661 1291 129 53 eadem
748 1291 101 53 res
805 1291 86 53 vt
848 1291 101 53 est
906 1291 86 53 ab
949 1291 129 53 arte,
1035 1291 101 53 seu
1092 1291 230 53 consuetudine
1265 1291 57 53 di

478 1318 115 67 citur
555 1318 154 67 habitus;
670 1318 77 67 si
709 1318 115 67 autem
785 1318 90 67 est
837 1318 64 67 a
862 1318 128 67 natura
952 1318 141 67 dicitur
1054 1318 179 67 passibilis
1182 1318 141 67 qualitas;

484 1368 90 45 Et
529 1368 136 45 eodem
620 1368 121 45 modo
695 1368 90 45 de
740 1368 241 45 dispositone,
936 1368 121 45 quae
1011 1368 106 45 est
1072 1368 90 45 in
1117 1368 136 45 prima
1192 1368 136 45 specie,

488 1409 174 47 passione
619 1409 116 47 quae
692 1409 102 47 est
750 1409 87 47 in
794 1409 145 47 tertia
895 1409 160 47 specie:
1011 1409 116 47 Cuum
1084 1409 131 47 autem
1171 1409 102 47 non
1229 1409 102 47 est
1273 1409 58 47 ab

474 1448 131 56 arte,
562 1448 161 56 sublata
679 1448 117 56 enim
752 1448 117 56 omni
825 1448 117 56 arte
898 1448 146 56 nostra
1000 1448 131 56 adhuc
1087 1448 131 56 aeuum
1175 1448 146 56 esset,
1263 1448 58 56 ci

473 1479 199 45 superiora
625 1479 107 45 non
687 1479 214 45 dependeant
855 1479 92 45 ab
900 1479 260 45 inferioribus.
1114 1479 107 45 Nec
1175 1479 92 45 in
1206 1479 122 45 secun-

475 1519 83 65 da
517 1519 69 65 &
544 1519 139 65 tertia
641 1519 152 65 specie;
752 1519 97 65 nam
808 1519 111 65 esse
877 1519 139 65 ipsius
974 1519 152 65 angeli,
1085 1519 97 65 cum
1140 1519 97 65 sit
1195 1519 111 65 esse
1251 1519 83 65 sub-

472 1557 207 61 stantiale,
635 1557 133 61 cuius
723 1557 162 61 mensura
841 1557 103 61 est
900 1557 133 61 ipsum
989 1557 148 61 aeuum,
1092 1557 103 61 est
1136 1557 192 61 naturaliter

485 1597 143 58 prius,
585 1597 115 58 quam
657 1597 100 58 sit
714 1597 100 58 sua
772 1597 186 58 naturalis
915 1597 172 58 potentia
1044 1597 86 58 ad
1087 1597 143 58 actum,
1188 1597 100 58 vel
1245 1597 115 58 quam

479 1633 100 60 sit
536 1633 201 60 quaecumque
694 1633 158 60 passio,
809 1633 100 60 vel
866 1633 201 60 passibilis
1024 1633 172 60 qualitas
1153 1633 172 60 existens
1268 1633 57 60 in

469 1670 116 64 ipso
542 1670 160 64 angelo:
658 1670 102 64 sed
717 1670 160 64 mensura
833 1670 102 64 est
891 1670 160 64 comaeua
1007 1670 203 64 mensurato.
1167 1670 102 64 Nec
1225 1670 131 64 etiam

465 1710 90 69 in
510 1710 165 69 quarta:
630 1710 120 69 quia
706 1710 135 69 forma
796 1710 75 69 &
826 1710 150 69 figura
931 1710 90 69 de
976 1710 150 69 quarta
1081 1710 150 69 specie
1172 1710 150 69 qualita-

475 1749 105 62 tis
535 1749 135 62 solum
625 1749 120 62 esse
699 1749 150 62 habent
804 1749 90 62 in
849 1749 135 62 rebus
924 1749 224 62 corporalibus.

522 1791 153 66 Tertio
629 1791 138 66 dico,
721 1791 123 66 quod
798 1791 138 66 aeuum
890 1791 107 66 non
951 1791 107 66 est
1012 1791 92 66 de
1058 1791 261 66 praedicamento
1257 1791 77 66 re-

465 1825 207 53 lationis,
624 1825 127 53 quia
704 1825 159 53 illud,
815 1825 127 53 quod
895 1825 191 53 secundum
1038 1825 96 53 se
1086 1825 143 53 habet
1166 1825 159 53 rationem

483 1877 191 50 mensurae,
630 1877 103 50 non
689 1877 103 50 est
747 1877 88 50 de
791 1877 249 50 praedicamento
996 1877 220 50 relationis;
1172 1877 132 50 aeuum
1246 1877 73 50 ess

470 1908 229 62 huiusmodi.
650 1908 180 62 minorem
781 1908 197 62 suppono,
929 1908 148 62 probo
1027 1908 197 62 maiorem,
1174 1908 131 62 quia
1240 1908 82 62 il-

472 1952 122 44 lud,
548 1952 122 44 quod
625 1952 168 44 proprie
747 1952 138 44 habet
839 1952 184 44 rationem
976 1952 199 44 mensurae,
1129 1952 107 44 hoc
1175 1952 138 44 adaequa

468 1991 102 62 tur
527 1991 205 62 mensurato:
688 1991 102 62 sed
746 1991 161 62 relatio
863 1991 102 62 non
922 1991 205 62 adaequatur
1083 1991 161 62 alicui,
1200 1991 102 62 sed
1244 1991 73 62 ess

477 2021 111 71 ipsa
547 2021 209 71 adaequatio,
714 2021 97 71 cum
769 2021 97 71 sit
825 2021 111 71 ipse
881 2021 83 71 ordo

513 2052 141 73 rorte
607 2052 188 73 dicetur,
749 2052 125 73 quod
827 2052 235 73 philosophus
1015 2052 78 73 s
1046 2052 157 73 metaph
1156 2052 141 73 ponit
1235 2052 78 73 ter

482 2092 128 70 sium
562 2092 144 70 modum
658 2092 239 70 relatiuorum
849 2092 96 70 se
897 2092 160 70 habere
1009 2092 128 70 modo
1089 2092 207 70 mensurae,
1232 2092 80 70 si-

473 2136 115 69 cut
538 2136 164 69 primus
653 2136 147 69 modus
751 2136 98 69 se
800 2136 147 69 habet
898 2136 131 69 modo
980 2136 180 69 numeri,
1111 2136 82 69 &
1144 2136 180 69 secudus
1259 2136 65 69 mo

470 2187 110 65 dus
533 2187 126 65 modo
612 2187 220 65 potentiae:
785 2187 126 65 ergo
863 2187 94 65 si
910 2187 141 65 aeuum
1005 2187 141 65 habet
1099 2187 189 65 rationem
1225 2187 94 65 men-

478 2224 125 53 urae,
561 2224 180 53 sequitur,
700 2224 111 53 quod
769 2224 97 53 sit
825 2224 83 53 de
867 2224 236 53 praedicamento
1061 2224 208 53 relationis,

519 2243 214 74 Respondeo,
687 2243 137 74 quod,
778 2243 92 74 vt
824 2243 137 74 patet
916 2243 92 74 in
962 2243 137 74 eodem
1053 2243 92 74 5.
1084 2243 229 74 metaphrelatio

469 2294 125 67 modo
547 2294 187 67 mensurae
688 2294 141 67 nihil
782 2294 141 67 ponit
876 2294 94 67 in
922 2294 187 67 mensura,
1063 2294 125 67 quod
1141 2294 172 67 spectet
1251 2294 62 67 ad

471 2343 135 53 genus
561 2343 224 53 relationis:
740 2343 105 53 Nam
800 2343 180 53 mensura,
935 2343 90 53 vt
980 2343 180 53 mensura,
1114 2343 105 53 non
1159 2343 150 53 refertui

468 2374 95 63 ad
516 2374 237 63 mensuratum,
706 2374 127 63 nisi
785 2374 127 63 quia
864 2374 206 63 econuerso
1022 2374 222 63 mensuratum
1180 2374 127 63 refer-

474 2425 105 54 tur
534 2425 90 54 ad
579 2425 180 54 mesuram,
713 2425 75 54 &
743 2425 120 54 ideo
818 2425 135 54 licet
908 2425 90 54 ex
953 2425 105 54 hoc
1013 2425 150 54 possit
1117 2425 165 54 haberi,
1222 2425 90 54 quod

470 2448 173 67 mensura
596 2448 110 67 sit
659 2448 205 67 relatiuum
816 2448 189 67 secundum
958 2448 142 67 dici,
1052 2448 110 67 non
1115 2448 142 67 tamen
1194 2448 110 67 secun

467 2495 106 55 dum
527 2495 136 55 esse,
618 2495 76 55 &
648 2495 106 55 per
709 2495 212 55 consequens
875 2495 106 55 non
935 2495 121 55 erit
1011 2495 91 55 in
1056 2495 257 55 praedicamento
1253 2495 60 55 re

476 2533 174 49 ationis;
606 2533 116 49 quia
678 2533 101 49 ea,
736 2533 116 49 quae
808 2533 116 49 sunt
881 2533 87 49 in
924 2533 246 49 praedicamento
1127 2533 217 49 relationis,

465 2570 122 64 sunt
541 2570 107 64 non
602 2570 138 64 solum
694 2570 92 64 ad
740 2570 168 64 aliquid
862 2570 184 64 secundum
1000 2570 138 64 dici,
1092 2570 107 64 sed
1153 2570 138 64 etiam
1230 2570 76 64 se-

478 2606 138 53 tundum
575 2606 125 53 esse.

509 2633 91 75 Et
554 2633 151 75 quarto
660 2633 136 75 dico,
751 2633 121 75 quod
826 2633 136 75 aeuum
917 2633 106 75 est
977 2633 91 75 in
1023 2633 257 75 praedicamento
1219 2633 91 75 sub-

461 2680 185 62 stantiae:
603 2680 100 62 Nam
660 2680 114 62 esse
731 2680 142 62 angeli
831 2680 100 62 est
887 2680 85 62 in
930 2680 242 62 praedicamento
1115 2680 199 62 substantiae;

467 2726 104 64 sed
527 2726 134 64 aeuum
616 2726 104 64 est
676 2726 134 64 idem,
766 2726 119 64 quod
840 2726 119 64 esse
915 2726 164 64 angeli,
1034 2726 119 64 ergo
1109 2726 90 64 &c
1154 2726 134 64 Maior
1228 2726 75 64 pa-

457 2765 113 61 tet:
527 2765 99 61 nam
584 2765 113 61 esse
655 2765 99 61 rei
711 2765 141 61 saltem
810 2765 99 61 per
866 2765 212 61 reductionem
1036 2765 99 61 est
1092 2765 85 61 in
1135 2765 127 61 eodem
1205 2765 99 61 prae-

463 2803 197 64 dicamento
615 2803 106 64 cum
675 2803 91 64 re
721 2803 137 64 cuius
812 2803 106 64 est
873 2803 137 64 esse;
964 2803 167 64 entitas
1085 2803 137 64 autem
1161 2803 152 64 angelica

464 2843 104 62 est
523 2843 89 62 in
568 2843 252 62 praedicamento
775 2843 237 62 substantiae,
968 2843 118 62 ergo
1042 2843 74 62 &
1071 2843 118 62 esse
1130 2843 178 62 angelicum,

453 2880 168 65 Minorem
575 2880 153 65 probo:
682 2880 107 65 nam
743 2880 137 65 sicut
834 2880 137 65 motus
926 2880 122 65 celi
1002 2880 92 65 vt
1048 2880 168 65 dicitur
1170 2880 137 65 actus
1246 2880 61 65 en

469 2924 100 44 tis
526 2924 85 44 in
568 2924 185 44 potentia,
711 2924 71 44 &
739 2924 85 44 vt
782 2924 100 44 est
839 2924 171 44 signatus
967 2924 171 44 secundum
1095 2924 128 44 prius
1180 2924 71 44 &
1194 2924 100 44 poste

462 2960 128 54 rius,
547 2960 99 54 non
604 2960 128 54 dicit
689 2960 128 54 aliam
774 2960 114 54 rem,
845 2960 156 54 quamuis
959 2960 128 54 dicat
1044 2960 128 54 aliam
1130 2960 71 54 &
1158 2960 128 54 aliam
1229 2960 71 54 ha-

464 3001 204 53 bitudibem
621 3001 172 53 eiusdem
746 3001 125 53 rei,
824 3001 78 53 &
856 3001 141 53 tamen
950 3001 141 53 primo
1044 3001 125 53 modo
1122 3001 172 53 dicitur
1231 3001 63 53 mo

464 3034 112 58 tus
528 3034 192 58 proprie,
672 3034 80 58 &
704 3034 176 58 secundo
832 3034 128 58 modo
913 3034 176 58 tempus,
1041 3034 80 58 &
1073 3034 112 58 per
1121 3034 176 58 consequen

458 3079 179 67 mensura
588 3079 81 67 &
620 3079 228 67 mensuratum
799 3079 244 67 conincidunt
995 3079 98 67 in
1044 3079 146 67 eadem
1141 3079 130 67 rem,
1206 3079 98 67 quam

1371 256 110 72 uis
1434 256 157 72 poenes
1544 256 142 72 aliam
1639 256 79 72 &
1670 256 142 72 aliam
1764 256 236 72 habitudinem
1953 256 189 72 sumptam;
2095 256 110 72 Sic
2142 256 94 72 esse

1384 320 233 57 cuiternorum,
1574 320 117 57 siue
1647 320 204 57 angelorum,
1807 320 102 57 est
1866 320 131 57 actus
1953 320 131 57 entis
2040 320 87 57 in
2084 320 117 57 actu
2143 320 87 57 secu

1376 342 111 67 dum
1440 342 127 67 quod
1519 342 111 67 est
1583 342 95 67 in
1630 342 143 67 actu,
1726 342 79 67 &
1757 342 127 67 idem
1837 342 127 67 esse
1916 342 254 67 consideratum
2123 342 95 67 vt
2155 342 79 67 est

1384 395 119 57 quid
1459 395 134 57 vnum,
1548 395 75 57 &
1578 395 149 57 simul,
1682 395 104 57 non
1742 395 194 57 signabile
1891 395 149 57 poenes
1995 395 134 57 prius
2085 395 75 57 &
2100 395 119 57 poste-

1381 442 112 49 tius
1451 442 154 49 dicitur
1563 442 140 49 aeuum,
1661 442 112 49 ergo
1731 442 126 49 aeuum
1814 442 168 49 realiter
1940 442 98 49 est
1996 442 126 49 idem,
2080 442 112 49 quod
2136 442 84 49 esse

1365 480 174 43 angeli,
1492 480 174 43 quamuis
1619 480 143 43 eadem
1714 480 111 43 res
1777 480 143 43 aliam
1872 480 79 43 &
1904 480 143 43 aliam
1999 480 206 43 concernat
2142 480 79 43 ha-

1370 512 193 48 bitudinem,
1522 512 83 48 vt
1563 512 152 48 dicitur
1674 512 124 48 esse,
1757 512 69 48 &
1784 512 83 48 vt
1826 512 152 48 dicitur
1936 512 138 48 aeuum;
2033 512 152 48 ratione
2129 512 83 48 qua-

1374 550 113 58 rum
1439 550 243 58 habitudinum
1633 550 162 58 aliquo
1746 550 129 58 modo
1827 550 226 58 formaliter
2005 550 210 58 differunt
2150 550 81 58 ae-

1377 588 104 58 aum
1436 588 74 58 &
1466 588 119 58 esse
1540 588 163 58 angeli,
1659 588 133 58 sicut
1748 588 133 58 etiam
1837 588 208 58 formaliter
2000 588 193 58 differunt
2133 588 89 58 tem-

1364 628 107 52 pus
1425 628 76 52 &
1455 628 138 52 motus
1532 628 107 52 caeli

1392 666 104 49 Sed
1452 666 104 49 hic
1511 666 149 49 posset
1616 666 164 49 aliquis
1735 666 179 49 instare,
1870 666 134 49 primo
1959 666 149 49 contra
2049 666 179 49 conclusio-

1366 715 123 46 nem,
1443 715 170 46 secundo
1566 715 154 46 contra
1674 715 201 46 rationem.
1828 715 154 46 Contra
1936 715 247 46 conclusionem
2121 715 93 46 sici

1382 751 82 48 1
1414 751 164 48 Illud,
1529 751 131 48 quod
1611 751 131 48 soli
1694 751 115 48 Deo
1759 751 181 48 proprie
1891 751 213 48 conuenit,
2055 751 115 48 non
2104 751 115 48 debet

1367 791 171 48 attribui
1495 791 171 48 angelis:
1623 791 100 48 sed
1680 791 142 48 solius
1780 791 100 48 Dei
1837 791 171 48 mensura,
1965 791 114 48 siue
2036 791 157 48 duratio
2136 791 71 48 ess

1363 820 137 53 idem,
1454 820 122 53 quod
1530 820 213 53 substantia
1697 820 122 53 sua,
1773 820 122 53 ergo
1849 820 198 53 angelorum
2001 820 182 53 duratio,
2123 820 91 53 siue

1362 862 168 51 mensura
1484 862 107 51 non
1545 862 153 51 potest
1652 862 122 51 esse
1728 862 137 51 eorum
1805 862 198 51 substantia,

1432 905 142 55 Contra
1531 905 156 55 maiorem
1645 905 199 55 praedictae
1802 905 171 55 rationis
1930 905 114 55 sic:
2001 905 114 55 esse
2072 905 156 55 differt
2171 905 43 55 a

1369 934 203 58 ubstantia,
1528 934 101 58 seu
1586 934 174 58 essentia
1716 934 87 58 in
1759 934 130 58 onini
1846 934 188 58 creatura,
1991 934 116 58 ergo
2063 934 116 58 esse
2121 934 101 58 ange-

1369 989 122 57 orum
1445 989 107 57 non
1506 989 168 57 poterit
1629 989 122 57 esse
1705 989 230 57 substantia,
1889 989 107 57 nec
1950 989 107 57 per
2012 989 214 57 consequens
2165 989 61 57 in

1359 1029 254 48 praedicamento
1568 1029 239 48 substantiae,
1762 1029 105 48 cum
1822 1029 164 48 angelus
1942 1029 105 48 sit
1987 1029 149 48 creatura

1440 1070 147 37 Contra
1543 1070 162 37 minorem
1661 1070 118 37 sic,
1735 1070 133 37 Causa
1823 1070 162 37 differt
1941 1070 177 37 realiter
2073 1070 74 37 a
2088 1070 118 37 causa-

1364 1089 106 67 to,
1424 1089 106 67 sed
1485 1089 166 67 mensura
1605 1089 106 67 est
1665 1089 136 67 causa
1756 1089 211 67 mensurati,
1922 1089 121 67 ergo
1997 1089 136 67 aeuum
2087 1089 106 67 cum
2133 1089 75 67 sit

1366 1144 151 48 mensura
1476 1144 110 48 esse
1545 1144 137 48 ipsius
1641 1144 151 48 angeli,
1750 1144 96 48 non
1805 1144 151 48 poterit
1915 1144 110 48 esse
1984 1144 137 48 idem,.
2080 1144 110 48 quod
2135 1144 82 48 esse

1370 1180 125 59 psius
1454 1180 153 59 angeli.
1565 1180 125 59 Maior
1648 1180 139 59 patet:
1746 1180 111 59 quia
1815 1180 125 59 nihil
1899 1180 139 59 potest
1996 1180 111 59 esse
2066 1180 125 59 causa
2135 1180 70 59 sui

1353 1211 163 63 ipsius.
1472 1211 163 63 Minorem
1590 1211 148 63 probo,
1694 1211 118 63 quia
1768 1211 237 63 certificatio
1960 1211 222 63 cognitionis
2123 1211 89 63 ali-

1359 1262 137 43 cuius
1450 1262 106 43 rei
1511 1262 167 43 proprie
1632 1262 106 43 fit
1693 1262 106 43 per
1754 1262 167 43 causam,
1876 1262 106 43 sed
1936 1262 106 43 per
1997 1262 182 43 mensuram
2119 1262 91 43 pro-

1360 1303 135 57 priam
1450 1303 239 57 certificamur
1644 1303 194 57 potissime
1794 1303 90 57 de
1838 1303 120 57 ipso
1913 1303 209 57 mensurato;
2077 1303 120 57 ergo
2137 1303 75 57 men

1364 1330 102 59 ura
1422 1330 102 59 est
1480 1330 131 59 causa
1567 1330 145 59 ipsius
1654 1330 160 59 mensurati

1381 1369 77 53 4
1411 1369 200 53 Preterea,
1565 1369 184 53 concessa
1703 1369 123 53 tota
1780 1369 184 53 ratione,
1918 1369 138 53 adhuc
2010 1369 108 53 non
2056 1369 154 53 sequitur

1365 1421 199 48 conclusio:
1521 1421 99 48 nam
1578 1421 156 48 secudum
1691 1421 85 48 te
1734 1421 142 48 motus,
1834 1421 142 48 actio,
1933 1421 71 48 &
1961 1421 156 48 passio,
2075 1421 114 48 sunt
2132 1421 85 48 idem

1353 1458 91 52 re
1398 1458 168 52 aliter,
1520 1458 76 52 &
1551 1458 137 52 solum
1642 1458 198 52 differunt
1795 1458 183 52 secundum
1932 1458 137 52 aliam
2023 1458 76 52 &
2054 1458 137 52 aliam
2130 1458 76 52 ha-

1362 1497 210 48 bitudinem,
1527 1497 75 48 &
1557 1497 135 48 tamen
1647 1497 120 48 sunt
1722 1497 90 48 in
1767 1497 180 48 diuersis
1901 1497 285 48 praedicamentis;
2141 1497 105 48 nam

1362 1534 132 53 motus
1451 1534 103 53 est
1509 1534 88 53 in
1553 1534 250 53 praedicamento
1759 1534 118 53 rei,
1833 1534 88 53 ad
1877 1534 118 53 quam
1950 1534 103 53 est
2009 1534 147 53 motus,
2112 1534 74 53 &
2127 1534 88 53 idem

1362 1574 135 57 motus
1452 1574 105 57 sub
1512 1574 105 57 hac
1572 1574 210 57 habitudine
1737 1574 90 57 vt
1782 1574 105 57 est
1841 1574 90 57 ab
1886 1574 150 57 agente
1991 1574 105 57 est
2051 1574 90 57 in
2081 1574 135 57 praedi-

1359 1613 164 51 camento
1478 1613 194 51 actionis,
1627 1613 89 51 vt
1672 1613 134 51 autem
1761 1613 194 51 recipitur
1910 1613 89 51 in
1955 1613 194 51 patiente,
2104 1613 104 51 est
2148 1613 60 51 in

1364 1651 247 51 praedicamento
1567 1651 203 51 passionis.
1726 1651 102 51 Sic
1784 1651 87 51 in
1828 1651 203 51 proposito,
1987 1651 131 51 dato,
2074 1651 116 51 quod
2132 1651 87 51 esse

1353 1691 195 51 angelorum
1503 1691 105 51 sit
1563 1691 90 51 in
1608 1691 255 51 praedicamento
1818 1691 240 51 substantiae,
2013 1691 90 51 vt
2043 1691 165 51 assumitur

1363 1732 77 50 n
1393 1732 169 50 maiori,
1516 1732 77 50 &
1547 1732 123 50 quod
1624 1732 123 50 euum
1701 1732 108 50 sit
1762 1732 184 50 realiter
1901 1732 123 50 idem
1977 1732 123 50 quod
2054 1732 123 50 esse
2116 1732 92 50 ange

1360 1770 145 49 lorum,
1461 1770 87 49 vt
1504 1770 159 49 dicitur
1620 1770 87 49 in
1663 1770 159 49 minori,
1779 1770 159 49 propter
1895 1770 130 49 tamen
1982 1770 130 49 aliam
2068 1770 72 49 &
2097 1770 145 49 aliam.

1351 1795 236 66 habitudinem,
1543 1795 118 66 quam
1617 1795 207 66 formaliter
1780 1795 192 66 concernit
1927 1795 118 66 esse
2001 1795 89 66 vt
2046 1795 118 66 esse
2119 1795 118 66 est,

1361 1840 111 56 euum
1430 1840 83 56 vt
1472 1840 125 56 aeuum
1555 1840 111 56 est,
1624 1840 152 56 poterit
1735 1840 111 56 esse
1804 1840 83 56 in
1845 1840 166 56 diuersis
1970 1840 263 56 praedicamentis,

1357 1889 79 33 3
1389 1889 221 33 Praeterea,
1562 1889 95 33 tu
1609 1889 110 33 met
1672 1889 205 33 concedis,
1830 1889 126 33 quod
1909 1889 142 33 aeuum
2003 1889 110 33 non
2066 1889 110 33 sit
2113 1889 95 33 sub-

1355 1917 186 58 stantia,
1495 1917 124 58 ergo
1573 1917 124 58 erit
1651 1917 202 58 accidens,
1806 1917 78 58 &
1837 1917 109 58 per
1899 1917 218 58 consequens
2070 1917 109 58 non
2117 1917 93 58 erit

1360 1964 71 57 n
1388 1964 243 57 praedicamento
1588 1964 228 57 substantiae:
1774 1964 114 57 quia
1845 1964 100 57 ait
1902 1964 214 57 AIpharabius
2074 1964 86 57 in
2102 1964 100 57 libro

1350 1992 88 65 de
1394 1992 118 65 ortu
1468 1992 236 65 scientiarum,
1660 1992 133 65 Scias
1748 1992 133 65 nihil
1837 1992 118 65 esse
1910 1992 162 65 praeter
2013 1992 192 65 substantiam

1347 2029 76 60 &
1377 2029 182 60 accidens
1513 2029 76 60 &
1544 2029 197 60 creatorem
1695 2029 227 60 substantiae
1877 2029 76 60 &
1907 2029 212 60 accidentis
2059 2029 136 60 benedi-

1348 2070 110 52 ctum
1417 2070 83 52 in
1458 2070 151 52 saecula

1388 2091 97 83 Ad
1436 2091 161 83 primum
1549 2091 194 83 dicedum,
1695 2091 129 83 quod
1775 2091 129 83 toto
1856 2091 226 83 svllogismo
2017 2091 178 83 concesso,

1348 2155 105 59 non
1408 2155 120 59 plus
1483 2155 240 59 concluditur,
1678 2155 120 59 nisi
1753 2155 120 59 quod
1827 2155 135 59 aeuum
1917 2155 105 59 non
1977 2155 105 59 sit
2037 2155 165 59 directe
2142 2155 60 59 in

1350 2193 236 58 predicamento
1542 2193 236 58 substantiae,
1733 2193 88 58 eo
1778 2193 118 58 quod
1851 2193 103 58 non
1910 2193 177 58 recipiat
2028 2193 162 58 praedica-

1341 2238 152 49 tionem
1447 2238 243 49 substantiae:
1644 2238 91 49 ex
1690 2238 106 49 hoc
1750 2238 136 49 autem
1841 2238 182 49 inferre,
1978 2238 121 49 quod
2054 2238 136 49 nullo
2129 2238 61 49 mo

1348 2266 85 66 do
1390 2266 99 66 sit
1447 2266 85 66 in
1490 2266 241 66 praedicamento
1688 2266 227 66 substantiae,
1872 2266 99 66 est
1929 2266 99 66 non
1985 2266 128 66 solum
2056 2266 142 66 fallacia

1346 2314 279 51 consequentis,
1575 2314 115 51 sed
1641 2314 148 51 etiam
1739 2314 197 51 secundum
1887 2314 131 51 quid
1969 2314 263 51 simpliciter,

1351 2350 117 54 Vnde
1425 2350 132 54 sicut
1512 2350 102 54 non
1571 2350 146 54 valet,
1673 2350 161 54 punctus
1790 2350 102 54 non
1849 2350 102 54 est
1907 2350 205 54 quantitas,
2068 2350 117 54 ergo
2127 2350 73 54 non

1342 2379 101 69 est
1399 2379 86 69 in
1442 2379 244 69 praedicamento
1643 2379 230 69 quantitatis,
1830 2379 101 69 sic
1887 2379 86 69 in
1930 2379 187 69 proposito
2074 2379 101 69 non
2117 2379 72 69 va-

1344 2421 114 70 let,
1415 2421 128 70 aeuum
1500 2421 100 70 non
1557 2421 100 70 est
1614 2421 214 70 substantia,
1785 2421 114 70 ergo
1856 2421 100 70 non
1913 2421 100 70 est
1970 2421 85 70 in
1999 2421 199 70 praedicamen-

1340 2457 80 54 to
1366 2457 188 54 substantiae.

1384 2479 101 88 Ad
1435 2479 202 88 secundum
1586 2479 202 88 dicendum
1737 2479 151 88 eodem
1838 2479 151 88 modo.
1939 2479 134 88 Vnde
2006 2479 185 88 sciendum,

1354 2553 116 49 quod
1426 2553 159 49 aliquid
1541 2553 145 49 potest
1643 2553 116 49 esse
1715 2553 87 49 in
1758 2553 231 49 predicamento
1946 2553 217 49 substantiae
2105 2553 87 49 quin

1338 2585 105 52 que
1398 2585 150 52 modis.
1503 2585 135 52 Primo
1594 2585 105 52 per
1654 2585 90 52 se
1699 2585 75 52 &
1729 2585 180 52 directe,
1864 2585 75 52 &
1894 2585 90 52 de
1939 2585 120 52 tali
2000 2585 195 52 praedicatur

1347 2631 210 51 ubstantia,
1512 2631 120 51 quae
1587 2631 105 51 est
1647 2631 150 51 genus,
1752 2631 120 51 siue
1826 2631 285 51 praedicamentum.
2051 2631 135 51 Secundo

1346 2666 123 59 modo,
1428 2666 123 59 sicut
1511 2666 205 59 essentiales
1675 2666 137 59 partes
1771 2666 137 59 illius
1866 2666 219 59 substantiae,
2044 2666 110 59 quae
2099 2666 96 59 dire-

1349 2698 100 65 cte
1406 2698 100 65 est
1463 2698 86 65 in
1506 2698 244 65 praedicamento
1707 2698 229 65 substantiae,
1893 2698 115 65 puta
1965 2698 158 65 materia
2079 2698 72 65 &
2094 2698 100 65 forma

1346 2733 245 69 ubstantialis,
1547 2733 72 69 &
1576 2733 86 69 de
1619 2733 101 69 his
1677 2733 101 69 non
1734 2733 202 69 predicatur
1893 2733 216 69 substantia,
2065 2733 115 69 quae
2123 2733 72 69 est

1342 2785 147 55 genus,
1445 2785 103 55 sed
1504 2785 221 55 substantia,
1680 2785 118 55 quae
1754 2785 103 55 est
1813 2785 191 55 analogum.
1960 2785 147 55 Tertio
2063 2785 118 55 modo
2121 2785 74 55 il-

1337 2818 116 60 lud,
1409 2818 101 60 per
1467 2818 116 60 quod
1539 2818 159 60 existit
1654 2818 217 60 substantia,
1828 2818 116 60 puta
1900 2818 130 60 ipsum
1987 2818 116 60 esse
2045 2818 144 60 substan-

1340 2862 125 61 tiae,
1424 2862 84 61 de
1465 2862 111 61 isto
1535 2862 98 61 nec
1591 2862 195 61 predicatur
1744 2862 209 61 substantia,
1911 2862 111 61 quae
1981 2862 98 61 est
2037 2862 139 61 genus,
2120 2862 70 61 nec

1341 2891 219 67 substantia,
1517 2891 117 67 quae
1590 2891 190 67 analogum;
1736 2891 132 67 sicut
1824 2891 102 67 nec
1883 2891 190 67 quantitas
2029 2891 88 67 de
2058 2891 132 67 puncto.

1347 2931 150 60 Quarto
1452 2931 180 60 habitudo
1587 2931 165 60 fundata
1707 2931 135 60 super
1796 2931 210 60 substantia
1961 2931 105 60 rei
2006 2931 180 60 perpetuae,

1342 2982 119 55 icut
1417 2982 119 55 nunc
1491 2982 134 55 aeui.
1581 2982 149 55 Quinto
1685 2982 179 55 habitudo
1819 2982 164 55 fundata
1939 2982 134 55 super
2028 2982 119 55 esse
2088 2982 104 55 huius

1339 3019 126 55 modi
1418 3019 251 55 substantiae,
1622 3019 78 55 &
1653 3019 110 55 hoc
1716 3019 126 55 modo
1795 3019 141 55 ipsum
1889 3019 141 55 aeuum
1983 3019 204 55 reducitur
2124 3019 63 55 ad

1331 3043 271 62 predicamentum
1539 3043 223 62 substantiae.

1381 3084 97 64 Ad
1429 3084 178 64 tertium
1559 3084 211 64 dicendum,
1721 3084 130 64 quod
1803 3084 162 64 causa,
1916 3084 81 64 &
1949 3084 195 64 causatum
2078 3084 114 64 quan
