<?xml version="1.0" encoding="UTF-8"?>
<alto xmlns:xsi="http://www.w3.org/2001/XMLSchema-instance"
      xmlns="http://www.loc.gov/standards/alto/ns-v2#"
      xmlns:page="http://schema.primaresearch.org/PAGE/gts/pagecontent/2013-07-15"
      xsi:schemaLocation="http://www.loc.gov/standards/alto/ns-v2# http://www.loc.gov/standards/alto/alto.xsd">
   <Description>
      <MeasurementUnit>pixel</MeasurementUnit>
      <OCRProcessing ID="IdOcr">
         <ocrProcessingStep>
            <processingDateTime>2020-10-28T20:23:18.623-04:00</processingDateTime>
            <processingSoftware>
               <softwareCreator>READ COOP</softwareCreator>
               <softwareName>Transkribus</softwareName>
            </processingSoftware>
         </ocrProcessingStep>
      </OCRProcessing>
   </Description>
   <Tags/>
   <Layout>
      <Page ID="Page1" PHYSICAL_IMG_NR="1" HEIGHT="3521" WIDTH="2407">
         <TopMargin HEIGHT="0" WIDTH="2407" VPOS="0" HPOS="0"/>
         <LeftMargin HEIGHT="3521" WIDTH="0" VPOS="0" HPOS="0"/>
         <RightMargin HEIGHT="3521" WIDTH="0" VPOS="0" HPOS="2407"/>
         <BottomMargin HEIGHT="0" WIDTH="2407" VPOS="3521" HPOS="0"/>
         <PrintSpace HEIGHT="3521" WIDTH="2407" VPOS="0" HPOS="0">
            <TextBlock ID="TextRegion_1602687930580_779"
                       HEIGHT="2961"
                       WIDTH="894"
                       VPOS="202"
                       HPOS="236">
               <Shape>
                  <Polygon POINTS="236,202 1130,202 1130,3010 1130,3163 236,3163"/>
               </Shape>
               <TextLine ID="r1l4"
                         BASELINE="309"
                         HEIGHT="63"
                         WIDTH="860"
                         VPOS="246"
                         HPOS="248">
                  <String HEIGHT="63"
                          WIDTH="136"
                          VPOS="246"
                          HPOS="233"
                          CONTENT="doque"/>
                  <SP HEIGHT="63" WIDTH="15" VPOS="246" HPOS="369"/>
                  <String HEIGHT="63"
                          WIDTH="181"
                          VPOS="246"
                          HPOS="323"
                          CONTENT="sumuntur"/>
                  <SP HEIGHT="63" WIDTH="15" VPOS="246" HPOS="504"/>
                  <String HEIGHT="63"
                          WIDTH="136"
                          VPOS="246"
                          HPOS="459"
                          CONTENT="penes"/>
                  <SP HEIGHT="63" WIDTH="15" VPOS="246" HPOS="595"/>
                  <String HEIGHT="63"
                          WIDTH="121"
                          VPOS="246"
                          HPOS="550"
                          CONTENT="rem,"/>
                  <SP HEIGHT="63" WIDTH="15" VPOS="246" HPOS="670"/>
                  <String HEIGHT="63" WIDTH="106" VPOS="246" HPOS="625" CONTENT="ita"/>
                  <SP HEIGHT="63" WIDTH="15" VPOS="246" HPOS="731"/>
                  <String HEIGHT="63"
                          WIDTH="121"
                          VPOS="246"
                          HPOS="686"
                          CONTENT="quod"/>
                  <SP HEIGHT="63" WIDTH="15" VPOS="246" HPOS="806"/>
                  <String HEIGHT="63" WIDTH="106" VPOS="246" HPOS="761" CONTENT="res"/>
                  <SP HEIGHT="63" WIDTH="15" VPOS="246" HPOS="867"/>
                  <String HEIGHT="63" WIDTH="106" VPOS="246" HPOS="821" CONTENT="est"/>
                  <SP HEIGHT="63" WIDTH="15" VPOS="246" HPOS="927"/>
                  <String HEIGHT="63"
                          WIDTH="136"
                          VPOS="246"
                          HPOS="882"
                          CONTENT="causa"/>
                  <SP HEIGHT="63" WIDTH="15" VPOS="246" HPOS="1017"/>
                  <String HEIGHT="63"
                          WIDTH="121"
                          VPOS="246"
                          HPOS="972"
                          CONTENT="rei;"/>
                  <SP HEIGHT="63" WIDTH="15" VPOS="246" HPOS="1093"/>
                  <String HEIGHT="63" WIDTH="75" VPOS="246" HPOS="1033" CONTENT="ali"/>
               </TextLine>
               <TextLine ID="r1l6"
                         BASELINE="355"
                         HEIGHT="52"
                         WIDTH="848"
                         VPOS="303"
                         HPOS="265">
                  <String HEIGHT="52"
                          WIDTH="160"
                          VPOS="303"
                          HPOS="249"
                          CONTENT="quando"/>
                  <SP HEIGHT="52" WIDTH="16" VPOS="303" HPOS="409"/>
                  <String HEIGHT="52"
                          WIDTH="144"
                          VPOS="303"
                          HPOS="361"
                          CONTENT="penes"/>
                  <SP HEIGHT="52" WIDTH="16" VPOS="303" HPOS="505"/>
                  <String HEIGHT="52"
                          WIDTH="256"
                          VPOS="303"
                          HPOS="457"
                          CONTENT="habitudinem,"/>
                  <SP HEIGHT="52" WIDTH="16" VPOS="303" HPOS="713"/>
                  <String HEIGHT="52" WIDTH="112" VPOS="303" HPOS="665" CONTENT="ita"/>
                  <SP HEIGHT="52" WIDTH="16" VPOS="303" HPOS="777"/>
                  <String HEIGHT="52"
                          WIDTH="128"
                          VPOS="303"
                          HPOS="729"
                          CONTENT="quod"/>
                  <SP HEIGHT="52" WIDTH="16" VPOS="303" HPOS="857"/>
                  <String HEIGHT="52" WIDTH="96" VPOS="303" HPOS="809" CONTENT="in"/>
                  <SP HEIGHT="52" WIDTH="16" VPOS="303" HPOS="905"/>
                  <String HEIGHT="52"
                          WIDTH="144"
                          VPOS="303"
                          HPOS="857"
                          CONTENT="eadem"/>
                  <SP HEIGHT="52" WIDTH="16" VPOS="303" HPOS="1001"/>
                  <String HEIGHT="52" WIDTH="96" VPOS="303" HPOS="953" CONTENT="re"/>
                  <SP HEIGHT="52" WIDTH="16" VPOS="303" HPOS="1049"/>
                  <String HEIGHT="52"
                          WIDTH="112"
                          VPOS="303"
                          HPOS="1001"
                          CONTENT="vna"/>
                  <SP HEIGHT="52" WIDTH="16" VPOS="303" HPOS="1113"/>
                  <String HEIGHT="52" WIDTH="64" VPOS="303" HPOS="1049" CONTENT="ha"/>
               </TextLine>
               <TextLine ID="r1l8"
                         BASELINE="389"
                         HEIGHT="48"
                         WIDTH="854"
                         VPOS="341"
                         HPOS="252">
                  <String HEIGHT="48"
                          WIDTH="155"
                          VPOS="341"
                          HPOS="236"
                          CONTENT="bitudo"/>
                  <SP HEIGHT="48" WIDTH="16" VPOS="341" HPOS="392"/>
                  <String HEIGHT="48" WIDTH="109" VPOS="341" HPOS="345" CONTENT="est"/>
                  <SP HEIGHT="48" WIDTH="16" VPOS="341" HPOS="454"/>
                  <String HEIGHT="48"
                          WIDTH="140"
                          VPOS="341"
                          HPOS="407"
                          CONTENT="causa"/>
                  <SP HEIGHT="48" WIDTH="16" VPOS="341" HPOS="547"/>
                  <String HEIGHT="48"
                          WIDTH="186"
                          VPOS="341"
                          HPOS="500"
                          CONTENT="alterius"/>
                  <SP HEIGHT="48" WIDTH="16" VPOS="341" HPOS="687"/>
                  <String HEIGHT="48"
                          WIDTH="248"
                          VPOS="341"
                          HPOS="640"
                          CONTENT="habitudinis."/>
                  <SP HEIGHT="48" WIDTH="16" VPOS="341" HPOS="889"/>
                  <String HEIGHT="48"
                          WIDTH="140"
                          VPOS="341"
                          HPOS="842"
                          CONTENT="Primo"/>
                  <SP HEIGHT="48" WIDTH="16" VPOS="341" HPOS="982"/>
                  <String HEIGHT="48"
                          WIDTH="124"
                          VPOS="341"
                          HPOS="935"
                          CONTENT="modo"/>
                  <SP HEIGHT="48" WIDTH="16" VPOS="341" HPOS="1059"/>
                  <String HEIGHT="48"
                          WIDTH="109"
                          VPOS="341"
                          HPOS="997"
                          CONTENT="causa"/>
               </TextLine>
               <TextLine ID="r1l11"
                         BASELINE="433"
                         HEIGHT="49"
                         WIDTH="858"
                         VPOS="384"
                         HPOS="252">
                  <String HEIGHT="49" WIDTH="81" VPOS="384" HPOS="236" CONTENT="&amp;"/>
                  <SP HEIGHT="49" WIDTH="16" VPOS="384" HPOS="317"/>
                  <String HEIGHT="49"
                          WIDTH="194"
                          VPOS="384"
                          HPOS="268"
                          CONTENT="causatum"/>
                  <SP HEIGHT="49" WIDTH="16" VPOS="384" HPOS="462"/>
                  <String HEIGHT="49"
                          WIDTH="210"
                          VPOS="384"
                          HPOS="414"
                          CONTENT="differunt"/>
                  <SP HEIGHT="49" WIDTH="16" VPOS="384" HPOS="624"/>
                  <String HEIGHT="49"
                          WIDTH="210"
                          VPOS="384"
                          HPOS="576"
                          CONTENT="realiter."/>
                  <SP HEIGHT="49" WIDTH="16" VPOS="384" HPOS="786"/>
                  <String HEIGHT="49"
                          WIDTH="178"
                          VPOS="384"
                          HPOS="738"
                          CONTENT="Secundo"/>
                  <SP HEIGHT="49" WIDTH="16" VPOS="384" HPOS="916"/>
                  <String HEIGHT="49"
                          WIDTH="146"
                          VPOS="384"
                          HPOS="867"
                          CONTENT="modo,"/>
                  <SP HEIGHT="49" WIDTH="16" VPOS="384" HPOS="1013"/>
                  <String HEIGHT="49" WIDTH="113" VPOS="384" HPOS="964" CONTENT="non"/>
                  <SP HEIGHT="49" WIDTH="16" VPOS="384" HPOS="1078"/>
                  <String HEIGHT="49"
                          WIDTH="97"
                          VPOS="384"
                          HPOS="1013"
                          CONTENT="opor"/>
               </TextLine>
               <TextLine ID="r1l14"
                         BASELINE="460"
                         HEIGHT="42"
                         WIDTH="846"
                         VPOS="418"
                         HPOS="257">
                  <String HEIGHT="42"
                          WIDTH="111"
                          VPOS="418"
                          HPOS="243"
                          CONTENT="tet,"/>
                  <SP HEIGHT="42" WIDTH="14" VPOS="418" HPOS="354"/>
                  <String HEIGHT="42"
                          WIDTH="111"
                          VPOS="418"
                          HPOS="312"
                          CONTENT="quod"/>
                  <SP HEIGHT="42" WIDTH="14" VPOS="418" HPOS="423"/>
                  <String HEIGHT="42"
                          WIDTH="180"
                          VPOS="418"
                          HPOS="382"
                          CONTENT="differant"/>
                  <SP HEIGHT="42" WIDTH="14" VPOS="418" HPOS="562"/>
                  <String HEIGHT="42"
                          WIDTH="180"
                          VPOS="418"
                          HPOS="521"
                          CONTENT="realiter:"/>
                  <SP HEIGHT="42" WIDTH="14" VPOS="418" HPOS="701"/>
                  <String HEIGHT="42" WIDTH="97" VPOS="418" HPOS="659" CONTENT="sed"/>
                  <SP HEIGHT="42" WIDTH="14" VPOS="418" HPOS="756"/>
                  <String HEIGHT="42"
                          WIDTH="180"
                          VPOS="418"
                          HPOS="715"
                          CONTENT="sufficit,"/>
                  <SP HEIGHT="42" WIDTH="14" VPOS="418" HPOS="895"/>
                  <String HEIGHT="42"
                          WIDTH="111"
                          VPOS="418"
                          HPOS="853"
                          CONTENT="quod"/>
                  <SP HEIGHT="42" WIDTH="14" VPOS="418" HPOS="964"/>
                  <String HEIGHT="42"
                          WIDTH="180"
                          VPOS="418"
                          HPOS="923"
                          CONTENT="differant"/>
                  <SP HEIGHT="42" WIDTH="14" VPOS="418" HPOS="1103"/>
                  <String HEIGHT="42" WIDTH="55" VPOS="418" HPOS="1048" CONTENT="ha"/>
               </TextLine>
               <TextLine ID="r1l17"
                         BASELINE="504"
                         HEIGHT="45"
                         WIDTH="845"
                         VPOS="459"
                         HPOS="255">
                  <String HEIGHT="45"
                          WIDTH="282"
                          VPOS="459"
                          HPOS="239"
                          CONTENT="bitudinaliter,"/>
                  <SP HEIGHT="45" WIDTH="16" VPOS="459" HPOS="521"/>
                  <String HEIGHT="45" WIDTH="110" VPOS="459" HPOS="474" CONTENT="seu"/>
                  <SP HEIGHT="45" WIDTH="16" VPOS="459" HPOS="584"/>
                  <String HEIGHT="45"
                          WIDTH="219"
                          VPOS="459"
                          HPOS="537"
                          CONTENT="modaliter,"/>
                  <SP HEIGHT="45" WIDTH="16" VPOS="459" HPOS="756"/>
                  <String HEIGHT="45" WIDTH="110" VPOS="459" HPOS="709" CONTENT="vel"/>
                  <SP HEIGHT="45" WIDTH="16" VPOS="459" HPOS="818"/>
                  <String HEIGHT="45"
                          WIDTH="156"
                          VPOS="459"
                          HPOS="771"
                          CONTENT="aliquo"/>
                  <SP HEIGHT="45" WIDTH="16" VPOS="459" HPOS="928"/>
                  <String HEIGHT="45"
                          WIDTH="125"
                          VPOS="459"
                          HPOS="881"
                          CONTENT="modo"/>
                  <SP HEIGHT="45" WIDTH="16" VPOS="459" HPOS="1006"/>
                  <String HEIGHT="45"
                          WIDTH="156"
                          VPOS="459"
                          HPOS="944"
                          CONTENT="formali"
                          SUBS_TYPE="HypPart1"
                          SUBS_CONTENT="formaliter."/>
                  <HYP CONTENT="-"/>
               </TextLine>
               <TextLine ID="r1l19"
                         BASELINE="552"
                         HEIGHT="55"
                         WIDTH="853"
                         VPOS="497"
                         HPOS="255">
                  <String HEIGHT="55"
                          WIDTH="122"
                          VPOS="497"
                          HPOS="240"
                          CONTENT="ter."
                          SUBS_TYPE="HypPart2"
                          SUBS_CONTENT="formaliter."/>
                  <SP HEIGHT="55" WIDTH="15" VPOS="497" HPOS="362"/>
                  <String HEIGHT="55"
                          WIDTH="168"
                          VPOS="497"
                          HPOS="316"
                          CONTENT="Propter"/>
                  <SP HEIGHT="55" WIDTH="15" VPOS="497" HPOS="483"/>
                  <String HEIGHT="55"
                          WIDTH="122"
                          VPOS="497"
                          HPOS="438"
                          CONTENT="quod"/>
                  <SP HEIGHT="55" WIDTH="15" VPOS="497" HPOS="560"/>
                  <String HEIGHT="55"
                          WIDTH="137"
                          VPOS="497"
                          HPOS="514"
                          CONTENT="licet"/>
                  <SP HEIGHT="55" WIDTH="15" VPOS="497" HPOS="651"/>
                  <String HEIGHT="55"
                          WIDTH="137"
                          VPOS="497"
                          HPOS="605"
                          CONTENT="actio"/>
                  <SP HEIGHT="55" WIDTH="15" VPOS="497" HPOS="742"/>
                  <String HEIGHT="55" WIDTH="76" VPOS="497" HPOS="697" CONTENT="&amp;"/>
                  <SP HEIGHT="55" WIDTH="15" VPOS="497" HPOS="773"/>
                  <String HEIGHT="55"
                          WIDTH="152"
                          VPOS="497"
                          HPOS="727"
                          CONTENT="passio"/>
                  <SP HEIGHT="55" WIDTH="15" VPOS="497" HPOS="880"/>
                  <String HEIGHT="55"
                          WIDTH="152"
                          VPOS="497"
                          HPOS="834"
                          CONTENT="dicant"/>
                  <SP HEIGHT="55" WIDTH="15" VPOS="497" HPOS="986"/>
                  <String HEIGHT="55"
                          WIDTH="152"
                          VPOS="497"
                          HPOS="940"
                          CONTENT="eandem"/>
                  <SP HEIGHT="55" WIDTH="15" VPOS="497" HPOS="1093"/>
                  <String HEIGHT="55" WIDTH="76" VPOS="497" HPOS="1032" CONTENT="re;"/>
               </TextLine>
               <TextLine ID="r1l22"
                         BASELINE="579"
                         HEIGHT="42"
                         WIDTH="851"
                         VPOS="537"
                         HPOS="246">
                  <String HEIGHT="42"
                          WIDTH="132"
                          VPOS="537"
                          HPOS="231"
                          CONTENT="inlib"/>
                  <SP HEIGHT="42" WIDTH="15" VPOS="537" HPOS="363"/>
                  <String HEIGHT="42"
                          WIDTH="132"
                          VPOS="537"
                          HPOS="319"
                          CONTENT="tamen"/>
                  <SP HEIGHT="42" WIDTH="15" VPOS="537" HPOS="451"/>
                  <String HEIGHT="42" WIDTH="88" VPOS="537" HPOS="407" CONTENT="7."/>
                  <SP HEIGHT="42" WIDTH="15" VPOS="537" HPOS="495"/>
                  <String HEIGHT="42"
                          WIDTH="235"
                          VPOS="537"
                          HPOS="451"
                          CONTENT="principiorum"/>
                  <SP HEIGHT="42" WIDTH="15" VPOS="537" HPOS="686"/>
                  <String HEIGHT="42"
                          WIDTH="147"
                          VPOS="537"
                          HPOS="642"
                          CONTENT="passio"/>
                  <SP HEIGHT="42" WIDTH="15" VPOS="537" HPOS="789"/>
                  <String HEIGHT="42"
                          WIDTH="161"
                          VPOS="537"
                          HPOS="745"
                          CONTENT="dicitur"/>
                  <SP HEIGHT="42" WIDTH="15" VPOS="537" HPOS="906"/>
                  <String HEIGHT="42"
                          WIDTH="191"
                          VPOS="537"
                          HPOS="862"
                          CONTENT="cffectus,"/>
                  <SP HEIGHT="42" WIDTH="15" VPOS="537" HPOS="1053"/>
                  <String HEIGHT="42"
                          WIDTH="117"
                          VPOS="537"
                          HPOS="1009"
                          CONTENT="illa"/>
                  <SP HEIGHT="42" WIDTH="15" VPOS="537" HPOS="1126"/>
                  <String HEIGHT="42" WIDTH="29" VPOS="537" HPOS="1068" CONTENT=""/>
               </TextLine>
               <TextLine ID="r1l24"
                         BASELINE="621"
                         HEIGHT="46"
                         WIDTH="856"
                         VPOS="575"
                         HPOS="250">
                  <String HEIGHT="46"
                          WIDTH="150"
                          VPOS="575"
                          HPOS="235"
                          CONTENT="tioque"/>
                  <SP HEIGHT="46" WIDTH="15" VPOS="575" HPOS="385"/>
                  <String HEIGHT="46"
                          WIDTH="180"
                          VPOS="575"
                          HPOS="340"
                          CONTENT="actionis"/>
                  <SP HEIGHT="46" WIDTH="15" VPOS="575" HPOS="520"/>
                  <String HEIGHT="46"
                          WIDTH="165"
                          VPOS="575"
                          HPOS="475"
                          CONTENT="ratione"/>
                  <SP HEIGHT="46" WIDTH="15" VPOS="575" HPOS="640"/>
                  <String HEIGHT="46"
                          WIDTH="180"
                          VPOS="575"
                          HPOS="595"
                          CONTENT="alterius"/>
                  <SP HEIGHT="46" WIDTH="15" VPOS="575" HPOS="776"/>
                  <String HEIGHT="46" WIDTH="75" VPOS="575" HPOS="731" CONTENT="&amp;"/>
                  <SP HEIGHT="46" WIDTH="15" VPOS="575" HPOS="806"/>
                  <String HEIGHT="46"
                          WIDTH="180"
                          VPOS="575"
                          HPOS="761"
                          CONTENT="alterius"/>
                  <SP HEIGHT="46" WIDTH="15" VPOS="575" HPOS="941"/>
                  <String HEIGHT="46"
                          WIDTH="240"
                          VPOS="575"
                          HPOS="896"
                          CONTENT="habitudinis,"/>
                  <SP HEIGHT="46" WIDTH="15" VPOS="575" HPOS="1136"/>
                  <String HEIGHT="46" WIDTH="30" VPOS="575" HPOS="1076" CONTENT=""/>
               </TextLine>
               <TextLine ID="r1l28"
                         BASELINE="666"
                         HEIGHT="54"
                         WIDTH="305"
                         VPOS="612"
                         HPOS="252">
                  <String HEIGHT="54" WIDTH="112" VPOS="612" HPOS="236" CONTENT="sic"/>
                  <SP HEIGHT="54" WIDTH="16" VPOS="612" HPOS="348"/>
                  <String HEIGHT="54" WIDTH="96" VPOS="612" HPOS="300" CONTENT="in"/>
                  <SP HEIGHT="54" WIDTH="16" VPOS="612" HPOS="396"/>
                  <String HEIGHT="54"
                          WIDTH="209"
                          VPOS="612"
                          HPOS="348"
                          CONTENT="proposito"/>
                  <SP HEIGHT="54" WIDTH="16" VPOS="612" HPOS="557"/>
                  <String HEIGHT="54" WIDTH="64" VPOS="612" HPOS="493" CONTENT="&amp;c"/>
               </TextLine>
               <TextLine ID="r1l30"
                         BASELINE="699"
                         HEIGHT="51"
                         WIDTH="801"
                         VPOS="648"
                         HPOS="300">
                  <String HEIGHT="51" WIDTH="96" VPOS="648" HPOS="284" CONTENT="Ad"/>
                  <SP HEIGHT="51" WIDTH="16" VPOS="648" HPOS="380"/>
                  <String HEIGHT="51"
                          WIDTH="176"
                          VPOS="648"
                          HPOS="332"
                          CONTENT="quartum"/>
                  <SP HEIGHT="51" WIDTH="16" VPOS="648" HPOS="508"/>
                  <String HEIGHT="51"
                          WIDTH="208"
                          VPOS="648"
                          HPOS="460"
                          CONTENT="dicendum,"/>
                  <SP HEIGHT="51" WIDTH="16" VPOS="648" HPOS="668"/>
                  <String HEIGHT="51"
                          WIDTH="128"
                          VPOS="648"
                          HPOS="620"
                          CONTENT="quod"/>
                  <SP HEIGHT="51" WIDTH="16" VPOS="648" HPOS="749"/>
                  <String HEIGHT="51" WIDTH="112" VPOS="648" HPOS="701" CONTENT="non"/>
                  <SP HEIGHT="51" WIDTH="16" VPOS="648" HPOS="813"/>
                  <String HEIGHT="51" WIDTH="112" VPOS="648" HPOS="765" CONTENT="est"/>
                  <SP HEIGHT="51" WIDTH="16" VPOS="648" HPOS="877"/>
                  <String HEIGHT="51"
                          WIDTH="160"
                          VPOS="648"
                          HPOS="829"
                          CONTENT="simile"/>
                  <SP HEIGHT="51" WIDTH="16" VPOS="648" HPOS="989"/>
                  <String HEIGHT="51" WIDTH="96" VPOS="648" HPOS="941" CONTENT="de"/>
                  <SP HEIGHT="51" WIDTH="16" VPOS="648" HPOS="1037"/>
                  <String HEIGHT="51"
                          WIDTH="128"
                          VPOS="648"
                          HPOS="973"
                          CONTENT="habitu"/>
               </TextLine>
               <TextLine ID="r1l32"
                         BASELINE="732"
                         HEIGHT="38"
                         WIDTH="851"
                         VPOS="694"
                         HPOS="246">
                  <String HEIGHT="38"
                          WIDTH="164"
                          VPOS="694"
                          HPOS="231"
                          CONTENT="dinibus"/>
                  <SP HEIGHT="38" WIDTH="15" VPOS="694" HPOS="395"/>
                  <String HEIGHT="38"
                          WIDTH="179"
                          VPOS="694"
                          HPOS="351"
                          CONTENT="fundatis"/>
                  <SP HEIGHT="38" WIDTH="15" VPOS="694" HPOS="530"/>
                  <String HEIGHT="38" WIDTH="90" VPOS="694" HPOS="485" CONTENT="in"/>
                  <SP HEIGHT="38" WIDTH="15" VPOS="694" HPOS="574"/>
                  <String HEIGHT="38"
                          WIDTH="134"
                          VPOS="694"
                          HPOS="530"
                          CONTENT="rebus"/>
                  <SP HEIGHT="38" WIDTH="15" VPOS="694" HPOS="664"/>
                  <String HEIGHT="38"
                          WIDTH="254"
                          VPOS="694"
                          HPOS="619"
                          CONTENT="praedicamenti"/>
                  <SP HEIGHT="38" WIDTH="15" VPOS="694" HPOS="873"/>
                  <String HEIGHT="38"
                          WIDTH="239"
                          VPOS="694"
                          HPOS="828"
                          CONTENT="substantiae,"/>
                  <SP HEIGHT="38" WIDTH="15" VPOS="694" HPOS="1067"/>
                  <String HEIGHT="38" WIDTH="75" VPOS="694" HPOS="1022" CONTENT="&amp;"/>
                  <SP HEIGHT="38" WIDTH="15" VPOS="694" HPOS="1097"/>
                  <String HEIGHT="38" WIDTH="60" VPOS="694" HPOS="1037" CONTENT="di"/>
               </TextLine>
               <TextLine ID="r1l34"
                         BASELINE="779"
                         HEIGHT="46"
                         WIDTH="845"
                         VPOS="733"
                         HPOS="250">
                  <String HEIGHT="46"
                          WIDTH="276"
                          VPOS="733"
                          HPOS="234"
                          CONTENT="habitudinibus"/>
                  <SP HEIGHT="46" WIDTH="16" VPOS="733" HPOS="510"/>
                  <String HEIGHT="46"
                          WIDTH="195"
                          VPOS="733"
                          HPOS="461"
                          CONTENT="fundatis"/>
                  <SP HEIGHT="46" WIDTH="16" VPOS="733" HPOS="656"/>
                  <String HEIGHT="46" WIDTH="98" VPOS="733" HPOS="608" CONTENT="in"/>
                  <SP HEIGHT="46" WIDTH="16" VPOS="733" HPOS="705"/>
                  <String HEIGHT="46"
                          WIDTH="276"
                          VPOS="733"
                          HPOS="656"
                          CONTENT="accidentibus;"/>
                  <SP HEIGHT="46" WIDTH="16" VPOS="733" HPOS="933"/>
                  <String HEIGHT="46" WIDTH="114" VPOS="733" HPOS="884" CONTENT="nam"/>
                  <SP HEIGHT="46" WIDTH="16" VPOS="733" HPOS="998"/>
                  <String HEIGHT="46"
                          WIDTH="163"
                          VPOS="733"
                          HPOS="933"
                          CONTENT="habitudo"/>
               </TextLine>
               <TextLine ID="r1l37"
                         BASELINE="812"
                         HEIGHT="43"
                         WIDTH="848"
                         VPOS="769"
                         HPOS="257">
                  <String HEIGHT="43"
                          WIDTH="208"
                          VPOS="769"
                          HPOS="241"
                          CONTENT="adueniens"/>
                  <SP HEIGHT="43" WIDTH="16" VPOS="769" HPOS="449"/>
                  <String HEIGHT="43" WIDTH="112" VPOS="769" HPOS="401" CONTENT="rei"/>
                  <SP HEIGHT="43" WIDTH="16" VPOS="769" HPOS="513"/>
                  <String HEIGHT="43" WIDTH="96" VPOS="769" HPOS="465" CONTENT="de"/>
                  <SP HEIGHT="43" WIDTH="16" VPOS="769" HPOS="561"/>
                  <String HEIGHT="43"
                          WIDTH="272"
                          VPOS="769"
                          HPOS="513"
                          CONTENT="praedicamento"/>
                  <SP HEIGHT="43" WIDTH="16" VPOS="769" HPOS="785"/>
                  <String HEIGHT="43"
                          WIDTH="224"
                          VPOS="769"
                          HPOS="737"
                          CONTENT="accidentis"/>
                  <SP HEIGHT="43" WIDTH="16" VPOS="769" HPOS="961"/>
                  <String HEIGHT="43"
                          WIDTH="160"
                          VPOS="769"
                          HPOS="913"
                          CONTENT="potest"/>
                  <SP HEIGHT="43" WIDTH="16" VPOS="769" HPOS="1073"/>
                  <String HEIGHT="43"
                          WIDTH="112"
                          VPOS="769"
                          HPOS="1025"
                          CONTENT="eam"/>
                  <SP HEIGHT="43" WIDTH="16" VPOS="769" HPOS="1137"/>
                  <String HEIGHT="43" WIDTH="32" VPOS="769" HPOS="1073" CONTENT=""/>
               </TextLine>
               <TextLine ID="r1l40"
                         BASELINE="862"
                         HEIGHT="51"
                         WIDTH="835"
                         VPOS="811"
                         HPOS="262">
                  <String HEIGHT="51"
                          WIDTH="186"
                          VPOS="811"
                          HPOS="247"
                          CONTENT="reponere"/>
                  <SP HEIGHT="51" WIDTH="15" VPOS="811" HPOS="432"/>
                  <String HEIGHT="51" WIDTH="93" VPOS="811" HPOS="386" CONTENT="in"/>
                  <SP HEIGHT="51" WIDTH="15" VPOS="811" HPOS="478"/>
                  <String HEIGHT="51"
                          WIDTH="124"
                          VPOS="811"
                          HPOS="432"
                          CONTENT="alio"/>
                  <SP HEIGHT="51" WIDTH="15" VPOS="811" HPOS="556"/>
                  <String HEIGHT="51"
                          WIDTH="263"
                          VPOS="811"
                          HPOS="509"
                          CONTENT="predicamento,"/>
                  <SP HEIGHT="51" WIDTH="15" VPOS="811" HPOS="772"/>
                  <String HEIGHT="51" WIDTH="108" VPOS="811" HPOS="726" CONTENT="cum"/>
                  <SP HEIGHT="51" WIDTH="15" VPOS="811" HPOS="834"/>
                  <String HEIGHT="51"
                          WIDTH="124"
                          VPOS="811"
                          HPOS="788"
                          CONTENT="sint"/>
                  <SP HEIGHT="51" WIDTH="15" VPOS="811" HPOS="911"/>
                  <String HEIGHT="51"
                          WIDTH="139"
                          VPOS="811"
                          HPOS="865"
                          CONTENT="plura"/>
                  <SP HEIGHT="51" WIDTH="15" VPOS="811" HPOS="1004"/>
                  <String HEIGHT="51"
                          WIDTH="155"
                          VPOS="811"
                          HPOS="942"
                          CONTENT="predica"
                          SUBS_TYPE="HypPart1"
                          SUBS_CONTENT="predicamenta"/>
                  <HYP CONTENT="-"/>
               </TextLine>
               <TextLine ID="r1l43"
                         BASELINE="892"
                         HEIGHT="41"
                         WIDTH="843"
                         VPOS="851"
                         HPOS="258">
                  <String HEIGHT="41"
                          WIDTH="141"
                          VPOS="851"
                          HPOS="242"
                          CONTENT="menta"
                          SUBS_TYPE="HypPart2"
                          SUBS_CONTENT="predicamenta"/>
                  <SP HEIGHT="41" WIDTH="16" VPOS="851" HPOS="383"/>
                  <String HEIGHT="41"
                          WIDTH="250"
                          VPOS="851"
                          HPOS="336"
                          CONTENT="accidentium,"/>
                  <SP HEIGHT="41" WIDTH="16" VPOS="851" HPOS="586"/>
                  <String HEIGHT="41" WIDTH="109" VPOS="851" HPOS="539" CONTENT="sed"/>
                  <SP HEIGHT="41" WIDTH="16" VPOS="851" HPOS="648"/>
                  <String HEIGHT="41"
                          WIDTH="187"
                          VPOS="851"
                          HPOS="601"
                          CONTENT="habitudo"/>
                  <SP HEIGHT="41" WIDTH="16" VPOS="851" HPOS="789"/>
                  <String HEIGHT="41"
                          WIDTH="203"
                          VPOS="851"
                          HPOS="742"
                          CONTENT="adueniens"/>
                  <SP HEIGHT="41" WIDTH="16" VPOS="851" HPOS="945"/>
                  <String HEIGHT="41" WIDTH="109" VPOS="851" HPOS="898" CONTENT="rei"/>
                  <SP HEIGHT="41" WIDTH="16" VPOS="851" HPOS="1007"/>
                  <String HEIGHT="41" WIDTH="94" VPOS="851" HPOS="961" CONTENT="de"/>
                  <SP HEIGHT="41" WIDTH="16" VPOS="851" HPOS="1054"/>
                  <String HEIGHT="41"
                          WIDTH="109"
                          VPOS="851"
                          HPOS="992"
                          CONTENT="prae"
                          SUBS_TYPE="HypPart1"
                          SUBS_CONTENT="praedicamento"/>
                  <HYP CONTENT="-"/>
               </TextLine>
               <TextLine ID="r1l46"
                         BASELINE="935"
                         HEIGHT="43"
                         WIDTH="848"
                         VPOS="892"
                         HPOS="257">
                  <String HEIGHT="43"
                          WIDTH="208"
                          VPOS="892"
                          HPOS="241"
                          CONTENT="dicamento"
                          SUBS_TYPE="HypPart2"
                          SUBS_CONTENT="praedicamento"/>
                  <SP HEIGHT="43" WIDTH="16" VPOS="892" HPOS="449"/>
                  <String HEIGHT="43"
                          WIDTH="240"
                          VPOS="892"
                          HPOS="401"
                          CONTENT="substantiae"/>
                  <SP HEIGHT="43" WIDTH="16" VPOS="892" HPOS="641"/>
                  <String HEIGHT="43" WIDTH="112" VPOS="892" HPOS="593" CONTENT="non"/>
                  <SP HEIGHT="43" WIDTH="16" VPOS="892" HPOS="705"/>
                  <String HEIGHT="43"
                          WIDTH="160"
                          VPOS="892"
                          HPOS="657"
                          CONTENT="potest"/>
                  <SP HEIGHT="43" WIDTH="16" VPOS="892" HPOS="817"/>
                  <String HEIGHT="43" WIDTH="112" VPOS="892" HPOS="769" CONTENT="eam"/>
                  <SP HEIGHT="43" WIDTH="16" VPOS="892" HPOS="881"/>
                  <String HEIGHT="43"
                          WIDTH="192"
                          VPOS="892"
                          HPOS="833"
                          CONTENT="reponere"/>
                  <SP HEIGHT="43" WIDTH="16" VPOS="892" HPOS="1025"/>
                  <String HEIGHT="43" WIDTH="96" VPOS="892" HPOS="977" CONTENT="in"/>
                  <SP HEIGHT="43" WIDTH="16" VPOS="892" HPOS="1073"/>
                  <String HEIGHT="43"
                          WIDTH="96"
                          VPOS="892"
                          HPOS="1009"
                          CONTENT="alio"/>
               </TextLine>
               <TextLine ID="r1l48"
                         BASELINE="977"
                         HEIGHT="44"
                         WIDTH="850"
                         VPOS="933"
                         HPOS="255">
                  <String HEIGHT="44"
                          WIDTH="289"
                          VPOS="933"
                          HPOS="239"
                          CONTENT="praedicamento,"/>
                  <SP HEIGHT="44" WIDTH="16" VPOS="933" HPOS="528"/>
                  <String HEIGHT="44"
                          WIDTH="128"
                          VPOS="933"
                          HPOS="480"
                          CONTENT="quia"/>
                  <SP HEIGHT="44" WIDTH="16" VPOS="933" HPOS="608"/>
                  <String HEIGHT="44" WIDTH="112" VPOS="933" HPOS="560" CONTENT="non"/>
                  <SP HEIGHT="44" WIDTH="16" VPOS="933" HPOS="672"/>
                  <String HEIGHT="44"
                          WIDTH="160"
                          VPOS="933"
                          HPOS="624"
                          CONTENT="potest"/>
                  <SP HEIGHT="44" WIDTH="16" VPOS="933" HPOS="784"/>
                  <String HEIGHT="44" WIDTH="112" VPOS="933" HPOS="736" CONTENT="eam"/>
                  <SP HEIGHT="44" WIDTH="16" VPOS="933" HPOS="848"/>
                  <String HEIGHT="44"
                          WIDTH="192"
                          VPOS="933"
                          HPOS="800"
                          CONTENT="reponere"/>
                  <SP HEIGHT="44" WIDTH="16" VPOS="933" HPOS="993"/>
                  <String HEIGHT="44" WIDTH="96" VPOS="933" HPOS="945" CONTENT="in"/>
                  <SP HEIGHT="44" WIDTH="16" VPOS="933" HPOS="1041"/>
                  <String HEIGHT="44"
                          WIDTH="128"
                          VPOS="933"
                          HPOS="977"
                          CONTENT="aliquo"/>
               </TextLine>
               <TextLine ID="r1l50"
                         BASELINE="1015"
                         HEIGHT="50"
                         WIDTH="833"
                         VPOS="965"
                         HPOS="260">
                  <String HEIGHT="50"
                          WIDTH="262"
                          VPOS="965"
                          HPOS="245"
                          CONTENT="praedicamento"/>
                  <SP HEIGHT="50" WIDTH="15" VPOS="965" HPOS="507"/>
                  <String HEIGHT="50"
                          WIDTH="231"
                          VPOS="965"
                          HPOS="461"
                          CONTENT="accidentis:"/>
                  <SP HEIGHT="50" WIDTH="15" VPOS="965" HPOS="692"/>
                  <String HEIGHT="50"
                          WIDTH="123"
                          VPOS="965"
                          HPOS="646"
                          CONTENT="quia"/>
                  <SP HEIGHT="50" WIDTH="15" VPOS="965" HPOS="769"/>
                  <String HEIGHT="50"
                          WIDTH="139"
                          VPOS="965"
                          HPOS="723"
                          CONTENT="sicut"/>
                  <SP HEIGHT="50" WIDTH="15" VPOS="965" HPOS="862"/>
                  <String HEIGHT="50"
                          WIDTH="185"
                          VPOS="965"
                          HPOS="815"
                          CONTENT="habitudo"/>
                  <SP HEIGHT="50" WIDTH="15" VPOS="965" HPOS="1000"/>
                  <String HEIGHT="50"
                          WIDTH="154"
                          VPOS="965"
                          HPOS="939"
                          CONTENT="aduenien"/>
               </TextLine>
               <TextLine ID="r1l52"
                         BASELINE="1054"
                         HEIGHT="45"
                         WIDTH="844"
                         VPOS="1009"
                         HPOS="251">
                  <String HEIGHT="45"
                          WIDTH="211"
                          VPOS="1009"
                          HPOS="235"
                          CONTENT="accidenti"/>
                  <SP HEIGHT="45" WIDTH="16" VPOS="1009" HPOS="446"/>
                  <String HEIGHT="45"
                          WIDTH="179"
                          VPOS="1009"
                          HPOS="397"
                          CONTENT="numquam"/>
                  <SP HEIGHT="45" WIDTH="16" VPOS="1009" HPOS="576"/>
                  <String HEIGHT="45"
                          WIDTH="179"
                          VPOS="1009"
                          HPOS="527"
                          CONTENT="reponit"/>
                  <SP HEIGHT="45" WIDTH="16" VPOS="1009" HPOS="705"/>
                  <String HEIGHT="45"
                          WIDTH="146"
                          VPOS="1009"
                          HPOS="657"
                          CONTENT="ipsum"/>
                  <SP HEIGHT="45" WIDTH="16" VPOS="1009" HPOS="803"/>
                  <String HEIGHT="45" WIDTH="97" VPOS="1009" HPOS="754" CONTENT="in"/>
                  <SP HEIGHT="45" WIDTH="16" VPOS="1009" HPOS="852"/>
                  <String HEIGHT="45"
                          WIDTH="276"
                          VPOS="1009"
                          HPOS="803"
                          CONTENT="praedicamento"/>
                  <SP HEIGHT="45" WIDTH="16" VPOS="1009" HPOS="1079"/>
                  <String HEIGHT="45"
                          WIDTH="81"
                          VPOS="1009"
                          HPOS="1014"
                          CONTENT="sut"/>
               </TextLine>
               <TextLine ID="r1l55"
                         BASELINE="1097"
                         HEIGHT="50"
                         WIDTH="853"
                         VPOS="1047"
                         HPOS="250">
                  <String HEIGHT="50"
                          WIDTH="185"
                          VPOS="1047"
                          HPOS="236"
                          CONTENT="stantiae,"/>
                  <SP HEIGHT="50" WIDTH="14" VPOS="1047" HPOS="421"/>
                  <String HEIGHT="50"
                          WIDTH="100"
                          VPOS="1047"
                          HPOS="378"
                          CONTENT="sic"/>
                  <SP HEIGHT="50" WIDTH="14" VPOS="1047" HPOS="477"/>
                  <String HEIGHT="50"
                          WIDTH="100"
                          VPOS="1047"
                          HPOS="435"
                          CONTENT="nec"/>
                  <SP HEIGHT="50" WIDTH="14" VPOS="1047" HPOS="534"/>
                  <String HEIGHT="50"
                          WIDTH="199"
                          VPOS="1047"
                          HPOS="492"
                          CONTENT="econuerso:"/>
                  <SP HEIGHT="50" WIDTH="14" VPOS="1047" HPOS="691"/>
                  <String HEIGHT="50"
                          WIDTH="100"
                          VPOS="1047"
                          HPOS="648"
                          CONTENT="nec"/>
                  <SP HEIGHT="50" WIDTH="14" VPOS="1047" HPOS="748"/>
                  <String HEIGHT="50"
                          WIDTH="142"
                          VPOS="1047"
                          HPOS="705"
                          CONTENT="potest"/>
                  <SP HEIGHT="50" WIDTH="14" VPOS="1047" HPOS="847"/>
                  <String HEIGHT="50"
                          WIDTH="100"
                          VPOS="1047"
                          HPOS="804"
                          CONTENT="eam"/>
                  <SP HEIGHT="50" WIDTH="14" VPOS="1047" HPOS="904"/>
                  <String HEIGHT="50"
                          WIDTH="171"
                          VPOS="1047"
                          HPOS="861"
                          CONTENT="reponere"/>
                  <SP HEIGHT="50" WIDTH="14" VPOS="1047" HPOS="1032"/>
                  <String HEIGHT="50" WIDTH="85" VPOS="1047" HPOS="989" CONTENT="in"/>
                  <SP HEIGHT="50" WIDTH="14" VPOS="1047" HPOS="1075"/>
                  <String HEIGHT="50"
                          WIDTH="85"
                          VPOS="1047"
                          HPOS="1018"
                          CONTENT="alio"/>
               </TextLine>
               <TextLine ID="r1l57"
                         BASELINE="1135"
                         HEIGHT="44"
                         WIDTH="845"
                         VPOS="1091"
                         HPOS="258">
                  <String HEIGHT="44"
                          WIDTH="261"
                          VPOS="1091"
                          HPOS="243"
                          CONTENT="praedicamento"/>
                  <SP HEIGHT="44" WIDTH="15" VPOS="1091" HPOS="504"/>
                  <String HEIGHT="44"
                          WIDTH="246"
                          VPOS="1091"
                          HPOS="458"
                          CONTENT="substantiae,"/>
                  <SP HEIGHT="44" WIDTH="15" VPOS="1091" HPOS="704"/>
                  <String HEIGHT="44"
                          WIDTH="108"
                          VPOS="1091"
                          HPOS="657"
                          CONTENT="sic"/>
                  <SP HEIGHT="44" WIDTH="15" VPOS="1091" HPOS="765"/>
                  <String HEIGHT="44"
                          WIDTH="108"
                          VPOS="1091"
                          HPOS="719"
                          CONTENT="nec"/>
                  <SP HEIGHT="44" WIDTH="15" VPOS="1091" HPOS="826"/>
                  <String HEIGHT="44"
                          WIDTH="200"
                          VPOS="1091"
                          HPOS="780"
                          CONTENT="econuerso"/>
                  <SP HEIGHT="44" WIDTH="15" VPOS="1091" HPOS="980"/>
                  <String HEIGHT="44"
                          WIDTH="154"
                          VPOS="1091"
                          HPOS="934"
                          CONTENT="potest"/>
                  <SP HEIGHT="44" WIDTH="15" VPOS="1091" HPOS="1088"/>
                  <String HEIGHT="44"
                          WIDTH="77"
                          VPOS="1091"
                          HPOS="1026"
                          CONTENT="eam"/>
               </TextLine>
               <TextLine ID="r1l59"
                         BASELINE="1174"
                         HEIGHT="44"
                         WIDTH="846"
                         VPOS="1130"
                         HPOS="259">
                  <String HEIGHT="44"
                          WIDTH="178"
                          VPOS="1130"
                          HPOS="244"
                          CONTENT="reponere"/>
                  <SP HEIGHT="44" WIDTH="15" VPOS="1130" HPOS="422"/>
                  <String HEIGHT="44" WIDTH="89" VPOS="1130" HPOS="378" CONTENT="in"/>
                  <SP HEIGHT="44" WIDTH="15" VPOS="1130" HPOS="467"/>
                  <String HEIGHT="44"
                          WIDTH="119"
                          VPOS="1130"
                          HPOS="422"
                          CONTENT="alio"/>
                  <SP HEIGHT="44" WIDTH="15" VPOS="1130" HPOS="541"/>
                  <String HEIGHT="44"
                          WIDTH="252"
                          VPOS="1130"
                          HPOS="496"
                          CONTENT="praedicamento"/>
                  <SP HEIGHT="44" WIDTH="15" VPOS="1130" HPOS="749"/>
                  <String HEIGHT="44"
                          WIDTH="237"
                          VPOS="1130"
                          HPOS="704"
                          CONTENT="substantiae,"/>
                  <SP HEIGHT="44" WIDTH="15" VPOS="1130" HPOS="942"/>
                  <String HEIGHT="44"
                          WIDTH="104"
                          VPOS="1130"
                          HPOS="897"
                          CONTENT="cum"/>
                  <SP HEIGHT="44" WIDTH="15" VPOS="1130" HPOS="1001"/>
                  <String HEIGHT="44"
                          WIDTH="104"
                          VPOS="1130"
                          HPOS="957"
                          CONTENT="sit"/>
                  <SP HEIGHT="44" WIDTH="15" VPOS="1130" HPOS="1060"/>
                  <String HEIGHT="44"
                          WIDTH="104"
                          VPOS="1130"
                          HPOS="1001"
                          CONTENT="solum"/>
               </TextLine>
               <TextLine ID="r1l62"
                         BASELINE="1216"
                         HEIGHT="54"
                         WIDTH="843"
                         VPOS="1162"
                         HPOS="252">
                  <String HEIGHT="54"
                          WIDTH="125"
                          VPOS="1162"
                          HPOS="236"
                          CONTENT="vnum"/>
                  <SP HEIGHT="54" WIDTH="16" VPOS="1162" HPOS="361"/>
                  <String HEIGHT="54"
                          WIDTH="281"
                          VPOS="1162"
                          HPOS="314"
                          CONTENT="praedicamentum"/>
                  <SP HEIGHT="54" WIDTH="16" VPOS="1162" HPOS="595"/>
                  <String HEIGHT="54"
                          WIDTH="250"
                          VPOS="1162"
                          HPOS="549"
                          CONTENT="substantiae:"/>
                  <SP HEIGHT="54" WIDTH="16" VPOS="1162" HPOS="798"/>
                  <String HEIGHT="54"
                          WIDTH="219"
                          VPOS="1162"
                          HPOS="752"
                          CONTENT="necessario"/>
                  <SP HEIGHT="54" WIDTH="16" VPOS="1162" HPOS="970"/>
                  <String HEIGHT="54"
                          WIDTH="125"
                          VPOS="1162"
                          HPOS="923"
                          CONTENT="ergo"/>
                  <SP HEIGHT="54" WIDTH="16" VPOS="1162" HPOS="1048"/>
                  <String HEIGHT="54"
                          WIDTH="109"
                          VPOS="1162"
                          HPOS="986"
                          CONTENT="relin"/>
               </TextLine>
               <TextLine ID="r1l64"
                         BASELINE="1254"
                         HEIGHT="50"
                         WIDTH="545"
                         VPOS="1204"
                         HPOS="246">
                  <String HEIGHT="50"
                          WIDTH="141"
                          VPOS="1204"
                          HPOS="228"
                          CONTENT="quit"/>
                  <SP HEIGHT="50" WIDTH="18" VPOS="1204" HPOS="369"/>
                  <String HEIGHT="50"
                          WIDTH="123"
                          VPOS="1204"
                          HPOS="316"
                          CONTENT="eam"/>
                  <SP HEIGHT="50" WIDTH="18" VPOS="1204" HPOS="439"/>
                  <String HEIGHT="50" WIDTH="105" VPOS="1204" HPOS="387" CONTENT="in"/>
                  <SP HEIGHT="50" WIDTH="18" VPOS="1204" HPOS="492"/>
                  <String HEIGHT="50"
                          WIDTH="158"
                          VPOS="1204"
                          HPOS="439"
                          CONTENT="eodem"/>
                  <SP HEIGHT="50" WIDTH="18" VPOS="1204" HPOS="598"/>
                  <String HEIGHT="50"
                          WIDTH="264"
                          VPOS="1204"
                          HPOS="527"
                          CONTENT="predicamento."/>
               </TextLine>
               <TextLine ID="r1l67"
                         BASELINE="1288"
                         HEIGHT="47"
                         WIDTH="794"
                         VPOS="1241"
                         HPOS="307">
                  <String HEIGHT="47" WIDTH="99" VPOS="1241" HPOS="290" CONTENT="Ad"/>
                  <SP HEIGHT="47" WIDTH="17" VPOS="1241" HPOS="390"/>
                  <String HEIGHT="47"
                          WIDTH="182"
                          VPOS="1241"
                          HPOS="340"
                          CONTENT="quintum"/>
                  <SP HEIGHT="47" WIDTH="17" VPOS="1241" HPOS="522"/>
                  <String HEIGHT="47"
                          WIDTH="199"
                          VPOS="1241"
                          HPOS="472"
                          CONTENT="dicendum"/>
                  <SP HEIGHT="47" WIDTH="17" VPOS="1241" HPOS="671"/>
                  <String HEIGHT="47"
                          WIDTH="149"
                          VPOS="1241"
                          HPOS="621"
                          CONTENT="sicut"/>
                  <SP HEIGHT="47" WIDTH="17" VPOS="1241" HPOS="770"/>
                  <String HEIGHT="47" WIDTH="99" VPOS="1241" HPOS="721" CONTENT="ad"/>
                  <SP HEIGHT="47" WIDTH="17" VPOS="1241" HPOS="820"/>
                  <String HEIGHT="47"
                          WIDTH="182"
                          VPOS="1241"
                          HPOS="770"
                          CONTENT="primum."/>
                  <SP HEIGHT="47" WIDTH="17" VPOS="1241" HPOS="952"/>
                  <String HEIGHT="47" WIDTH="99" VPOS="1241" HPOS="903" CONTENT="Et"/>
                  <SP HEIGHT="47" WIDTH="17" VPOS="1241" HPOS="1002"/>
                  <String HEIGHT="47" WIDTH="99" VPOS="1241" HPOS="952" CONTENT="ad"/>
                  <SP HEIGHT="47" WIDTH="17" VPOS="1241" HPOS="1051"/>
                  <String HEIGHT="47"
                          WIDTH="116"
                          VPOS="1241"
                          HPOS="985"
                          CONTENT="dictu"/>
               </TextLine>
               <TextLine ID="r1l68"
                         BASELINE="1328"
                         HEIGHT="45"
                         WIDTH="845"
                         VPOS="1283"
                         HPOS="249">
                  <String HEIGHT="45"
                          WIDTH="228"
                          VPOS="1283"
                          HPOS="233"
                          CONTENT="AIpharabij"/>
                  <SP HEIGHT="45" WIDTH="16" VPOS="1283" HPOS="460"/>
                  <String HEIGHT="45"
                          WIDTH="211"
                          VPOS="1283"
                          HPOS="412"
                          CONTENT="dicendum,"/>
                  <SP HEIGHT="45" WIDTH="16" VPOS="1283" HPOS="623"/>
                  <String HEIGHT="45"
                          WIDTH="130"
                          VPOS="1283"
                          HPOS="574"
                          CONTENT="quod"/>
                  <SP HEIGHT="45" WIDTH="16" VPOS="1283" HPOS="704"/>
                  <String HEIGHT="45"
                          WIDTH="195"
                          VPOS="1283"
                          HPOS="655"
                          CONTENT="loquitur"/>
                  <SP HEIGHT="45" WIDTH="16" VPOS="1283" HPOS="850"/>
                  <String HEIGHT="45"
                          WIDTH="114"
                          VPOS="1283"
                          HPOS="802"
                          CONTENT="ibi"/>
                  <SP HEIGHT="45" WIDTH="16" VPOS="1283" HPOS="915"/>
                  <String HEIGHT="45" WIDTH="98" VPOS="1283" HPOS="867" CONTENT="de"/>
                  <SP HEIGHT="45" WIDTH="16" VPOS="1283" HPOS="964"/>
                  <String HEIGHT="45"
                          WIDTH="163"
                          VPOS="1283"
                          HPOS="915"
                          CONTENT="rebus,"/>
                  <SP HEIGHT="45" WIDTH="16" VPOS="1283" HPOS="1078"/>
                  <String HEIGHT="45"
                          WIDTH="81"
                          VPOS="1283"
                          HPOS="1013"
                          CONTENT="non"/>
               </TextLine>
               <TextLine ID="r1l70"
                         BASELINE="1377"
                         HEIGHT="58"
                         WIDTH="840"
                         VPOS="1319"
                         HPOS="252">
                  <String HEIGHT="58"
                          WIDTH="143"
                          VPOS="1319"
                          HPOS="236"
                          CONTENT="autem"/>
                  <SP HEIGHT="58" WIDTH="16" VPOS="1319" HPOS="379"/>
                  <String HEIGHT="58" WIDTH="95" VPOS="1319" HPOS="331" CONTENT="de"/>
                  <SP HEIGHT="58" WIDTH="16" VPOS="1319" HPOS="426"/>
                  <String HEIGHT="58"
                          WIDTH="143"
                          VPOS="1319"
                          HPOS="379"
                          CONTENT="rerum"/>
                  <SP HEIGHT="58" WIDTH="16" VPOS="1319" HPOS="521"/>
                  <String HEIGHT="58"
                          WIDTH="285"
                          VPOS="1319"
                          HPOS="474"
                          CONTENT="habitudinibus."/>
                  <SP HEIGHT="58" WIDTH="16" VPOS="1319" HPOS="759"/>
                  <String HEIGHT="58" WIDTH="95" VPOS="1319" HPOS="712" CONTENT="De"/>
                  <SP HEIGHT="58" WIDTH="16" VPOS="1319" HPOS="807"/>
                  <String HEIGHT="58"
                          WIDTH="238"
                          VPOS="1319"
                          HPOS="759"
                          CONTENT="differentia"/>
                  <SP HEIGHT="58" WIDTH="16" VPOS="1319" HPOS="997"/>
                  <String HEIGHT="58"
                          WIDTH="143"
                          VPOS="1319"
                          HPOS="949"
                          CONTENT="autem"/>
                  <SP HEIGHT="58" WIDTH="16" VPOS="1319" HPOS="1092"/>
                  <String HEIGHT="58" WIDTH="63" VPOS="1319" HPOS="1029" CONTENT="is"/>
               </TextLine>
               <TextLine ID="r1l74"
                         BASELINE="1417"
                         HEIGHT="58"
                         WIDTH="677"
                         VPOS="1359"
                         HPOS="259">
                  <String HEIGHT="58"
                          WIDTH="111"
                          VPOS="1359"
                          HPOS="245"
                          CONTENT="sius"/>
                  <SP HEIGHT="58" WIDTH="14" VPOS="1359" HPOS="356"/>
                  <String HEIGHT="58"
                          WIDTH="111"
                          VPOS="1359"
                          HPOS="314"
                          CONTENT="aeui"/>
                  <SP HEIGHT="58" WIDTH="14" VPOS="1359" HPOS="425"/>
                  <String HEIGHT="58"
                          WIDTH="152"
                          VPOS="1359"
                          HPOS="383"
                          CONTENT="patebit"/>
                  <SP HEIGHT="58" WIDTH="14" VPOS="1359" HPOS="535"/>
                  <String HEIGHT="58" WIDTH="83" VPOS="1359" HPOS="494" CONTENT="in"/>
                  <SP HEIGHT="58" WIDTH="14" VPOS="1359" HPOS="577"/>
                  <String HEIGHT="58"
                          WIDTH="138"
                          VPOS="1359"
                          HPOS="535"
                          CONTENT="tertio"/>
                  <SP HEIGHT="58" WIDTH="14" VPOS="1359" HPOS="673"/>
                  <String HEIGHT="58"
                          WIDTH="166"
                          VPOS="1359"
                          HPOS="632"
                          CONTENT="articulo"/>
                  <SP HEIGHT="58" WIDTH="14" VPOS="1359" HPOS="798"/>
                  <String HEIGHT="58"
                          WIDTH="207"
                          VPOS="1359"
                          HPOS="756"
                          CONTENT="principali."/>
                  <SP HEIGHT="58" WIDTH="14" VPOS="1359" HPOS="964"/>
                  <String HEIGHT="58" WIDTH="28" VPOS="1359" HPOS="908" CONTENT=""/>
               </TextLine>
               <TextLine ID="line_1602687855767_747"
                         BASELINE="1520"
                         HEIGHT="87"
                         WIDTH="548"
                         VPOS="1433"
                         HPOS="408">
                  <String HEIGHT="87"
                          WIDTH="594"
                          VPOS="1433"
                          HPOS="362"
                          CONTENT="ARTICVLVS"/>
                  <SP HEIGHT="87" WIDTH="46" VPOS="1433" HPOS="956"/>
                  <String HEIGHT="87" WIDTH="183" VPOS="1433" HPOS="773" CONTENT="IL"/>
               </TextLine>
               <TextLine ID="r1l88"
                         BASELINE="1563"
                         HEIGHT="70"
                         WIDTH="284"
                         VPOS="1493"
                         HPOS="541">
                  <String HEIGHT="70"
                          WIDTH="151"
                          VPOS="1493"
                          HPOS="522"
                          CONTENT="Quid"/>
                  <SP HEIGHT="70" WIDTH="19" VPOS="1493" HPOS="674"/>
                  <String HEIGHT="70"
                          WIDTH="133"
                          VPOS="1493"
                          HPOS="617"
                          CONTENT="sit"/>
                  <SP HEIGHT="70" WIDTH="19" VPOS="1493" HPOS="749"/>
                  <String HEIGHT="70"
                          WIDTH="151"
                          VPOS="1493"
                          HPOS="674"
                          CONTENT="tempus"/>
               </TextLine>
               <TextLine ID="r1l93"
                         BASELINE="1638"
                         HEIGHT="77"
                         WIDTH="803"
                         VPOS="1561"
                         HPOS="297">
                  <String HEIGHT="77"
                          WIDTH="215"
                          VPOS="1561"
                          HPOS="277"
                          CONTENT="NVANTVM"/>
                  <SP HEIGHT="77" WIDTH="20" VPOS="1561" HPOS="493"/>
                  <String HEIGHT="77"
                          WIDTH="157"
                          VPOS="1561"
                          HPOS="434"
                          CONTENT="ergo"/>
                  <SP HEIGHT="77" WIDTH="20" VPOS="1561" HPOS="591"/>
                  <String HEIGHT="77" WIDTH="118" VPOS="1561" HPOS="532" CONTENT="ad"/>
                  <SP HEIGHT="77" WIDTH="20" VPOS="1561" HPOS="650"/>
                  <String HEIGHT="77"
                          WIDTH="235"
                          VPOS="1561"
                          HPOS="591"
                          CONTENT="secundum"/>
                  <SP HEIGHT="77" WIDTH="20" VPOS="1561" HPOS="826"/>
                  <String HEIGHT="77"
                          WIDTH="255"
                          VPOS="1561"
                          HPOS="767"
                          CONTENT="articulum"/>
                  <SP HEIGHT="77" WIDTH="20" VPOS="1561" HPOS="1022"/>
                  <String HEIGHT="77"
                          WIDTH="157"
                          VPOS="1561"
                          HPOS="943"
                          CONTENT="dicen"
                          SUBS_TYPE="HypPart1"
                          SUBS_CONTENT="dicene"/>
                  <HYP CONTENT="-"/>
               </TextLine>
               <TextLine ID="r1l95"
                         BASELINE="1678"
                         HEIGHT="46"
                         WIDTH="838"
                         VPOS="1632"
                         HPOS="261">
                  <String HEIGHT="46"
                          WIDTH="89"
                          VPOS="1632"
                          HPOS="243"
                          CONTENT="e"
                          SUBS_TYPE="HypPart2"
                          SUBS_CONTENT="dicene"/>
                  <SP HEIGHT="46" WIDTH="18" VPOS="1632" HPOS="332"/>
                  <String HEIGHT="46"
                          WIDTH="143"
                          VPOS="1632"
                          HPOS="279"
                          CONTENT="dum,"/>
                  <SP HEIGHT="46" WIDTH="18" VPOS="1632" HPOS="421"/>
                  <String HEIGHT="46"
                          WIDTH="143"
                          VPOS="1632"
                          HPOS="368"
                          CONTENT="quod"/>
                  <SP HEIGHT="46" WIDTH="18" VPOS="1632" HPOS="511"/>
                  <String HEIGHT="46"
                          WIDTH="178"
                          VPOS="1632"
                          HPOS="457"
                          CONTENT="duplex"/>
                  <SP HEIGHT="46" WIDTH="18" VPOS="1632" HPOS="635"/>
                  <String HEIGHT="46"
                          WIDTH="125"
                          VPOS="1632"
                          HPOS="582"
                          CONTENT="est"/>
                  <SP HEIGHT="46" WIDTH="18" VPOS="1632" HPOS="707"/>
                  <String HEIGHT="46"
                          WIDTH="196"
                          VPOS="1632"
                          HPOS="653"
                          CONTENT="tempus:"/>
                  <SP HEIGHT="46" WIDTH="18" VPOS="1632" HPOS="849"/>
                  <String HEIGHT="46"
                          WIDTH="125"
                          VPOS="1632"
                          HPOS="796"
                          CONTENT="est"/>
                  <SP HEIGHT="46" WIDTH="18" VPOS="1632" HPOS="921"/>
                  <String HEIGHT="46"
                          WIDTH="143"
                          VPOS="1632"
                          HPOS="867"
                          CONTENT="enim"/>
                  <SP HEIGHT="46" WIDTH="18" VPOS="1632" HPOS="1010"/>
                  <String HEIGHT="46"
                          WIDTH="143"
                          VPOS="1632"
                          HPOS="956"
                          CONTENT="vnum"/>
                  <SP HEIGHT="46" WIDTH="18" VPOS="1632" HPOS="1099"/>
                  <String HEIGHT="46" WIDTH="71" VPOS="1632" HPOS="1028" CONTENT="to"/>
               </TextLine>
               <TextLine ID="r1l97"
                         BASELINE="1723"
                         HEIGHT="45"
                         WIDTH="858"
                         VPOS="1678"
                         HPOS="239">
                  <String HEIGHT="45"
                          WIDTH="120"
                          VPOS="1678"
                          HPOS="222"
                          CONTENT="pus"/>
                  <SP HEIGHT="45" WIDTH="17" VPOS="1678" HPOS="342"/>
                  <String HEIGHT="45"
                          WIDTH="223"
                          VPOS="1678"
                          HPOS="290"
                          CONTENT="meusurans"/>
                  <SP HEIGHT="45" WIDTH="17" VPOS="1678" HPOS="514"/>
                  <String HEIGHT="45"
                          WIDTH="154"
                          VPOS="1678"
                          HPOS="462"
                          CONTENT="motum"/>
                  <SP HEIGHT="45" WIDTH="17" VPOS="1678" HPOS="617"/>
                  <String HEIGHT="45"
                          WIDTH="154"
                          VPOS="1678"
                          HPOS="565"
                          CONTENT="rerum"/>
                  <SP HEIGHT="45" WIDTH="17" VPOS="1678" HPOS="719"/>
                  <String HEIGHT="45"
                          WIDTH="275"
                          VPOS="1678"
                          HPOS="668"
                          CONTENT="corporalium,"/>
                  <SP HEIGHT="45" WIDTH="17" VPOS="1678" HPOS="943"/>
                  <String HEIGHT="45" WIDTH="86" VPOS="1678" HPOS="891" CONTENT="&amp;"/>
                  <SP HEIGHT="45" WIDTH="17" VPOS="1678" HPOS="977"/>
                  <String HEIGHT="45"
                          WIDTH="154"
                          VPOS="1678"
                          HPOS="925"
                          CONTENT="aliud"/>
                  <SP HEIGHT="45" WIDTH="17" VPOS="1678" HPOS="1080"/>
                  <String HEIGHT="45"
                          WIDTH="86"
                          VPOS="1678"
                          HPOS="1011"
                          CONTENT="mer"/>
               </TextLine>
               <TextLine ID="r1l100"
                         BASELINE="1756"
                         HEIGHT="44"
                         WIDTH="838"
                         VPOS="1712"
                         HPOS="256">
                  <String HEIGHT="44"
                          WIDTH="158"
                          VPOS="1712"
                          HPOS="240"
                          CONTENT="surans"/>
                  <SP HEIGHT="44" WIDTH="16" VPOS="1712" HPOS="398"/>
                  <String HEIGHT="44"
                          WIDTH="142"
                          VPOS="1712"
                          HPOS="351"
                          CONTENT="motus"/>
                  <SP HEIGHT="44" WIDTH="16" VPOS="1712" HPOS="493"/>
                  <String HEIGHT="44" WIDTH="79" VPOS="1712" HPOS="446" CONTENT="&amp;"/>
                  <SP HEIGHT="44" WIDTH="16" VPOS="1712" HPOS="525"/>
                  <String HEIGHT="44"
                          WIDTH="237"
                          VPOS="1712"
                          HPOS="477"
                          CONTENT="operationes"/>
                  <SP HEIGHT="44" WIDTH="16" VPOS="1712" HPOS="715"/>
                  <String HEIGHT="44"
                          WIDTH="142"
                          VPOS="1712"
                          HPOS="667"
                          CONTENT="rerum"/>
                  <SP HEIGHT="44" WIDTH="16" VPOS="1712" HPOS="809"/>
                  <String HEIGHT="44"
                          WIDTH="269"
                          VPOS="1712"
                          HPOS="762"
                          CONTENT="spiritualium,"/>
                  <SP HEIGHT="44" WIDTH="16" VPOS="1712" HPOS="1031"/>
                  <String HEIGHT="44" WIDTH="79" VPOS="1712" HPOS="983" CONTENT="&amp;"/>
                  <SP HEIGHT="44" WIDTH="16" VPOS="1712" HPOS="1062"/>
                  <String HEIGHT="44"
                          WIDTH="95"
                          VPOS="1712"
                          HPOS="999"
                          CONTENT="qui"
                          SUBS_TYPE="HypPart1"
                          SUBS_CONTENT="quie"/>
                  <HYP CONTENT="-"/>
               </TextLine>
               <TextLine ID="line_1602687788189_676"
                         BASELINE="1805"
                         HEIGHT="55"
                         WIDTH="868"
                         VPOS="1750"
                         HPOS="231">
                  <String HEIGHT="55"
                          WIDTH="72"
                          VPOS="1750"
                          HPOS="217"
                          CONTENT="e"
                          SUBS_TYPE="HypPart2"
                          SUBS_CONTENT="quie"/>
                  <SP HEIGHT="55" WIDTH="14" VPOS="1750" HPOS="289"/>
                  <String HEIGHT="55" WIDTH="87" VPOS="1750" HPOS="245" CONTENT="de"/>
                  <SP HEIGHT="55" WIDTH="14" VPOS="1750" HPOS="332"/>
                  <String HEIGHT="55"
                          WIDTH="116"
                          VPOS="1750"
                          HPOS="289"
                          CONTENT="isto"/>
                  <SP HEIGHT="55" WIDTH="14" VPOS="1750" HPOS="405"/>
                  <String HEIGHT="55"
                          WIDTH="159"
                          VPOS="1750"
                          HPOS="361"
                          CONTENT="secundo"/>
                  <SP HEIGHT="55" WIDTH="14" VPOS="1750" HPOS="520"/>
                  <String HEIGHT="55"
                          WIDTH="217"
                          VPOS="1750"
                          HPOS="477"
                          CONTENT="aliqualiter"/>
                  <SP HEIGHT="55" WIDTH="14" VPOS="1750" HPOS="694"/>
                  <String HEIGHT="55"
                          WIDTH="145"
                          VPOS="1750"
                          HPOS="651"
                          CONTENT="tetigi"/>
                  <SP HEIGHT="55" WIDTH="14" VPOS="1750" HPOS="795"/>
                  <String HEIGHT="55"
                          WIDTH="174"
                          VPOS="1750"
                          HPOS="752"
                          CONTENT="superius"/>
                  <SP HEIGHT="55" WIDTH="14" VPOS="1750" HPOS="925"/>
                  <String HEIGHT="55"
                          WIDTH="130"
                          VPOS="1750"
                          HPOS="882"
                          CONTENT="libro"/>
                  <SP HEIGHT="55" WIDTH="14" VPOS="1750" HPOS="1012"/>
                  <String HEIGHT="55"
                          WIDTH="130"
                          VPOS="1750"
                          HPOS="969"
                          CONTENT="primo"/>
                  <SP HEIGHT="55" WIDTH="14" VPOS="1750" HPOS="1099"/>
                  <String HEIGHT="55" WIDTH="58" VPOS="1750" HPOS="1041" CONTENT="di"/>
               </TextLine>
               <TextLine ID="line_1602687788190_678"
                         BASELINE="1840"
                         HEIGHT="44"
                         WIDTH="873"
                         VPOS="1796"
                         HPOS="231">
                  <String HEIGHT="44"
                          WIDTH="133"
                          VPOS="1796"
                          HPOS="216"
                          CONTENT="stin."/>
                  <SP HEIGHT="44" WIDTH="15" VPOS="1796" HPOS="349"/>
                  <String HEIGHT="44" WIDTH="89" VPOS="1796" HPOS="305" CONTENT="35"/>
                  <SP HEIGHT="44" WIDTH="15" VPOS="1796" HPOS="394"/>
                  <String HEIGHT="44"
                          WIDTH="118"
                          VPOS="1796"
                          HPOS="349"
                          CONTENT="ideo"/>
                  <SP HEIGHT="44" WIDTH="15" VPOS="1796" HPOS="468"/>
                  <String HEIGHT="44"
                          WIDTH="133"
                          VPOS="1796"
                          HPOS="423"
                          CONTENT="causa"/>
                  <SP HEIGHT="44" WIDTH="15" VPOS="1796" HPOS="557"/>
                  <String HEIGHT="44"
                          WIDTH="207"
                          VPOS="1796"
                          HPOS="512"
                          CONTENT="breuitatis"/>
                  <SP HEIGHT="44" WIDTH="15" VPOS="1796" HPOS="719"/>
                  <String HEIGHT="44" WIDTH="89" VPOS="1796" HPOS="675" CONTENT="ad"/>
                  <SP HEIGHT="44" WIDTH="15" VPOS="1796" HPOS="764"/>
                  <String HEIGHT="44"
                          WIDTH="178"
                          VPOS="1796"
                          HPOS="719"
                          CONTENT="praesens"/>
                  <SP HEIGHT="44" WIDTH="15" VPOS="1796" HPOS="897"/>
                  <String HEIGHT="44"
                          WIDTH="133"
                          VPOS="1796"
                          HPOS="852"
                          CONTENT="solum"/>
                  <SP HEIGHT="44" WIDTH="15" VPOS="1796" HPOS="986"/>
                  <String HEIGHT="44"
                          WIDTH="163"
                          VPOS="1796"
                          HPOS="941"
                          CONTENT="dicatur"/>
                  <SP HEIGHT="44" WIDTH="15" VPOS="1796" HPOS="1104"/>
                  <String HEIGHT="44" WIDTH="59" VPOS="1796" HPOS="1045" CONTENT="de"/>
               </TextLine>
               <TextLine ID="line_1602687788191_680"
                         BASELINE="1874"
                         HEIGHT="45"
                         WIDTH="699"
                         VPOS="1829"
                         HPOS="231">
                  <String HEIGHT="45" WIDTH="79" VPOS="1829" HPOS="215" CONTENT="."/>
                  <SP HEIGHT="45" WIDTH="16" VPOS="1829" HPOS="295"/>
                  <String HEIGHT="45"
                          WIDTH="159"
                          VPOS="1829"
                          HPOS="247"
                          CONTENT="Primo,"/>
                  <SP HEIGHT="45" WIDTH="16" VPOS="1829" HPOS="406"/>
                  <String HEIGHT="45" WIDTH="79" VPOS="1829" HPOS="358" CONTENT="&amp;"/>
                  <SP HEIGHT="45" WIDTH="16" VPOS="1829" HPOS="438"/>
                  <String HEIGHT="45"
                          WIDTH="143"
                          VPOS="1829"
                          HPOS="390"
                          CONTENT="circa"/>
                  <SP HEIGHT="45" WIDTH="16" VPOS="1829" HPOS="533"/>
                  <String HEIGHT="45"
                          WIDTH="111"
                          VPOS="1829"
                          HPOS="485"
                          CONTENT="hoc"/>
                  <SP HEIGHT="45" WIDTH="16" VPOS="1829" HPOS="596"/>
                  <String HEIGHT="45"
                          WIDTH="143"
                          VPOS="1829"
                          HPOS="549"
                          CONTENT="ponam"/>
                  <SP HEIGHT="45" WIDTH="16" VPOS="1829" HPOS="692"/>
                  <String HEIGHT="45"
                          WIDTH="127"
                          VPOS="1829"
                          HPOS="644"
                          CONTENT="duas"/>
                  <SP HEIGHT="45" WIDTH="16" VPOS="1829" HPOS="771"/>
                  <String HEIGHT="45"
                          WIDTH="222"
                          VPOS="1829"
                          HPOS="708"
                          CONTENT="conclusiones"/>
               </TextLine>
               <TextLine ID="r1l109"
                         BASELINE="1910"
                         HEIGHT="45"
                         WIDTH="801"
                         VPOS="1865"
                         HPOS="296">
                  <String HEIGHT="45"
                          WIDTH="147"
                          VPOS="1865"
                          HPOS="280"
                          CONTENT="Prima"/>
                  <SP HEIGHT="45" WIDTH="16" VPOS="1865" HPOS="427"/>
                  <String HEIGHT="45"
                          WIDTH="131"
                          VPOS="1865"
                          HPOS="378"
                          CONTENT="est,"/>
                  <SP HEIGHT="45" WIDTH="16" VPOS="1865" HPOS="509"/>
                  <String HEIGHT="45"
                          WIDTH="131"
                          VPOS="1865"
                          HPOS="459"
                          CONTENT="quod"/>
                  <SP HEIGHT="45" WIDTH="16" VPOS="1865" HPOS="590"/>
                  <String HEIGHT="45"
                          WIDTH="163"
                          VPOS="1865"
                          HPOS="541"
                          CONTENT="tempus"/>
                  <SP HEIGHT="45" WIDTH="16" VPOS="1865" HPOS="705"/>
                  <String HEIGHT="45"
                          WIDTH="180"
                          VPOS="1865"
                          HPOS="656"
                          CONTENT="quantum"/>
                  <SP HEIGHT="45" WIDTH="16" VPOS="1865" HPOS="835"/>
                  <String HEIGHT="45" WIDTH="98" VPOS="1865" HPOS="786" CONTENT="ad"/>
                  <SP HEIGHT="45" WIDTH="16" VPOS="1865" HPOS="884"/>
                  <String HEIGHT="45"
                          WIDTH="131"
                          VPOS="1865"
                          HPOS="835"
                          CONTENT="suum"/>
                  <SP HEIGHT="45" WIDTH="16" VPOS="1865" HPOS="966"/>
                  <String HEIGHT="45"
                          WIDTH="131"
                          VPOS="1865"
                          HPOS="917"
                          CONTENT="esse"/>
                  <SP HEIGHT="45" WIDTH="16" VPOS="1865" HPOS="1048"/>
                  <String HEIGHT="45"
                          WIDTH="114"
                          VPOS="1865"
                          HPOS="983"
                          CONTENT="mate"
                          SUBS_TYPE="HypPart1"
                          SUBS_CONTENT="materiale"/>
                  <HYP CONTENT="-"/>
               </TextLine>
               <TextLine ID="r1l111"
                         BASELINE="1957"
                         HEIGHT="51"
                         WIDTH="826"
                         VPOS="1906"
                         HPOS="268">
                  <String HEIGHT="51"
                          WIDTH="122"
                          VPOS="1906"
                          HPOS="254"
                          CONTENT="riale"
                          SUBS_TYPE="HypPart2"
                          SUBS_CONTENT="materiale"/>
                  <SP HEIGHT="51" WIDTH="14" VPOS="1906" HPOS="376"/>
                  <String HEIGHT="51" WIDTH="95" VPOS="1906" HPOS="336" CONTENT="est"/>
                  <SP HEIGHT="51" WIDTH="14" VPOS="1906" HPOS="430"/>
                  <String HEIGHT="51" WIDTH="95" VPOS="1906" HPOS="390" CONTENT="ens"/>
                  <SP HEIGHT="51" WIDTH="14" VPOS="1906" HPOS="485"/>
                  <String HEIGHT="51"
                          WIDTH="162"
                          VPOS="1906"
                          HPOS="444"
                          CONTENT="naturale"/>
                  <SP HEIGHT="51" WIDTH="14" VPOS="1906" HPOS="607"/>
                  <String HEIGHT="51" WIDTH="81" VPOS="1906" HPOS="566" CONTENT="ab"/>
                  <SP HEIGHT="51" WIDTH="14" VPOS="1906" HPOS="647"/>
                  <String HEIGHT="51"
                          WIDTH="108"
                          VPOS="1906"
                          HPOS="607"
                          CONTENT="actu"/>
                  <SP HEIGHT="51" WIDTH="14" VPOS="1906" HPOS="715"/>
                  <String HEIGHT="51"
                          WIDTH="149"
                          VPOS="1906"
                          HPOS="674"
                          CONTENT="nostrae"/>
                  <SP HEIGHT="51" WIDTH="14" VPOS="1906" HPOS="823"/>
                  <String HEIGHT="51"
                          WIDTH="162"
                          VPOS="1906"
                          HPOS="783"
                          CONTENT="rationis"/>
                  <SP HEIGHT="51" WIDTH="14" VPOS="1906" HPOS="945"/>
                  <String HEIGHT="51"
                          WIDTH="176"
                          VPOS="1906"
                          HPOS="904"
                          CONTENT="totaliter"/>
                  <SP HEIGHT="51" WIDTH="14" VPOS="1906" HPOS="1080"/>
                  <String HEIGHT="51"
                          WIDTH="68"
                          VPOS="1906"
                          HPOS="1026"
                          CONTENT="in"
                          SUBS_TYPE="HypPart1"
                          SUBS_CONTENT="independens"/>
                  <HYP CONTENT="-"/>
               </TextLine>
               <TextLine ID="r1l114"
                         BASELINE="1992"
                         HEIGHT="45"
                         WIDTH="836"
                         VPOS="1947"
                         HPOS="263">
                  <String HEIGHT="45"
                          WIDTH="217"
                          VPOS="1947"
                          HPOS="246"
                          CONTENT="dependens"
                          SUBS_TYPE="HypPart2"
                          SUBS_CONTENT="independens"/>
                  <SP HEIGHT="45" WIDTH="17" VPOS="1947" HPOS="464"/>
                  <String HEIGHT="45"
                          WIDTH="201"
                          VPOS="1947"
                          HPOS="413"
                          CONTENT="Secunda,"/>
                  <SP HEIGHT="45" WIDTH="17" VPOS="1947" HPOS="614"/>
                  <String HEIGHT="45"
                          WIDTH="134"
                          VPOS="1947"
                          HPOS="564"
                          CONTENT="quod"/>
                  <SP HEIGHT="45" WIDTH="17" VPOS="1947" HPOS="698"/>
                  <String HEIGHT="45"
                          WIDTH="184"
                          VPOS="1947"
                          HPOS="648"
                          CONTENT="quantum"/>
                  <SP HEIGHT="45" WIDTH="17" VPOS="1947" HPOS="831"/>
                  <String HEIGHT="45" WIDTH="100" VPOS="1947" HPOS="781" CONTENT="ad"/>
                  <SP HEIGHT="45" WIDTH="17" VPOS="1947" HPOS="882"/>
                  <String HEIGHT="45"
                          WIDTH="134"
                          VPOS="1947"
                          HPOS="831"
                          CONTENT="suum"/>
                  <SP HEIGHT="45" WIDTH="17" VPOS="1947" HPOS="965"/>
                  <String HEIGHT="45"
                          WIDTH="134"
                          VPOS="1947"
                          HPOS="915"
                          CONTENT="esse"/>
                  <SP HEIGHT="45" WIDTH="17" VPOS="1947" HPOS="1049"/>
                  <String HEIGHT="45"
                          WIDTH="117"
                          VPOS="1947"
                          HPOS="982"
                          CONTENT="forma"/>
               </TextLine>
               <TextLine ID="r1l117"
                         BASELINE="2036"
                         HEIGHT="50"
                         WIDTH="846"
                         VPOS="1986"
                         HPOS="261">
                  <String HEIGHT="50" WIDTH="96" VPOS="1986" HPOS="245" CONTENT="le"/>
                  <SP HEIGHT="50" WIDTH="16" VPOS="1986" HPOS="341"/>
                  <String HEIGHT="50" WIDTH="80" VPOS="1986" HPOS="293" CONTENT="&amp;"/>
                  <SP HEIGHT="50" WIDTH="16" VPOS="1986" HPOS="373"/>
                  <String HEIGHT="50"
                          WIDTH="239"
                          VPOS="1986"
                          HPOS="325"
                          CONTENT="completiuum"/>
                  <SP HEIGHT="50" WIDTH="16" VPOS="1986" HPOS="564"/>
                  <String HEIGHT="50" WIDTH="96" VPOS="1986" HPOS="516" CONTENT="ab"/>
                  <SP HEIGHT="50" WIDTH="16" VPOS="1986" HPOS="612"/>
                  <String HEIGHT="50"
                          WIDTH="128"
                          VPOS="1986"
                          HPOS="564"
                          CONTENT="actu"/>
                  <SP HEIGHT="50" WIDTH="16" VPOS="1986" HPOS="692"/>
                  <String HEIGHT="50"
                          WIDTH="192"
                          VPOS="1986"
                          HPOS="644"
                          CONTENT="rationis"/>
                  <SP HEIGHT="50" WIDTH="16" VPOS="1986" HPOS="836"/>
                  <String HEIGHT="50"
                          WIDTH="223"
                          VPOS="1986"
                          HPOS="788"
                          CONTENT="necessario"/>
                  <SP HEIGHT="50" WIDTH="16" VPOS="1986" HPOS="1011"/>
                  <String HEIGHT="50"
                          WIDTH="160"
                          VPOS="1986"
                          HPOS="947"
                          CONTENT="dependet"/>
               </TextLine>
               <TextLine ID="r1l119"
                         BASELINE="2072"
                         HEIGHT="49"
                         WIDTH="789"
                         VPOS="2023"
                         HPOS="306">
                  <String HEIGHT="49"
                          WIDTH="152"
                          VPOS="2023"
                          HPOS="291"
                          CONTENT="Primum"/>
                  <SP HEIGHT="49" WIDTH="15" VPOS="2023" HPOS="443"/>
                  <String HEIGHT="49"
                          WIDTH="137"
                          VPOS="2023"
                          HPOS="397"
                          CONTENT="probo"/>
                  <SP HEIGHT="49" WIDTH="15" VPOS="2023" HPOS="534"/>
                  <String HEIGHT="49"
                          WIDTH="212"
                          VPOS="2023"
                          HPOS="488"
                          CONTENT="sic:lllud,"/>
                  <SP HEIGHT="49" WIDTH="15" VPOS="2023" HPOS="701"/>
                  <String HEIGHT="49"
                          WIDTH="121"
                          VPOS="2023"
                          HPOS="655"
                          CONTENT="quod"/>
                  <SP HEIGHT="49" WIDTH="15" VPOS="2023" HPOS="776"/>
                  <String HEIGHT="49"
                          WIDTH="106"
                          VPOS="2023"
                          HPOS="731"
                          CONTENT="est"/>
                  <SP HEIGHT="49" WIDTH="15" VPOS="2023" HPOS="837"/>
                  <String HEIGHT="49"
                          WIDTH="182"
                          VPOS="2023"
                          HPOS="792"
                          CONTENT="realiter"/>
                  <SP HEIGHT="49" WIDTH="15" VPOS="2023" HPOS="974"/>
                  <String HEIGHT="49"
                          WIDTH="137"
                          VPOS="2023"
                          HPOS="928"
                          CONTENT="idem,"/>
                  <SP HEIGHT="49" WIDTH="15" VPOS="2023" HPOS="1065"/>
                  <String HEIGHT="49"
                          WIDTH="91"
                          VPOS="2023"
                          HPOS="1004"
                          CONTENT="quod"/>
               </TextLine>
               <TextLine ID="r1l122"
                         BASELINE="2112"
                         HEIGHT="39"
                         WIDTH="857"
                         VPOS="2073"
                         HPOS="246">
                  <String HEIGHT="39"
                          WIDTH="135"
                          VPOS="2073"
                          HPOS="231"
                          CONTENT="motus"/>
                  <SP HEIGHT="39" WIDTH="15" VPOS="2073" HPOS="366"/>
                  <String HEIGHT="39"
                          WIDTH="135"
                          VPOS="2073"
                          HPOS="321"
                          CONTENT="primi"/>
                  <SP HEIGHT="39" WIDTH="15" VPOS="2073" HPOS="456"/>
                  <String HEIGHT="39"
                          WIDTH="180"
                          VPOS="2073"
                          HPOS="411"
                          CONTENT="mobilis,"/>
                  <SP HEIGHT="39" WIDTH="15" VPOS="2073" HPOS="592"/>
                  <String HEIGHT="39"
                          WIDTH="105"
                          VPOS="2073"
                          HPOS="547"
                          CONTENT="est"/>
                  <SP HEIGHT="39" WIDTH="15" VPOS="2073" HPOS="652"/>
                  <String HEIGHT="39"
                          WIDTH="105"
                          VPOS="2073"
                          HPOS="607"
                          CONTENT="ens"/>
                  <SP HEIGHT="39" WIDTH="15" VPOS="2073" HPOS="712"/>
                  <String HEIGHT="39"
                          WIDTH="195"
                          VPOS="2073"
                          HPOS="667"
                          CONTENT="naturale,"/>
                  <SP HEIGHT="39" WIDTH="15" VPOS="2073" HPOS="862"/>
                  <String HEIGHT="39"
                          WIDTH="120"
                          VPOS="2073"
                          HPOS="817"
                          CONTENT="siue"/>
                  <SP HEIGHT="39" WIDTH="15" VPOS="2073" HPOS="938"/>
                  <String HEIGHT="39"
                          WIDTH="135"
                          VPOS="2073"
                          HPOS="893"
                          CONTENT="reale"/>
                  <SP HEIGHT="39" WIDTH="15" VPOS="2073" HPOS="1028"/>
                  <String HEIGHT="39" WIDTH="90" VPOS="2073" HPOS="983" CONTENT="ab"/>
                  <SP HEIGHT="39" WIDTH="15" VPOS="2073" HPOS="1073"/>
                  <String HEIGHT="39"
                          WIDTH="90"
                          VPOS="2073"
                          HPOS="1013"
                          CONTENT="actu"/>
               </TextLine>
               <TextLine ID="r1l124"
                         BASELINE="2151"
                         HEIGHT="45"
                         WIDTH="839"
                         VPOS="2106"
                         HPOS="264">
                  <String HEIGHT="45"
                          WIDTH="197"
                          VPOS="2106"
                          HPOS="248"
                          CONTENT="rationis"/>
                  <SP HEIGHT="45" WIDTH="16" VPOS="2106" HPOS="445"/>
                  <String HEIGHT="45"
                          WIDTH="181"
                          VPOS="2106"
                          HPOS="396"
                          CONTENT="penitus"/>
                  <SP HEIGHT="45" WIDTH="16" VPOS="2106" HPOS="577"/>
                  <String HEIGHT="45"
                          WIDTH="263"
                          VPOS="2106"
                          HPOS="527"
                          CONTENT="independens,"/>
                  <SP HEIGHT="45" WIDTH="16" VPOS="2106" HPOS="790"/>
                  <String HEIGHT="45"
                          WIDTH="115"
                          VPOS="2106"
                          HPOS="741"
                          CONTENT="sed"/>
                  <SP HEIGHT="45" WIDTH="16" VPOS="2106" HPOS="856"/>
                  <String HEIGHT="45"
                          WIDTH="165"
                          VPOS="2106"
                          HPOS="807"
                          CONTENT="tempus"/>
                  <SP HEIGHT="45" WIDTH="16" VPOS="2106" HPOS="971"/>
                  <String HEIGHT="45"
                          WIDTH="181"
                          VPOS="2106"
                          HPOS="922"
                          CONTENT="quantum"/>
                  <SP HEIGHT="45" WIDTH="16" VPOS="2106" HPOS="1103"/>
                  <String HEIGHT="45" WIDTH="66" VPOS="2106" HPOS="1037" CONTENT="ad"/>
               </TextLine>
               <TextLine ID="r1l128"
                         BASELINE="2192"
                         HEIGHT="50"
                         WIDTH="858"
                         VPOS="2142"
                         HPOS="252">
                  <String HEIGHT="50"
                          WIDTH="125"
                          VPOS="2142"
                          HPOS="236"
                          CONTENT="suum"/>
                  <SP HEIGHT="50" WIDTH="16" VPOS="2142" HPOS="361"/>
                  <String HEIGHT="50"
                          WIDTH="125"
                          VPOS="2142"
                          HPOS="314"
                          CONTENT="esse"/>
                  <SP HEIGHT="50" WIDTH="16" VPOS="2142" HPOS="439"/>
                  <String HEIGHT="50"
                          WIDTH="203"
                          VPOS="2142"
                          HPOS="392"
                          CONTENT="materiale"/>
                  <SP HEIGHT="50" WIDTH="16" VPOS="2142" HPOS="595"/>
                  <String HEIGHT="50"
                          WIDTH="109"
                          VPOS="2142"
                          HPOS="548"
                          CONTENT="est"/>
                  <SP HEIGHT="50" WIDTH="16" VPOS="2142" HPOS="658"/>
                  <String HEIGHT="50"
                          WIDTH="187"
                          VPOS="2142"
                          HPOS="611"
                          CONTENT="realiter"/>
                  <SP HEIGHT="50" WIDTH="16" VPOS="2142" HPOS="798"/>
                  <String HEIGHT="50"
                          WIDTH="140"
                          VPOS="2142"
                          HPOS="751"
                          CONTENT="idem,"/>
                  <SP HEIGHT="50" WIDTH="16" VPOS="2142" HPOS="892"/>
                  <String HEIGHT="50"
                          WIDTH="125"
                          VPOS="2142"
                          HPOS="845"
                          CONTENT="quod"/>
                  <SP HEIGHT="50" WIDTH="16" VPOS="2142" HPOS="970"/>
                  <String HEIGHT="50"
                          WIDTH="140"
                          VPOS="2142"
                          HPOS="923"
                          CONTENT="motus"/>
                  <SP HEIGHT="50" WIDTH="16" VPOS="2142" HPOS="1063"/>
                  <String HEIGHT="50"
                          WIDTH="109"
                          VPOS="2142"
                          HPOS="1001"
                          CONTENT="primi"/>
               </TextLine>
               <TextLine ID="r1l131"
                         BASELINE="2231"
                         HEIGHT="45"
                         WIDTH="849"
                         VPOS="2186"
                         HPOS="261">
                  <String HEIGHT="45"
                          WIDTH="179"
                          VPOS="2186"
                          HPOS="246"
                          CONTENT="mobilis,"/>
                  <SP HEIGHT="45" WIDTH="15" VPOS="2186" HPOS="425"/>
                  <String HEIGHT="45" WIDTH="89" VPOS="2186" HPOS="380" CONTENT="vt"/>
                  <SP HEIGHT="45" WIDTH="15" VPOS="2186" HPOS="470"/>
                  <String HEIGHT="45"
                          WIDTH="134"
                          VPOS="2186"
                          HPOS="425"
                          CONTENT="patet"/>
                  <SP HEIGHT="45" WIDTH="15" VPOS="2186" HPOS="559"/>
                  <String HEIGHT="45" WIDTH="89" VPOS="2186" HPOS="514" CONTENT="2."/>
                  <SP HEIGHT="45" WIDTH="15" VPOS="2186" HPOS="604"/>
                  <String HEIGHT="45"
                          WIDTH="223"
                          VPOS="2186"
                          HPOS="559"
                          CONTENT="physicorum,"/>
                  <SP HEIGHT="45" WIDTH="15" VPOS="2186" HPOS="782"/>
                  <String HEIGHT="45"
                          WIDTH="104"
                          VPOS="2186"
                          HPOS="738"
                          CONTENT="vbi"/>
                  <SP HEIGHT="45" WIDTH="15" VPOS="2186" HPOS="842"/>
                  <String HEIGHT="45"
                          WIDTH="223"
                          VPOS="2186"
                          HPOS="797"
                          CONTENT="philosophus"/>
                  <SP HEIGHT="45" WIDTH="15" VPOS="2186" HPOS="1021"/>
                  <String HEIGHT="45"
                          WIDTH="149"
                          VPOS="2186"
                          HPOS="961"
                          CONTENT="ostendit"/>
               </TextLine>
               <TextLine ID="r1l136"
                         BASELINE="2275"
                         HEIGHT="48"
                         WIDTH="842"
                         VPOS="2227"
                         HPOS="268">
                  <String HEIGHT="48"
                          WIDTH="118"
                          VPOS="2227"
                          HPOS="253"
                          CONTENT="quod"/>
                  <SP HEIGHT="48" WIDTH="15" VPOS="2227" HPOS="371"/>
                  <String HEIGHT="48"
                          WIDTH="148"
                          VPOS="2227"
                          HPOS="327"
                          CONTENT="tempus"/>
                  <SP HEIGHT="48" WIDTH="15" VPOS="2227" HPOS="475"/>
                  <String HEIGHT="48"
                          WIDTH="133"
                          VPOS="2227"
                          HPOS="430"
                          CONTENT="nihil"/>
                  <SP HEIGHT="48" WIDTH="15" VPOS="2227" HPOS="563"/>
                  <String HEIGHT="48"
                          WIDTH="133"
                          VPOS="2227"
                          HPOS="519"
                          CONTENT="aliud"/>
                  <SP HEIGHT="48" WIDTH="15" VPOS="2227" HPOS="652"/>
                  <String HEIGHT="48"
                          WIDTH="118"
                          VPOS="2227"
                          HPOS="608"
                          CONTENT="est,"/>
                  <SP HEIGHT="48" WIDTH="15" VPOS="2227" HPOS="726"/>
                  <String HEIGHT="48"
                          WIDTH="118"
                          VPOS="2227"
                          HPOS="682"
                          CONTENT="nisi"/>
                  <SP HEIGHT="48" WIDTH="15" VPOS="2227" HPOS="800"/>
                  <String HEIGHT="48"
                          WIDTH="133"
                          VPOS="2227"
                          HPOS="755"
                          CONTENT="prius"/>
                  <SP HEIGHT="48" WIDTH="15" VPOS="2227" HPOS="888"/>
                  <String HEIGHT="48" WIDTH="74" VPOS="2227" HPOS="844" CONTENT="&amp;"/>
                  <SP HEIGHT="48" WIDTH="15" VPOS="2227" HPOS="918"/>
                  <String HEIGHT="48"
                          WIDTH="192"
                          VPOS="2227"
                          HPOS="874"
                          CONTENT="posterius"/>
                  <SP HEIGHT="48" WIDTH="15" VPOS="2227" HPOS="1066"/>
                  <String HEIGHT="48"
                          WIDTH="103"
                          VPOS="2227"
                          HPOS="1007"
                          CONTENT="conce"/>
               </TextLine>
               <TextLine ID="r1l140"
                         BASELINE="2315"
                         HEIGHT="46"
                         WIDTH="828"
                         VPOS="2269"
                         HPOS="263">
                  <String HEIGHT="46"
                          WIDTH="149"
                          VPOS="2269"
                          HPOS="246"
                          CONTENT="ptum,"/>
                  <SP HEIGHT="46" WIDTH="17" VPOS="2269" HPOS="395"/>
                  <String HEIGHT="46"
                          WIDTH="116"
                          VPOS="2269"
                          HPOS="346"
                          CONTENT="vel"/>
                  <SP HEIGHT="46" WIDTH="17" VPOS="2269" HPOS="462"/>
                  <String HEIGHT="46"
                          WIDTH="215"
                          VPOS="2269"
                          HPOS="412"
                          CONTENT="numeratum"/>
                  <SP HEIGHT="46" WIDTH="17" VPOS="2269" HPOS="627"/>
                  <String HEIGHT="46" WIDTH="99" VPOS="2269" HPOS="578" CONTENT="in"/>
                  <SP HEIGHT="46" WIDTH="17" VPOS="2269" HPOS="677"/>
                  <String HEIGHT="46"
                          WIDTH="132"
                          VPOS="2269"
                          HPOS="627"
                          CONTENT="motu"/>
                  <SP HEIGHT="46" WIDTH="17" VPOS="2269" HPOS="760"/>
                  <String HEIGHT="46"
                          WIDTH="149"
                          VPOS="2269"
                          HPOS="710"
                          CONTENT="primi"/>
                  <SP HEIGHT="46" WIDTH="17" VPOS="2269" HPOS="859"/>
                  <String HEIGHT="46"
                          WIDTH="199"
                          VPOS="2269"
                          HPOS="809"
                          CONTENT="mobilis;"/>
                  <SP HEIGHT="46" WIDTH="17" VPOS="2269" HPOS="1008"/>
                  <String HEIGHT="46"
                          WIDTH="132"
                          VPOS="2269"
                          HPOS="959"
                          CONTENT="ergo"/>
                  <SP HEIGHT="46" WIDTH="17" VPOS="2269" HPOS="1091"/>
                  <String HEIGHT="46" WIDTH="66" VPOS="2269" HPOS="1025" CONTENT="&amp;c"/>
               </TextLine>
               <TextLine ID="r1l142"
                         BASELINE="2350"
                         HEIGHT="55"
                         WIDTH="818"
                         VPOS="2295"
                         HPOS="291">
                  <String HEIGHT="55"
                          WIDTH="180"
                          VPOS="2295"
                          HPOS="275"
                          CONTENT="Secundo"/>
                  <SP HEIGHT="55" WIDTH="16" VPOS="2295" HPOS="455"/>
                  <String HEIGHT="55"
                          WIDTH="147"
                          VPOS="2295"
                          HPOS="406"
                          CONTENT="dico,"/>
                  <SP HEIGHT="55" WIDTH="16" VPOS="2295" HPOS="553"/>
                  <String HEIGHT="55"
                          WIDTH="131"
                          VPOS="2295"
                          HPOS="504"
                          CONTENT="quod"/>
                  <SP HEIGHT="55" WIDTH="16" VPOS="2295" HPOS="635"/>
                  <String HEIGHT="55"
                          WIDTH="164"
                          VPOS="2295"
                          HPOS="585"
                          CONTENT="tempus"/>
                  <SP HEIGHT="55" WIDTH="16" VPOS="2295" HPOS="749"/>
                  <String HEIGHT="55"
                          WIDTH="180"
                          VPOS="2295"
                          HPOS="700"
                          CONTENT="quantum"/>
                  <SP HEIGHT="55" WIDTH="16" VPOS="2295" HPOS="880"/>
                  <String HEIGHT="55" WIDTH="98" VPOS="2295" HPOS="831" CONTENT="ad"/>
                  <SP HEIGHT="55" WIDTH="16" VPOS="2295" HPOS="929"/>
                  <String HEIGHT="55"
                          WIDTH="131"
                          VPOS="2295"
                          HPOS="880"
                          CONTENT="suum"/>
                  <SP HEIGHT="55" WIDTH="16" VPOS="2295" HPOS="1011"/>
                  <String HEIGHT="55"
                          WIDTH="131"
                          VPOS="2295"
                          HPOS="962"
                          CONTENT="esse"/>
                  <SP HEIGHT="55" WIDTH="16" VPOS="2295" HPOS="1093"/>
                  <String HEIGHT="55"
                          WIDTH="82"
                          VPOS="2295"
                          HPOS="1027"
                          CONTENT="for"/>
               </TextLine>
               <TextLine ID="r1l144"
                         BASELINE="2388"
                         HEIGHT="48"
                         WIDTH="639"
                         VPOS="2340"
                         HPOS="264">
                  <String HEIGHT="48"
                          WIDTH="122"
                          VPOS="2340"
                          HPOS="249"
                          CONTENT="male"/>
                  <SP HEIGHT="48" WIDTH="15" VPOS="2340" HPOS="370"/>
                  <String HEIGHT="48"
                          WIDTH="213"
                          VPOS="2340"
                          HPOS="325"
                          CONTENT="necessario"/>
                  <SP HEIGHT="48" WIDTH="15" VPOS="2340" HPOS="538"/>
                  <String HEIGHT="48"
                          WIDTH="183"
                          VPOS="2340"
                          HPOS="492"
                          CONTENT="dependet"/>
                  <SP HEIGHT="48" WIDTH="15" VPOS="2340" HPOS="675"/>
                  <String HEIGHT="48" WIDTH="91" VPOS="2340" HPOS="629" CONTENT="ab"/>
                  <SP HEIGHT="48" WIDTH="15" VPOS="2340" HPOS="720"/>
                  <String HEIGHT="48"
                          WIDTH="122"
                          VPOS="2340"
                          HPOS="675"
                          CONTENT="actu"/>
                  <SP HEIGHT="48" WIDTH="15" VPOS="2340" HPOS="797"/>
                  <String HEIGHT="48"
                          WIDTH="167"
                          VPOS="2340"
                          HPOS="736"
                          CONTENT="rationis."/>
               </TextLine>
               <TextLine ID="r1l147"
                         BASELINE="2434"
                         HEIGHT="59"
                         WIDTH="817"
                         VPOS="2375"
                         HPOS="280">
                  <String HEIGHT="59" WIDTH="80" VPOS="2375" HPOS="264" CONTENT="1"/>
                  <SP HEIGHT="59" WIDTH="16" VPOS="2375" HPOS="344"/>
                  <String HEIGHT="59"
                          WIDTH="128"
                          VPOS="2375"
                          HPOS="296"
                          CONTENT="Quia"/>
                  <SP HEIGHT="59" WIDTH="16" VPOS="2375" HPOS="424"/>
                  <String HEIGHT="59"
                          WIDTH="240"
                          VPOS="2375"
                          HPOS="376"
                          CONTENT="impossibile"/>
                  <SP HEIGHT="59" WIDTH="16" VPOS="2375" HPOS="616"/>
                  <String HEIGHT="59"
                          WIDTH="112"
                          VPOS="2375"
                          HPOS="568"
                          CONTENT="est"/>
                  <SP HEIGHT="59" WIDTH="16" VPOS="2375" HPOS="680"/>
                  <String HEIGHT="59"
                          WIDTH="128"
                          VPOS="2375"
                          HPOS="632"
                          CONTENT="esse"/>
                  <SP HEIGHT="59" WIDTH="16" VPOS="2375" HPOS="761"/>
                  <String HEIGHT="59"
                          WIDTH="208"
                          VPOS="2375"
                          HPOS="713"
                          CONTENT="numeratum"/>
                  <SP HEIGHT="59" WIDTH="16" VPOS="2375" HPOS="921"/>
                  <String HEIGHT="59"
                          WIDTH="224"
                          VPOS="2375"
                          HPOS="873"
                          CONTENT="actualiter"/>
                  <SP HEIGHT="59" WIDTH="16" VPOS="2375" HPOS="1097"/>
                  <String HEIGHT="59" WIDTH="64" VPOS="2375" HPOS="1033" CONTENT="si"/>
               </TextLine>
               <TextLine ID="r1l149"
                         BASELINE="2471"
                         HEIGHT="52"
                         WIDTH="845"
                         VPOS="2419"
                         HPOS="263">
                  <String HEIGHT="52" WIDTH="96" VPOS="2419" HPOS="247" CONTENT="ne"/>
                  <SP HEIGHT="52" WIDTH="16" VPOS="2419" HPOS="343"/>
                  <String HEIGHT="52"
                          WIDTH="223"
                          VPOS="2419"
                          HPOS="295"
                          CONTENT="numerante,"/>
                  <SP HEIGHT="52" WIDTH="16" VPOS="2419" HPOS="518"/>
                  <String HEIGHT="52"
                          WIDTH="112"
                          VPOS="2419"
                          HPOS="470"
                          CONTENT="sed"/>
                  <SP HEIGHT="52" WIDTH="16" VPOS="2419" HPOS="582"/>
                  <String HEIGHT="52"
                          WIDTH="159"
                          VPOS="2419"
                          HPOS="534"
                          CONTENT="tempus"/>
                  <SP HEIGHT="52" WIDTH="16" VPOS="2419" HPOS="693"/>
                  <String HEIGHT="52"
                          WIDTH="112"
                          VPOS="2419"
                          HPOS="646"
                          CONTENT="est"/>
                  <SP HEIGHT="52" WIDTH="16" VPOS="2419" HPOS="757"/>
                  <String HEIGHT="52"
                          WIDTH="143"
                          VPOS="2419"
                          HPOS="709"
                          CONTENT="motus"/>
                  <SP HEIGHT="52" WIDTH="16" VPOS="2419" HPOS="853"/>
                  <String HEIGHT="52"
                          WIDTH="207"
                          VPOS="2419"
                          HPOS="805"
                          CONTENT="numeratus"/>
                  <SP HEIGHT="52" WIDTH="16" VPOS="2419" HPOS="1012"/>
                  <String HEIGHT="52"
                          WIDTH="159"
                          VPOS="2419"
                          HPOS="949"
                          CONTENT="secundum"/>
               </TextLine>
               <TextLine ID="r1l151"
                         BASELINE="2520"
                         HEIGHT="61"
                         WIDTH="617"
                         VPOS="2459"
                         HPOS="257">
                  <String HEIGHT="61"
                          WIDTH="150"
                          VPOS="2459"
                          HPOS="242"
                          CONTENT="prius,"/>
                  <SP HEIGHT="61" WIDTH="15" VPOS="2459" HPOS="392"/>
                  <String HEIGHT="61" WIDTH="75" VPOS="2459" HPOS="347" CONTENT="&amp;"/>
                  <SP HEIGHT="61" WIDTH="15" VPOS="2459" HPOS="423"/>
                  <String HEIGHT="61"
                          WIDTH="211"
                          VPOS="2459"
                          HPOS="377"
                          CONTENT="posterius,"/>
                  <SP HEIGHT="61" WIDTH="15" VPOS="2459" HPOS="588"/>
                  <String HEIGHT="61"
                          WIDTH="135"
                          VPOS="2459"
                          HPOS="543"
                          CONTENT="prout"/>
                  <SP HEIGHT="61" WIDTH="15" VPOS="2459" HPOS="678"/>
                  <String HEIGHT="61"
                          WIDTH="105"
                          VPOS="2459"
                          HPOS="633"
                          CONTENT="iam"/>
                  <SP HEIGHT="61" WIDTH="15" VPOS="2459" HPOS="739"/>
                  <String HEIGHT="61"
                          WIDTH="150"
                          VPOS="2459"
                          HPOS="693"
                          CONTENT="dictum"/>
                  <SP HEIGHT="61" WIDTH="15" VPOS="2459" HPOS="844"/>
                  <String HEIGHT="61"
                          WIDTH="90"
                          VPOS="2459"
                          HPOS="784"
                          CONTENT="est."/>
               </TextLine>
               <TextLine ID="r1l153"
                         BASELINE="2547"
                         HEIGHT="48"
                         WIDTH="816"
                         VPOS="2499"
                         HPOS="288">
                  <String HEIGHT="48" WIDTH="82" VPOS="2499" HPOS="272" CONTENT="2"/>
                  <SP HEIGHT="48" WIDTH="16" VPOS="2499" HPOS="353"/>
                  <String HEIGHT="48"
                          WIDTH="228"
                          VPOS="2499"
                          HPOS="304"
                          CONTENT="Praeterea,"/>
                  <SP HEIGHT="48" WIDTH="16" VPOS="2499" HPOS="533"/>
                  <String HEIGHT="48"
                          WIDTH="196"
                          VPOS="2499"
                          HPOS="484"
                          CONTENT="secundum"/>
                  <SP HEIGHT="48" WIDTH="16" VPOS="2499" HPOS="680"/>
                  <String HEIGHT="48"
                          WIDTH="163"
                          VPOS="2499"
                          HPOS="631"
                          CONTENT="beatum"/>
                  <SP HEIGHT="48" WIDTH="16" VPOS="2499" HPOS="794"/>
                  <String HEIGHT="48"
                          WIDTH="180"
                          VPOS="2499"
                          HPOS="745"
                          CONTENT="August."/>
                  <SP HEIGHT="48" WIDTH="16" VPOS="2499" HPOS="924"/>
                  <String HEIGHT="48"
                          WIDTH="114"
                          VPOS="2499"
                          HPOS="876"
                          CONTENT="11."/>
                  <SP HEIGHT="48" WIDTH="16" VPOS="2499" HPOS="990"/>
                  <String HEIGHT="48"
                          WIDTH="180"
                          VPOS="2499"
                          HPOS="924"
                          CONTENT="confestem"/>
               </TextLine>
               <TextLine ID="r1l155"
                         BASELINE="2592"
                         HEIGHT="51"
                         WIDTH="843"
                         VPOS="2541"
                         HPOS="266">
                  <String HEIGHT="51"
                          WIDTH="104"
                          VPOS="2541"
                          HPOS="251"
                          CONTENT="pus"/>
                  <SP HEIGHT="51" WIDTH="15" VPOS="2541" HPOS="355"/>
                  <String HEIGHT="51"
                          WIDTH="104"
                          VPOS="2541"
                          HPOS="310"
                          CONTENT="est"/>
                  <SP HEIGHT="51" WIDTH="15" VPOS="2541" HPOS="414"/>
                  <String HEIGHT="51"
                          WIDTH="207"
                          VPOS="2541"
                          HPOS="370"
                          CONTENT="conceptio,"/>
                  <SP HEIGHT="51" WIDTH="15" VPOS="2541" HPOS="577"/>
                  <String HEIGHT="51"
                          WIDTH="104"
                          VPOS="2541"
                          HPOS="532"
                          CONTENT="vel"/>
                  <SP HEIGHT="51" WIDTH="15" VPOS="2541" HPOS="636"/>
                  <String HEIGHT="51"
                          WIDTH="177"
                          VPOS="2541"
                          HPOS="591"
                          CONTENT="affectio"/>
                  <SP HEIGHT="51" WIDTH="15" VPOS="2541" HPOS="769"/>
                  <String HEIGHT="51"
                          WIDTH="148"
                          VPOS="2541"
                          HPOS="724"
                          CONTENT="animi,"/>
                  <SP HEIGHT="51" WIDTH="15" VPOS="2541" HPOS="872"/>
                  <String HEIGHT="51"
                          WIDTH="104"
                          VPOS="2541"
                          HPOS="828"
                          CONTENT="qua"/>
                  <SP HEIGHT="51" WIDTH="15" VPOS="2541" HPOS="932"/>
                  <String HEIGHT="51"
                          WIDTH="133"
                          VPOS="2541"
                          HPOS="887"
                          CONTENT="anima"/>
                  <SP HEIGHT="51" WIDTH="15" VPOS="2541" HPOS="1020"/>
                  <String HEIGHT="51"
                          WIDTH="148"
                          VPOS="2541"
                          HPOS="961"
                          CONTENT="concipit"/>
               </TextLine>
               <TextLine ID="r1l157"
                         BASELINE="2629"
                         HEIGHT="49"
                         WIDTH="842"
                         VPOS="2580"
                         HPOS="261">
                  <String HEIGHT="49"
                          WIDTH="105"
                          VPOS="2580"
                          HPOS="246"
                          CONTENT="rem"/>
                  <SP HEIGHT="49" WIDTH="15" VPOS="2580" HPOS="351"/>
                  <String HEIGHT="49"
                          WIDTH="241"
                          VPOS="2580"
                          HPOS="306"
                          CONTENT="transeuntem:"/>
                  <SP HEIGHT="49" WIDTH="15" VPOS="2580" HPOS="547"/>
                  <String HEIGHT="49"
                          WIDTH="135"
                          VPOS="2580"
                          HPOS="502"
                          CONTENT="quia,"/>
                  <SP HEIGHT="49" WIDTH="15" VPOS="2580" HPOS="637"/>
                  <String HEIGHT="49" WIDTH="90" VPOS="2580" HPOS="592" CONTENT="vt"/>
                  <SP HEIGHT="49" WIDTH="15" VPOS="2580" HPOS="682"/>
                  <String HEIGHT="49"
                          WIDTH="105"
                          VPOS="2580"
                          HPOS="637"
                          CONTENT="ait"/>
                  <SP HEIGHT="49" WIDTH="15" VPOS="2580" HPOS="742"/>
                  <String HEIGHT="49"
                          WIDTH="165"
                          VPOS="2580"
                          HPOS="697"
                          CONTENT="August."/>
                  <SP HEIGHT="49" WIDTH="15" VPOS="2580" HPOS="862"/>
                  <String HEIGHT="49"
                          WIDTH="165"
                          VPOS="2580"
                          HPOS="817"
                          CONTENT="ibidem,"/>
                  <SP HEIGHT="49" WIDTH="15" VPOS="2580" HPOS="983"/>
                  <String HEIGHT="49"
                          WIDTH="150"
                          VPOS="2580"
                          HPOS="938"
                          CONTENT="tempus"/>
                  <SP HEIGHT="49" WIDTH="15" VPOS="2580" HPOS="1088"/>
                  <String HEIGHT="49"
                          WIDTH="75"
                          VPOS="2580"
                          HPOS="1028"
                          CONTENT="non"/>
               </TextLine>
               <TextLine ID="r1l160"
                         BASELINE="2663"
                         HEIGHT="51"
                         WIDTH="843"
                         VPOS="2612"
                         HPOS="267">
                  <String HEIGHT="51"
                          WIDTH="109"
                          VPOS="2612"
                          HPOS="251"
                          CONTENT="est"/>
                  <SP HEIGHT="51" WIDTH="16" VPOS="2612" HPOS="361"/>
                  <String HEIGHT="51"
                          WIDTH="172"
                          VPOS="2612"
                          HPOS="314"
                          CONTENT="aliquid"/>
                  <SP HEIGHT="51" WIDTH="16" VPOS="2612" HPOS="486"/>
                  <String HEIGHT="51"
                          WIDTH="141"
                          VPOS="2612"
                          HPOS="439"
                          CONTENT="extra"/>
                  <SP HEIGHT="51" WIDTH="16" VPOS="2612" HPOS="579"/>
                  <String HEIGHT="51"
                          WIDTH="156"
                          VPOS="2612"
                          HPOS="532"
                          CONTENT="animam"/>
                  <SP HEIGHT="51" WIDTH="16" VPOS="2612" HPOS="689"/>
                  <String HEIGHT="51"
                          WIDTH="172"
                          VPOS="2612"
                          HPOS="642"
                          CONTENT="ratione"/>
                  <SP HEIGHT="51" WIDTH="16" VPOS="2612" HPOS="813"/>
                  <String HEIGHT="51"
                          WIDTH="234"
                          VPOS="2612"
                          HPOS="767"
                          CONTENT="praeteriti;"/>
                  <SP HEIGHT="51" WIDTH="16" VPOS="2612" HPOS="1001"/>
                  <String HEIGHT="51"
                          WIDTH="125"
                          VPOS="2612"
                          HPOS="954"
                          CONTENT="quia"/>
                  <SP HEIGHT="51" WIDTH="16" VPOS="2612" HPOS="1079"/>
                  <String HEIGHT="51"
                          WIDTH="94"
                          VPOS="2612"
                          HPOS="1016"
                          CONTENT="quod"/>
               </TextLine>
               <TextLine ID="r1l163"
                         BASELINE="2707"
                         HEIGHT="54"
                         WIDTH="824"
                         VPOS="2653"
                         HPOS="275">
                  <String HEIGHT="54"
                          WIDTH="221"
                          VPOS="2653"
                          HPOS="260"
                          CONTENT="praeteriit,"/>
                  <SP HEIGHT="54" WIDTH="15" VPOS="2653" HPOS="481"/>
                  <String HEIGHT="54"
                          WIDTH="103"
                          VPOS="2653"
                          HPOS="437"
                          CONTENT="non"/>
                  <SP HEIGHT="54" WIDTH="15" VPOS="2653" HPOS="540"/>
                  <String HEIGHT="54"
                          WIDTH="118"
                          VPOS="2653"
                          HPOS="496"
                          CONTENT="est,"/>
                  <SP HEIGHT="54" WIDTH="15" VPOS="2653" HPOS="613"/>
                  <String HEIGHT="54"
                          WIDTH="103"
                          VPOS="2653"
                          HPOS="569"
                          CONTENT="nec"/>
                  <SP HEIGHT="54" WIDTH="15" VPOS="2653" HPOS="672"/>
                  <String HEIGHT="54"
                          WIDTH="162"
                          VPOS="2653"
                          HPOS="628"
                          CONTENT="ratione"/>
                  <SP HEIGHT="54" WIDTH="15" VPOS="2653" HPOS="790"/>
                  <String HEIGHT="54"
                          WIDTH="162"
                          VPOS="2653"
                          HPOS="746"
                          CONTENT="futuri,"/>
                  <SP HEIGHT="54" WIDTH="15" VPOS="2653" HPOS="908"/>
                  <String HEIGHT="54"
                          WIDTH="118"
                          VPOS="2653"
                          HPOS="864"
                          CONTENT="quia"/>
                  <SP HEIGHT="54" WIDTH="15" VPOS="2653" HPOS="981"/>
                  <String HEIGHT="54"
                          WIDTH="147"
                          VPOS="2653"
                          HPOS="937"
                          CONTENT="nondum"/>
                  <SP HEIGHT="54" WIDTH="15" VPOS="2653" HPOS="1084"/>
                  <String HEIGHT="54"
                          WIDTH="74"
                          VPOS="2653"
                          HPOS="1025"
                          CONTENT="est"/>
               </TextLine>
               <TextLine ID="r1l165"
                         BASELINE="2745"
                         HEIGHT="51"
                         WIDTH="857"
                         VPOS="2694"
                         HPOS="258">
                  <String HEIGHT="51" WIDTH="98" VPOS="2694" HPOS="244" CONTENT="nec"/>
                  <SP HEIGHT="51" WIDTH="14" VPOS="2694" HPOS="342"/>
                  <String HEIGHT="51"
                          WIDTH="155"
                          VPOS="2694"
                          HPOS="300"
                          CONTENT="ratione"/>
                  <SP HEIGHT="51" WIDTH="14" VPOS="2694" HPOS="455"/>
                  <String HEIGHT="51"
                          WIDTH="197"
                          VPOS="2694"
                          HPOS="413"
                          CONTENT="presentis:"/>
                  <SP HEIGHT="51" WIDTH="14" VPOS="2694" HPOS="609"/>
                  <String HEIGHT="51"
                          WIDTH="112"
                          VPOS="2694"
                          HPOS="567"
                          CONTENT="quia"/>
                  <SP HEIGHT="51" WIDTH="14" VPOS="2694" HPOS="679"/>
                  <String HEIGHT="51"
                          WIDTH="183"
                          VPOS="2694"
                          HPOS="637"
                          CONTENT="praesens,"/>
                  <SP HEIGHT="51" WIDTH="14" VPOS="2694" HPOS="820"/>
                  <String HEIGHT="51"
                          WIDTH="112"
                          VPOS="2694"
                          HPOS="778"
                          CONTENT="siue"/>
                  <SP HEIGHT="51" WIDTH="14" VPOS="2694" HPOS="890"/>
                  <String HEIGHT="51"
                          WIDTH="155"
                          VPOS="2694"
                          HPOS="848"
                          CONTENT="instans"/>
                  <SP HEIGHT="51" WIDTH="14" VPOS="2694" HPOS="1003"/>
                  <String HEIGHT="51" WIDTH="98" VPOS="2694" HPOS="960" CONTENT="nec"/>
                  <SP HEIGHT="51" WIDTH="14" VPOS="2694" HPOS="1059"/>
                  <String HEIGHT="51"
                          WIDTH="98"
                          VPOS="2694"
                          HPOS="1017"
                          CONTENT="est"/>
                  <SP HEIGHT="51" WIDTH="14" VPOS="2694" HPOS="1115"/>
                  <String HEIGHT="51" WIDTH="56" VPOS="2694" HPOS="1059" CONTENT="te"/>
               </TextLine>
               <TextLine ID="r1l168"
                         BASELINE="2787"
                         HEIGHT="50"
                         WIDTH="836"
                         VPOS="2737"
                         HPOS="267">
                  <String HEIGHT="50"
                          WIDTH="113"
                          VPOS="2737"
                          HPOS="253"
                          CONTENT="pus,"/>
                  <SP HEIGHT="50" WIDTH="14" VPOS="2737" HPOS="366"/>
                  <String HEIGHT="50" WIDTH="99" VPOS="2737" HPOS="324" CONTENT="nec"/>
                  <SP HEIGHT="50" WIDTH="14" VPOS="2737" HPOS="423"/>
                  <String HEIGHT="50"
                          WIDTH="113"
                          VPOS="2737"
                          HPOS="380"
                          CONTENT="pars"/>
                  <SP HEIGHT="50" WIDTH="14" VPOS="2737" HPOS="494"/>
                  <String HEIGHT="50"
                          WIDTH="184"
                          VPOS="2737"
                          HPOS="451"
                          CONTENT="temporis;"/>
                  <SP HEIGHT="50" WIDTH="14" VPOS="2737" HPOS="635"/>
                  <String HEIGHT="50" WIDTH="85" VPOS="2737" HPOS="593" CONTENT="si"/>
                  <SP HEIGHT="50" WIDTH="14" VPOS="2737" HPOS="678"/>
                  <String HEIGHT="50"
                          WIDTH="113"
                          VPOS="2737"
                          HPOS="635"
                          CONTENT="enim"/>
                  <SP HEIGHT="50" WIDTH="14" VPOS="2737" HPOS="749"/>
                  <String HEIGHT="50"
                          WIDTH="128"
                          VPOS="2737"
                          HPOS="706"
                          CONTENT="esset"/>
                  <SP HEIGHT="50" WIDTH="14" VPOS="2737" HPOS="834"/>
                  <String HEIGHT="50"
                          WIDTH="142"
                          VPOS="2737"
                          HPOS="791"
                          CONTENT="tempus"/>
                  <SP HEIGHT="50" WIDTH="14" VPOS="2737" HPOS="933"/>
                  <String HEIGHT="50"
                          WIDTH="184"
                          VPOS="2737"
                          HPOS="890"
                          CONTENT="praesens,"/>
                  <SP HEIGHT="50" WIDTH="14" VPOS="2737" HPOS="1075"/>
                  <String HEIGHT="50"
                          WIDTH="85"
                          VPOS="2737"
                          HPOS="1018"
                          CONTENT="tun"
                          SUBS_TYPE="HypPart1"
                          SUBS_CONTENT="tunnumqua"/>
                  <HYP CONTENT="-"/>
               </TextLine>
               <TextLine ID="r1l170"
                         BASELINE="2822"
                         HEIGHT="45"
                         WIDTH="589"
                         VPOS="2777"
                         HPOS="264">
                  <String HEIGHT="45"
                          WIDTH="168"
                          VPOS="2777"
                          HPOS="247"
                          CONTENT="numqua"
                          SUBS_TYPE="HypPart2"
                          SUBS_CONTENT="tunnumqua"/>
                  <SP HEIGHT="45" WIDTH="17" VPOS="2777" HPOS="415"/>
                  <String HEIGHT="45"
                          WIDTH="219"
                          VPOS="2777"
                          HPOS="365"
                          CONTENT="transiret"/>
                  <SP HEIGHT="45" WIDTH="17" VPOS="2777" HPOS="584"/>
                  <String HEIGHT="45" WIDTH="84" VPOS="2777" HPOS="533" CONTENT="&amp;"/>
                  <SP HEIGHT="45" WIDTH="17" VPOS="2777" HPOS="617"/>
                  <String HEIGHT="45"
                          WIDTH="151"
                          VPOS="2777"
                          HPOS="567"
                          CONTENT="esset"/>
                  <SP HEIGHT="45" WIDTH="17" VPOS="2777" HPOS="718"/>
                  <String HEIGHT="45"
                          WIDTH="202"
                          VPOS="2777"
                          HPOS="651"
                          CONTENT="aeternitas"/>
               </TextLine>
               <TextLine ID="r1l172"
                         BASELINE="2868"
                         HEIGHT="57"
                         WIDTH="787"
                         VPOS="2811"
                         HPOS="314">
                  <String HEIGHT="57" WIDTH="69" VPOS="2811" HPOS="300" CONTENT="3"/>
                  <SP HEIGHT="57" WIDTH="14" VPOS="2811" HPOS="369"/>
                  <String HEIGHT="57"
                          WIDTH="193"
                          VPOS="2811"
                          HPOS="328"
                          CONTENT="Praeterea,"/>
                  <SP HEIGHT="57" WIDTH="14" VPOS="2811" HPOS="521"/>
                  <String HEIGHT="57"
                          WIDTH="110"
                          VPOS="2811"
                          HPOS="480"
                          CONTENT="ista"/>
                  <SP HEIGHT="57" WIDTH="14" VPOS="2811" HPOS="590"/>
                  <String HEIGHT="57"
                          WIDTH="152"
                          VPOS="2811"
                          HPOS="549"
                          CONTENT="videtur"/>
                  <SP HEIGHT="57" WIDTH="14" VPOS="2811" HPOS="701"/>
                  <String HEIGHT="57"
                          WIDTH="110"
                          VPOS="2811"
                          HPOS="659"
                          CONTENT="esse"/>
                  <SP HEIGHT="57" WIDTH="14" VPOS="2811" HPOS="770"/>
                  <String HEIGHT="57"
                          WIDTH="166"
                          VPOS="2811"
                          HPOS="728"
                          CONTENT="intentio"/>
                  <SP HEIGHT="57" WIDTH="14" VPOS="2811" HPOS="894"/>
                  <String HEIGHT="57"
                          WIDTH="152"
                          VPOS="2811"
                          HPOS="852"
                          CONTENT="Aristo."/>
                  <SP HEIGHT="57" WIDTH="14" VPOS="2811" HPOS="1004"/>
                  <String HEIGHT="57" WIDTH="83" VPOS="2811" HPOS="963" CONTENT="2."/>
                  <SP HEIGHT="57" WIDTH="14" VPOS="2811" HPOS="1046"/>
                  <String HEIGHT="57"
                          WIDTH="110"
                          VPOS="2811"
                          HPOS="991"
                          CONTENT="physi"
                          SUBS_TYPE="HypPart1"
                          SUBS_CONTENT="physicorum,"/>
                  <HYP CONTENT="-"/>
               </TextLine>
               <TextLine ID="r1l175"
                         BASELINE="2902"
                         HEIGHT="51"
                         WIDTH="833"
                         VPOS="2851"
                         HPOS="275">
                  <String HEIGHT="51"
                          WIDTH="144"
                          VPOS="2851"
                          HPOS="261"
                          CONTENT="corum,"
                          SUBS_TYPE="HypPart2"
                          SUBS_CONTENT="physicorum,"/>
                  <SP HEIGHT="51" WIDTH="14" VPOS="2851" HPOS="404"/>
                  <String HEIGHT="51"
                          WIDTH="101"
                          VPOS="2851"
                          HPOS="361"
                          CONTENT="vbi"/>
                  <SP HEIGHT="51" WIDTH="14" VPOS="2851" HPOS="462"/>
                  <String HEIGHT="51"
                          WIDTH="101"
                          VPOS="2851"
                          HPOS="419"
                          CONTENT="sic"/>
                  <SP HEIGHT="51" WIDTH="14" VPOS="2851" HPOS="519"/>
                  <String HEIGHT="51"
                          WIDTH="115"
                          VPOS="2851"
                          HPOS="476"
                          CONTENT="ait,"/>
                  <SP HEIGHT="51" WIDTH="14" VPOS="2851" HPOS="591"/>
                  <String HEIGHT="51" WIDTH="86" VPOS="2851" HPOS="548" CONTENT="Et"/>
                  <SP HEIGHT="51" WIDTH="14" VPOS="2851" HPOS="634"/>
                  <String HEIGHT="51" WIDTH="86" VPOS="2851" HPOS="591" CONTENT="si"/>
                  <SP HEIGHT="51" WIDTH="14" VPOS="2851" HPOS="677"/>
                  <String HEIGHT="51"
                          WIDTH="115"
                          VPOS="2851"
                          HPOS="634"
                          CONTENT="sint"/>
                  <SP HEIGHT="51" WIDTH="14" VPOS="2851" HPOS="749"/>
                  <String HEIGHT="51"
                          WIDTH="172"
                          VPOS="2851"
                          HPOS="706"
                          CONTENT="tenebre,"/>
                  <SP HEIGHT="51" WIDTH="14" VPOS="2851" HPOS="878"/>
                  <String HEIGHT="51" WIDTH="72" VPOS="2851" HPOS="835" CONTENT="&amp;"/>
                  <SP HEIGHT="51" WIDTH="14" VPOS="2851" HPOS="907"/>
                  <String HEIGHT="51"
                          WIDTH="129"
                          VPOS="2851"
                          HPOS="864"
                          CONTENT="nihil"/>
                  <SP HEIGHT="51" WIDTH="14" VPOS="2851" HPOS="993"/>
                  <String HEIGHT="51"
                          WIDTH="101"
                          VPOS="2851"
                          HPOS="950"
                          CONTENT="per"/>
                  <SP HEIGHT="51" WIDTH="14" VPOS="2851" HPOS="1051"/>
                  <String HEIGHT="51"
                          WIDTH="115"
                          VPOS="2851"
                          HPOS="993"
                          CONTENT="corpus"/>
               </TextLine>
               <TextLine ID="r1l177"
                         BASELINE="2946"
                         HEIGHT="59"
                         WIDTH="830"
                         VPOS="2887"
                         HPOS="279">
                  <String HEIGHT="59"
                          WIDTH="200"
                          VPOS="2887"
                          HPOS="264"
                          CONTENT="patiamur,"/>
                  <SP HEIGHT="59" WIDTH="15" VPOS="2887" HPOS="463"/>
                  <String HEIGHT="59"
                          WIDTH="138"
                          VPOS="2887"
                          HPOS="417"
                          CONTENT="motus"/>
                  <SP HEIGHT="59" WIDTH="15" VPOS="2887" HPOS="556"/>
                  <String HEIGHT="59"
                          WIDTH="138"
                          VPOS="2887"
                          HPOS="510"
                          CONTENT="autem"/>
                  <SP HEIGHT="59" WIDTH="15" VPOS="2887" HPOS="648"/>
                  <String HEIGHT="59"
                          WIDTH="154"
                          VPOS="2887"
                          HPOS="602"
                          CONTENT="quidam"/>
                  <SP HEIGHT="59" WIDTH="15" VPOS="2887" HPOS="755"/>
                  <String HEIGHT="59" WIDTH="92" VPOS="2887" HPOS="709" CONTENT="in"/>
                  <SP HEIGHT="59" WIDTH="15" VPOS="2887" HPOS="802"/>
                  <String HEIGHT="59"
                          WIDTH="138"
                          VPOS="2887"
                          HPOS="755"
                          CONTENT="anima"/>
                  <SP HEIGHT="59" WIDTH="15" VPOS="2887" HPOS="894"/>
                  <String HEIGHT="59"
                          WIDTH="123"
                          VPOS="2887"
                          HPOS="848"
                          CONTENT="est,"/>
                  <SP HEIGHT="59" WIDTH="15" VPOS="2887" HPOS="971"/>
                  <String HEIGHT="59" WIDTH="92" VPOS="2887" HPOS="925" CONTENT="in"/>
                  <SP HEIGHT="59" WIDTH="15" VPOS="2887" HPOS="1017"/>
                  <String HEIGHT="59"
                          WIDTH="108"
                          VPOS="2887"
                          HPOS="971"
                          CONTENT="qua"/>
                  <SP HEIGHT="59" WIDTH="15" VPOS="2887" HPOS="1078"/>
                  <String HEIGHT="59"
                          WIDTH="92"
                          VPOS="2887"
                          HPOS="1017"
                          CONTENT="subi"/>
               </TextLine>
               <TextLine ID="r1l180"
                         BASELINE="2986"
                         HEIGHT="54"
                         WIDTH="480"
                         VPOS="2932"
                         HPOS="273">
                  <String HEIGHT="54" WIDTH="90" VPOS="2932" HPOS="258" CONTENT="to"/>
                  <SP HEIGHT="54" WIDTH="15" VPOS="2932" HPOS="348"/>
                  <String HEIGHT="54"
                          WIDTH="135"
                          VPOS="2932"
                          HPOS="303"
                          CONTENT="simul"/>
                  <SP HEIGHT="54" WIDTH="15" VPOS="2932" HPOS="438"/>
                  <String HEIGHT="54"
                          WIDTH="165"
                          VPOS="2932"
                          HPOS="393"
                          CONTENT="videtur"/>
                  <SP HEIGHT="54" WIDTH="15" VPOS="2932" HPOS="558"/>
                  <String HEIGHT="54"
                          WIDTH="150"
                          VPOS="2932"
                          HPOS="513"
                          CONTENT="fieri,"/>
                  <SP HEIGHT="54" WIDTH="15" VPOS="2932" HPOS="663"/>
                  <String HEIGHT="54" WIDTH="75" VPOS="2932" HPOS="618" CONTENT="&amp;"/>
                  <SP HEIGHT="54" WIDTH="15" VPOS="2932" HPOS="693"/>
                  <String HEIGHT="54"
                          WIDTH="120"
                          VPOS="2932"
                          HPOS="633"
                          CONTENT="tempus"/>
               </TextLine>
               <TextLine ID="r1l182"
                         BASELINE="3017"
                         HEIGHT="55"
                         WIDTH="790"
                         VPOS="2962"
                         HPOS="317">
                  <String HEIGHT="55" WIDTH="86" VPOS="2962" HPOS="300" CONTENT="4"/>
                  <SP HEIGHT="55" WIDTH="17" VPOS="2962" HPOS="386"/>
                  <String HEIGHT="55"
                          WIDTH="223"
                          VPOS="2962"
                          HPOS="334"
                          CONTENT="Preterea,"/>
                  <SP HEIGHT="55" WIDTH="17" VPOS="2962" HPOS="557"/>
                  <String HEIGHT="55"
                          WIDTH="258"
                          VPOS="2962"
                          HPOS="506"
                          CONTENT="Commentator"/>
                  <SP HEIGHT="55" WIDTH="17" VPOS="2962" HPOS="764"/>
                  <String HEIGHT="55"
                          WIDTH="172"
                          VPOS="2962"
                          HPOS="712"
                          CONTENT="ibidem"/>
                  <SP HEIGHT="55" WIDTH="17" VPOS="2962" HPOS="884"/>
                  <String HEIGHT="55"
                          WIDTH="137"
                          VPOS="2962"
                          HPOS="832"
                          CONTENT="ait,"/>
                  <SP HEIGHT="55" WIDTH="17" VPOS="2962" HPOS="970"/>
                  <String HEIGHT="55"
                          WIDTH="155"
                          VPOS="2962"
                          HPOS="918"
                          CONTENT="Tolle"/>
                  <SP HEIGHT="55" WIDTH="17" VPOS="2962" HPOS="1073"/>
                  <String HEIGHT="55"
                          WIDTH="103"
                          VPOS="2962"
                          HPOS="1004"
                          CONTENT="ani"
                          SUBS_TYPE="HypPart1"
                          SUBS_CONTENT="animam,"/>
                  <HYP CONTENT="-"/>
               </TextLine>
               <TextLine ID="r1l184"
                         BASELINE="3062"
                         HEIGHT="56"
                         WIDTH="383"
                         VPOS="3006"
                         HPOS="273">
                  <String HEIGHT="56"
                          WIDTH="153"
                          VPOS="3006"
                          HPOS="254"
                          CONTENT="mam,"
                          SUBS_TYPE="HypPart2"
                          SUBS_CONTENT="animam,"/>
                  <SP HEIGHT="56" WIDTH="19" VPOS="3006" HPOS="407"/>
                  <String HEIGHT="56"
                          WIDTH="192"
                          VPOS="3006"
                          HPOS="350"
                          CONTENT="tollis"/>
                  <SP HEIGHT="56" WIDTH="19" VPOS="3006" HPOS="541"/>
                  <String HEIGHT="56" WIDTH="96" VPOS="3006" HPOS="484" CONTENT="&amp;"/>
                  <SP HEIGHT="56" WIDTH="19" VPOS="3006" HPOS="579"/>
                  <String HEIGHT="56"
                          WIDTH="153"
                          VPOS="3006"
                          HPOS="503"
                          CONTENT="tempus"/>
               </TextLine>
               <TextLine ID="r1l186"
                         BASELINE="3103"
                         HEIGHT="64"
                         WIDTH="794"
                         VPOS="3039"
                         HPOS="318">
                  <String HEIGHT="64" WIDTH="79" VPOS="3039" HPOS="302" CONTENT="s"/>
                  <SP HEIGHT="64" WIDTH="16" VPOS="3039" HPOS="382"/>
                  <String HEIGHT="64"
                          WIDTH="222"
                          VPOS="3039"
                          HPOS="334"
                          CONTENT="Praeterea,"/>
                  <SP HEIGHT="64" WIDTH="16" VPOS="3039" HPOS="556"/>
                  <String HEIGHT="64"
                          WIDTH="191"
                          VPOS="3039"
                          HPOS="509"
                          CONTENT="Qalenus,"/>
                  <SP HEIGHT="64" WIDTH="16" VPOS="3039" HPOS="699"/>
                  <String HEIGHT="64" WIDTH="95" VPOS="3039" HPOS="651" CONTENT="vt"/>
                  <SP HEIGHT="64" WIDTH="16" VPOS="3039" HPOS="747"/>
                  <String HEIGHT="64"
                          WIDTH="175"
                          VPOS="3039"
                          HPOS="699"
                          CONTENT="recitat"/>
                  <SP HEIGHT="64" WIDTH="16" VPOS="3039" HPOS="874"/>
                  <String HEIGHT="64"
                          WIDTH="238"
                          VPOS="3039"
                          HPOS="826"
                          CONTENT="Commentator"/>
                  <SP HEIGHT="64" WIDTH="16" VPOS="3039" HPOS="1064"/>
                  <String HEIGHT="64" WIDTH="79" VPOS="3039" HPOS="1017" CONTENT="a"/>
                  <SP HEIGHT="64" WIDTH="16" VPOS="3039" HPOS="1096"/>
                  <String HEIGHT="64"
                          WIDTH="79"
                          VPOS="3039"
                          HPOS="1033"
                          CONTENT="phy"/>
               </TextLine>
               <TextLine ID="r1l189"
                         BASELINE="3134"
                         HEIGHT="45"
                         WIDTH="849"
                         VPOS="3089"
                         HPOS="257">
                  <String HEIGHT="45"
                          WIDTH="189"
                          VPOS="3089"
                          HPOS="241"
                          CONTENT="ficorum,"/>
                  <SP HEIGHT="45" WIDTH="16" VPOS="3089" HPOS="430"/>
                  <String HEIGHT="45"
                          WIDTH="126"
                          VPOS="3089"
                          HPOS="383"
                          CONTENT="ait,"/>
                  <SP HEIGHT="45" WIDTH="16" VPOS="3089" HPOS="509"/>
                  <String HEIGHT="45"
                          WIDTH="126"
                          VPOS="3089"
                          HPOS="461"
                          CONTENT="quod"/>
                  <SP HEIGHT="45" WIDTH="16" VPOS="3089" HPOS="587"/>
                  <String HEIGHT="45"
                          WIDTH="157"
                          VPOS="3089"
                          HPOS="540"
                          CONTENT="tempus"/>
                  <SP HEIGHT="45" WIDTH="16" VPOS="3089" HPOS="697"/>
                  <String HEIGHT="45"
                          WIDTH="110"
                          VPOS="3089"
                          HPOS="650"
                          CONTENT="non"/>
                  <SP HEIGHT="45" WIDTH="16" VPOS="3089" HPOS="760"/>
                  <String HEIGHT="45"
                          WIDTH="189"
                          VPOS="3089"
                          HPOS="713"
                          CONTENT="sequitur"/>
                  <SP HEIGHT="45" WIDTH="16" VPOS="3089" HPOS="902"/>
                  <String HEIGHT="45"
                          WIDTH="142"
                          VPOS="3089"
                          HPOS="854"
                          CONTENT="motum"/>
                  <SP HEIGHT="45" WIDTH="16" VPOS="3089" HPOS="996"/>
                  <String HEIGHT="45"
                          WIDTH="142"
                          VPOS="3089"
                          HPOS="949"
                          CONTENT="extra"/>
                  <SP HEIGHT="45" WIDTH="16" VPOS="3089" HPOS="1090"/>
                  <String HEIGHT="45"
                          WIDTH="79"
                          VPOS="3089"
                          HPOS="1027"
                          CONTENT="ani"/>
               </TextLine>
            </TextBlock>
            <TextBlock ID="TextRegion_1602687930580_778"
                       HEIGHT="2961"
                       WIDTH="872"
                       VPOS="202"
                       HPOS="1130">
               <Shape>
                  <Polygon POINTS="1130,202 2002,202 2002,3163 1130,3163 1130,3010"/>
               </Shape>
               <TextLine ID="r1l5"
                         BASELINE="311"
                         HEIGHT="65"
                         WIDTH="608"
                         VPOS="246"
                         HPOS="1140">
                  <String HEIGHT="65"
                          WIDTH="143"
                          VPOS="246"
                          HPOS="1122"
                          CONTENT="mam,"/>
                  <SP HEIGHT="65" WIDTH="18" VPOS="246" HPOS="1265"/>
                  <String HEIGHT="65"
                          WIDTH="125"
                          VPOS="246"
                          HPOS="1212"
                          CONTENT="sed"/>
                  <SP HEIGHT="65" WIDTH="18" VPOS="246" HPOS="1337"/>
                  <String HEIGHT="65"
                          WIDTH="161"
                          VPOS="246"
                          HPOS="1283"
                          CONTENT="motum"/>
                  <SP HEIGHT="65" WIDTH="18" VPOS="246" HPOS="1444"/>
                  <String HEIGHT="65"
                          WIDTH="250"
                          VPOS="246"
                          HPOS="1390"
                          CONTENT="imaginatum"/>
                  <SP HEIGHT="65" WIDTH="18" VPOS="246" HPOS="1641"/>
                  <String HEIGHT="65" WIDTH="107" VPOS="246" HPOS="1587" CONTENT="in"/>
                  <SP HEIGHT="65" WIDTH="18" VPOS="246" HPOS="1694"/>
                  <String HEIGHT="65"
                          WIDTH="125"
                          VPOS="246"
                          HPOS="1623"
                          CONTENT="anima"/>
               </TextLine>
               <TextLine ID="r1l7"
                         BASELINE="356"
                         HEIGHT="47"
                         WIDTH="805"
                         VPOS="309"
                         HPOS="1176">
                  <String HEIGHT="47"
                          WIDTH="120"
                          VPOS="309"
                          HPOS="1159"
                          CONTENT="Sed"/>
                  <SP HEIGHT="47" WIDTH="17" VPOS="309" HPOS="1279"/>
                  <String HEIGHT="47"
                          WIDTH="171"
                          VPOS="309"
                          HPOS="1227"
                          CONTENT="quidam"/>
                  <SP HEIGHT="47" WIDTH="17" VPOS="309" HPOS="1399"/>
                  <String HEIGHT="47"
                          WIDTH="206"
                          VPOS="309"
                          HPOS="1347"
                          CONTENT="doctores"/>
                  <SP HEIGHT="47" WIDTH="17" VPOS="309" HPOS="1553"/>
                  <String HEIGHT="47"
                          WIDTH="188"
                          VPOS="309"
                          HPOS="1501"
                          CONTENT="quamuis"/>
                  <SP HEIGHT="47" WIDTH="17" VPOS="309" HPOS="1690"/>
                  <String HEIGHT="47"
                          WIDTH="171"
                          VPOS="309"
                          HPOS="1638"
                          CONTENT="primam"/>
                  <SP HEIGHT="47" WIDTH="17" VPOS="309" HPOS="1810"/>
                  <String HEIGHT="47"
                          WIDTH="240"
                          VPOS="309"
                          HPOS="1741"
                          CONTENT="conclusionen"/>
               </TextLine>
               <TextLine ID="r1l10"
                         BASELINE="384"
                         HEIGHT="41"
                         WIDTH="848"
                         VPOS="343"
                         HPOS="1145">
                  <String HEIGHT="41"
                          WIDTH="220"
                          VPOS="343"
                          HPOS="1129"
                          CONTENT="concedant,"/>
                  <SP HEIGHT="41" WIDTH="16" VPOS="343" HPOS="1349"/>
                  <String HEIGHT="41"
                          WIDTH="236"
                          VPOS="343"
                          HPOS="1302"
                          CONTENT="fundamentum"/>
                  <SP HEIGHT="41" WIDTH="16" VPOS="343" HPOS="1538"/>
                  <String HEIGHT="41"
                          WIDTH="157"
                          VPOS="343"
                          HPOS="1490"
                          CONTENT="tamen,"/>
                  <SP HEIGHT="41" WIDTH="16" VPOS="343" HPOS="1648"/>
                  <String HEIGHT="41"
                          WIDTH="110"
                          VPOS="343"
                          HPOS="1600"
                          CONTENT="cui"/>
                  <SP HEIGHT="41" WIDTH="16" VPOS="343" HPOS="1710"/>
                  <String HEIGHT="41"
                          WIDTH="141"
                          VPOS="343"
                          HPOS="1663"
                          CONTENT="ratio"/>
                  <SP HEIGHT="41" WIDTH="16" VPOS="343" HPOS="1805"/>
                  <String HEIGHT="41"
                          WIDTH="220"
                          VPOS="343"
                          HPOS="1757"
                          CONTENT="innititur,"/>
                  <SP HEIGHT="41" WIDTH="16" VPOS="343" HPOS="1977"/>
                  <String HEIGHT="41"
                          WIDTH="79"
                          VPOS="343"
                          HPOS="1914"
                          CONTENT="ne"
                          SUBS_TYPE="HypPart1"
                          SUBS_CONTENT="negant,"/>
                  <HYP CONTENT="-"/>
               </TextLine>
               <TextLine ID="r1l13"
                         BASELINE="431"
                         HEIGHT="49"
                         WIDTH="295"
                         VPOS="382"
                         HPOS="1154">
                  <String HEIGHT="49"
                          WIDTH="126"
                          VPOS="382"
                          HPOS="1140"
                          CONTENT="gant,"
                          SUBS_TYPE="HypPart2"
                          SUBS_CONTENT="negant,"/>
                  <SP HEIGHT="49" WIDTH="14" VPOS="382" HPOS="1266"/>
                  <String HEIGHT="49"
                          WIDTH="126"
                          VPOS="382"
                          HPOS="1224"
                          CONTENT="quia,"/>
                  <SP HEIGHT="49" WIDTH="14" VPOS="382" HPOS="1351"/>
                  <String HEIGHT="49" WIDTH="84" VPOS="382" HPOS="1309" CONTENT="vt"/>
                  <SP HEIGHT="49" WIDTH="14" VPOS="382" HPOS="1393"/>
                  <String HEIGHT="49"
                          WIDTH="112"
                          VPOS="382"
                          HPOS="1337"
                          CONTENT="dicunt"/>
               </TextLine>
               <TextLine ID="r1l16"
                         BASELINE="468"
                         HEIGHT="58"
                         WIDTH="809"
                         VPOS="410"
                         HPOS="1181">
                  <String HEIGHT="58" WIDTH="86" VPOS="410" HPOS="1164" CONTENT="1"/>
                  <SP HEIGHT="58" WIDTH="17" VPOS="410" HPOS="1250"/>
                  <String HEIGHT="58"
                          WIDTH="172"
                          VPOS="410"
                          HPOS="1198"
                          CONTENT="Tempus"/>
                  <SP HEIGHT="58" WIDTH="17" VPOS="410" HPOS="1370"/>
                  <String HEIGHT="58"
                          WIDTH="155"
                          VPOS="410"
                          HPOS="1319"
                          CONTENT="super"/>
                  <SP HEIGHT="58" WIDTH="17" VPOS="410" HPOS="1474"/>
                  <String HEIGHT="58"
                          WIDTH="155"
                          VPOS="410"
                          HPOS="1422"
                          CONTENT="motum"/>
                  <SP HEIGHT="58" WIDTH="17" VPOS="410" HPOS="1577"/>
                  <String HEIGHT="58"
                          WIDTH="155"
                          VPOS="410"
                          HPOS="1525"
                          CONTENT="coeli"/>
                  <SP HEIGHT="58" WIDTH="17" VPOS="410" HPOS="1680"/>
                  <String HEIGHT="58"
                          WIDTH="155"
                          VPOS="410"
                          HPOS="1629"
                          CONTENT="addit"/>
                  <SP HEIGHT="58" WIDTH="17" VPOS="410" HPOS="1783"/>
                  <String HEIGHT="58"
                          WIDTH="120"
                          VPOS="410"
                          HPOS="1732"
                          CONTENT="rem"/>
                  <SP HEIGHT="58" WIDTH="17" VPOS="410" HPOS="1852"/>
                  <String HEIGHT="58"
                          WIDTH="207"
                          VPOS="410"
                          HPOS="1783"
                          CONTENT="absolutam,"/>
               </TextLine>
               <TextLine ID="r1l18"
                         BASELINE="519"
                         HEIGHT="49"
                         WIDTH="827"
                         VPOS="470"
                         HPOS="1161">
                  <String HEIGHT="49" WIDTH="84" VPOS="470" HPOS="1147" CONTENT="er"/>
                  <SP HEIGHT="49" WIDTH="14" VPOS="470" HPOS="1231"/>
                  <String HEIGHT="49"
                          WIDTH="112"
                          VPOS="470"
                          HPOS="1189"
                          CONTENT="quam"/>
                  <SP HEIGHT="49" WIDTH="14" VPOS="470" HPOS="1301"/>
                  <String HEIGHT="49"
                          WIDTH="168"
                          VPOS="470"
                          HPOS="1259"
                          CONTENT="realiter"/>
                  <SP HEIGHT="49" WIDTH="14" VPOS="470" HPOS="1427"/>
                  <String HEIGHT="49"
                          WIDTH="154"
                          VPOS="470"
                          HPOS="1385"
                          CONTENT="differt"/>
                  <SP HEIGHT="49" WIDTH="14" VPOS="470" HPOS="1539"/>
                  <String HEIGHT="49" WIDTH="84" VPOS="470" HPOS="1497" CONTENT="ab"/>
                  <SP HEIGHT="49" WIDTH="14" VPOS="470" HPOS="1582"/>
                  <String HEIGHT="49"
                          WIDTH="112"
                          VPOS="470"
                          HPOS="1539"
                          CONTENT="ipso"/>
                  <SP HEIGHT="49" WIDTH="14" VPOS="470" HPOS="1652"/>
                  <String HEIGHT="49"
                          WIDTH="126"
                          VPOS="470"
                          HPOS="1610"
                          CONTENT="motu,"/>
                  <SP HEIGHT="49" WIDTH="14" VPOS="470" HPOS="1736"/>
                  <String HEIGHT="49" WIDTH="70" VPOS="470" HPOS="1694" CONTENT="&amp;"/>
                  <SP HEIGHT="49" WIDTH="14" VPOS="470" HPOS="1764"/>
                  <String HEIGHT="49"
                          WIDTH="140"
                          VPOS="470"
                          HPOS="1722"
                          CONTENT="istud,"/>
                  <SP HEIGHT="49" WIDTH="14" VPOS="470" HPOS="1862"/>
                  <String HEIGHT="49" WIDTH="84" VPOS="470" HPOS="1820" CONTENT="vt"/>
                  <SP HEIGHT="49" WIDTH="14" VPOS="470" HPOS="1904"/>
                  <String HEIGHT="49"
                          WIDTH="154"
                          VPOS="470"
                          HPOS="1862"
                          CONTENT="dicunt,"/>
                  <SP HEIGHT="49" WIDTH="14" VPOS="470" HPOS="2016"/>
                  <String HEIGHT="49" WIDTH="28" VPOS="470" HPOS="1960" CONTENT=""/>
               </TextLine>
               <TextLine ID="r1l20"
                         BASELINE="546"
                         HEIGHT="45"
                         WIDTH="678"
                         VPOS="501"
                         HPOS="1155">
                  <String HEIGHT="45"
                          WIDTH="154"
                          VPOS="501"
                          HPOS="1140"
                          CONTENT="probat"/>
                  <SP HEIGHT="45" WIDTH="15" VPOS="501" HPOS="1294"/>
                  <String HEIGHT="45"
                          WIDTH="231"
                          VPOS="501"
                          HPOS="1247"
                          CONTENT="philosophus"/>
                  <SP HEIGHT="45" WIDTH="15" VPOS="501" HPOS="1479"/>
                  <String HEIGHT="45" WIDTH="92" VPOS="501" HPOS="1432" CONTENT="4."/>
                  <SP HEIGHT="45" WIDTH="15" VPOS="501" HPOS="1525"/>
                  <String HEIGHT="45"
                          WIDTH="216"
                          VPOS="501"
                          HPOS="1479"
                          CONTENT="physicorum"/>
                  <SP HEIGHT="45" WIDTH="15" VPOS="501" HPOS="1694"/>
                  <String HEIGHT="45"
                          WIDTH="200"
                          VPOS="501"
                          HPOS="1633"
                          CONTENT="dupliciter."/>
               </TextLine>
               <TextLine ID="r1l23"
                         BASELINE="581"
                         HEIGHT="43"
                         WIDTH="828"
                         VPOS="538"
                         HPOS="1154">
                  <String HEIGHT="43"
                          WIDTH="166"
                          VPOS="538"
                          HPOS="1136"
                          CONTENT="Primo"/>
                  <SP HEIGHT="43" WIDTH="18" VPOS="538" HPOS="1301"/>
                  <String HEIGHT="43"
                          WIDTH="147"
                          VPOS="538"
                          HPOS="1246"
                          CONTENT="quia"/>
                  <SP HEIGHT="43" WIDTH="18" VPOS="538" HPOS="1393"/>
                  <String HEIGHT="43"
                          WIDTH="184"
                          VPOS="538"
                          HPOS="1338"
                          CONTENT="omnium"/>
                  <SP HEIGHT="43" WIDTH="18" VPOS="538" HPOS="1522"/>
                  <String HEIGHT="43"
                          WIDTH="276"
                          VPOS="538"
                          HPOS="1467"
                          CONTENT="temporalium"/>
                  <SP HEIGHT="43" WIDTH="18" VPOS="538" HPOS="1743"/>
                  <String HEIGHT="43"
                          WIDTH="129"
                          VPOS="538"
                          HPOS="1688"
                          CONTENT="est"/>
                  <SP HEIGHT="43" WIDTH="18" VPOS="538" HPOS="1816"/>
                  <String HEIGHT="43"
                          WIDTH="147"
                          VPOS="538"
                          HPOS="1761"
                          CONTENT="vnum"/>
                  <SP HEIGHT="43" WIDTH="18" VPOS="538" HPOS="1908"/>
                  <String HEIGHT="43"
                          WIDTH="147"
                          VPOS="538"
                          HPOS="1835"
                          CONTENT="tempus"/>
               </TextLine>
               <TextLine ID="r1l25"
                         BASELINE="630"
                         HEIGHT="50"
                         WIDTH="671"
                         VPOS="580"
                         HPOS="1136">
                  <String HEIGHT="50"
                          WIDTH="124"
                          VPOS="580"
                          HPOS="1118"
                          CONTENT="sed"/>
                  <SP HEIGHT="50" WIDTH="18" VPOS="580" HPOS="1242"/>
                  <String HEIGHT="50"
                          WIDTH="124"
                          VPOS="580"
                          HPOS="1189"
                          CONTENT="non"/>
                  <SP HEIGHT="50" WIDTH="18" VPOS="580" HPOS="1313"/>
                  <String HEIGHT="50"
                          WIDTH="177"
                          VPOS="580"
                          HPOS="1260"
                          CONTENT="omnium"/>
                  <SP HEIGHT="50" WIDTH="18" VPOS="580" HPOS="1436"/>
                  <String HEIGHT="50"
                          WIDTH="212"
                          VPOS="580"
                          HPOS="1383"
                          CONTENT="mobilium"/>
                  <SP HEIGHT="50" WIDTH="18" VPOS="580" HPOS="1595"/>
                  <String HEIGHT="50"
                          WIDTH="124"
                          VPOS="580"
                          HPOS="1542"
                          CONTENT="est"/>
                  <SP HEIGHT="50" WIDTH="18" VPOS="580" HPOS="1666"/>
                  <String HEIGHT="50"
                          WIDTH="141"
                          VPOS="580"
                          HPOS="1613"
                          CONTENT="idem"/>
                  <SP HEIGHT="50" WIDTH="18" VPOS="580" HPOS="1754"/>
                  <String HEIGHT="50"
                          WIDTH="124"
                          VPOS="580"
                          HPOS="1683"
                          CONTENT="motus"/>
               </TextLine>
               <TextLine ID="r1l29"
                         BASELINE="662"
                         HEIGHT="47"
                         WIDTH="818"
                         VPOS="615"
                         HPOS="1174">
                  <String HEIGHT="47"
                          WIDTH="187"
                          VPOS="615"
                          HPOS="1157"
                          CONTENT="Secundo"/>
                  <SP HEIGHT="47" WIDTH="17" VPOS="615" HPOS="1344"/>
                  <String HEIGHT="47"
                          WIDTH="136"
                          VPOS="615"
                          HPOS="1293"
                          CONTENT="quia"/>
                  <SP HEIGHT="47" WIDTH="17" VPOS="615" HPOS="1430"/>
                  <String HEIGHT="47"
                          WIDTH="153"
                          VPOS="615"
                          HPOS="1379"
                          CONTENT="motus"/>
                  <SP HEIGHT="47" WIDTH="17" VPOS="615" HPOS="1532"/>
                  <String HEIGHT="47"
                          WIDTH="119"
                          VPOS="615"
                          HPOS="1481"
                          CONTENT="est"/>
                  <SP HEIGHT="47" WIDTH="17" VPOS="615" HPOS="1600"/>
                  <String HEIGHT="47"
                          WIDTH="170"
                          VPOS="615"
                          HPOS="1549"
                          CONTENT="velox,"/>
                  <SP HEIGHT="47" WIDTH="17" VPOS="615" HPOS="1719"/>
                  <String HEIGHT="47"
                          WIDTH="119"
                          VPOS="615"
                          HPOS="1668"
                          CONTENT="vel"/>
                  <SP HEIGHT="47" WIDTH="17" VPOS="615" HPOS="1788"/>
                  <String HEIGHT="47"
                          WIDTH="187"
                          VPOS="615"
                          HPOS="1736"
                          CONTENT="tardus,"/>
                  <SP HEIGHT="47" WIDTH="17" VPOS="615" HPOS="1924"/>
                  <String HEIGHT="47"
                          WIDTH="136"
                          VPOS="615"
                          HPOS="1856"
                          CONTENT="tempus"/>
               </TextLine>
               <TextLine ID="r1l31"
                         BASELINE="704"
                         HEIGHT="54"
                         WIDTH="848"
                         VPOS="650"
                         HPOS="1146">
                  <String HEIGHT="54"
                          WIDTH="144"
                          VPOS="650"
                          HPOS="1130"
                          CONTENT="autem"/>
                  <SP HEIGHT="54" WIDTH="16" VPOS="650" HPOS="1274"/>
                  <String HEIGHT="54"
                          WIDTH="112"
                          VPOS="650"
                          HPOS="1226"
                          CONTENT="non"/>
                  <SP HEIGHT="54" WIDTH="16" VPOS="650" HPOS="1338"/>
                  <String HEIGHT="54"
                          WIDTH="112"
                          VPOS="650"
                          HPOS="1290"
                          CONTENT="est"/>
                  <SP HEIGHT="54" WIDTH="16" VPOS="650" HPOS="1402"/>
                  <String HEIGHT="54"
                          WIDTH="160"
                          VPOS="650"
                          HPOS="1354"
                          CONTENT="velox,"/>
                  <SP HEIGHT="54" WIDTH="16" VPOS="650" HPOS="1514"/>
                  <String HEIGHT="54"
                          WIDTH="112"
                          VPOS="650"
                          HPOS="1466"
                          CONTENT="vel"/>
                  <SP HEIGHT="54" WIDTH="16" VPOS="650" HPOS="1578"/>
                  <String HEIGHT="54"
                          WIDTH="176"
                          VPOS="650"
                          HPOS="1530"
                          CONTENT="tardum:"/>
                  <SP HEIGHT="54" WIDTH="16" VPOS="650" HPOS="1706"/>
                  <String HEIGHT="54"
                          WIDTH="128"
                          VPOS="650"
                          HPOS="1658"
                          CONTENT="quia"/>
                  <SP HEIGHT="54" WIDTH="16" VPOS="650" HPOS="1786"/>
                  <String HEIGHT="54"
                          WIDTH="144"
                          VPOS="650"
                          HPOS="1738"
                          CONTENT="velox"/>
                  <SP HEIGHT="54" WIDTH="16" VPOS="650" HPOS="1882"/>
                  <String HEIGHT="54" WIDTH="80" VPOS="650" HPOS="1834" CONTENT="&amp;"/>
                  <SP HEIGHT="54" WIDTH="16" VPOS="650" HPOS="1914"/>
                  <String HEIGHT="54"
                          WIDTH="160"
                          VPOS="650"
                          HPOS="1866"
                          CONTENT="tardum"/>
                  <SP HEIGHT="54" WIDTH="16" VPOS="650" HPOS="2026"/>
                  <String HEIGHT="54" WIDTH="32" VPOS="650" HPOS="1962" CONTENT=""/>
               </TextLine>
               <TextLine ID="line_1602687812191_710"
                         BASELINE="746"
                         HEIGHT="53"
                         WIDTH="864"
                         VPOS="693"
                         HPOS="1143">
                  <String HEIGHT="53"
                          WIDTH="170"
                          VPOS="693"
                          HPOS="1128"
                          CONTENT="tempore"/>
                  <SP HEIGHT="53" WIDTH="15" VPOS="693" HPOS="1297"/>
                  <String HEIGHT="53"
                          WIDTH="231"
                          VPOS="693"
                          HPOS="1251"
                          CONTENT="diffinitur,"/>
                  <SP HEIGHT="53" WIDTH="15" VPOS="693" HPOS="1482"/>
                  <String HEIGHT="53"
                          WIDTH="154"
                          VPOS="693"
                          HPOS="1436"
                          CONTENT="tempus"/>
                  <SP HEIGHT="53" WIDTH="15" VPOS="693" HPOS="1590"/>
                  <String HEIGHT="53"
                          WIDTH="139"
                          VPOS="693"
                          HPOS="1544"
                          CONTENT="autem"/>
                  <SP HEIGHT="53" WIDTH="15" VPOS="693" HPOS="1683"/>
                  <String HEIGHT="53"
                          WIDTH="108"
                          VPOS="693"
                          HPOS="1637"
                          CONTENT="non"/>
                  <SP HEIGHT="53" WIDTH="15" VPOS="693" HPOS="1745"/>
                  <String HEIGHT="53"
                          WIDTH="216"
                          VPOS="693"
                          HPOS="1698"
                          CONTENT="diffinitur"/>
                  <SP HEIGHT="53" WIDTH="15" VPOS="693" HPOS="1914"/>
                  <String HEIGHT="53"
                          WIDTH="154"
                          VPOS="693"
                          HPOS="1853"
                          CONTENT="tempore."/>
               </TextLine>
               <TextLine ID="r1l35"
                         BASELINE="787"
                         HEIGHT="52"
                         WIDTH="814"
                         VPOS="735"
                         HPOS="1169">
                  <String HEIGHT="52" WIDTH="75" VPOS="735" HPOS="1154" CONTENT="2"/>
                  <SP HEIGHT="52" WIDTH="15" VPOS="735" HPOS="1229"/>
                  <String HEIGHT="52"
                          WIDTH="211"
                          VPOS="735"
                          HPOS="1184"
                          CONTENT="Praeterea,"/>
                  <SP HEIGHT="52" WIDTH="15" VPOS="735" HPOS="1395"/>
                  <String HEIGHT="52"
                          WIDTH="166"
                          VPOS="735"
                          HPOS="1350"
                          CONTENT="tempore"/>
                  <SP HEIGHT="52" WIDTH="15" VPOS="735" HPOS="1516"/>
                  <String HEIGHT="52"
                          WIDTH="151"
                          VPOS="735"
                          HPOS="1470"
                          CONTENT="losuae"/>
                  <SP HEIGHT="52" WIDTH="15" VPOS="735" HPOS="1621"/>
                  <String HEIGHT="52"
                          WIDTH="151"
                          VPOS="735"
                          HPOS="1576"
                          CONTENT="stetit"/>
                  <SP HEIGHT="52" WIDTH="15" VPOS="735" HPOS="1727"/>
                  <String HEIGHT="52"
                          WIDTH="121"
                          VPOS="735"
                          HPOS="1682"
                          CONTENT="sol,"/>
                  <SP HEIGHT="52" WIDTH="15" VPOS="735" HPOS="1802"/>
                  <String HEIGHT="52"
                          WIDTH="121"
                          VPOS="735"
                          HPOS="1757"
                          CONTENT="&amp;per"/>
                  <SP HEIGHT="52" WIDTH="15" VPOS="735" HPOS="1877"/>
                  <String HEIGHT="52"
                          WIDTH="166"
                          VPOS="735"
                          HPOS="1817"
                          CONTENT="consequen"/>
               </TextLine>
               <TextLine ID="r1l38"
                         BASELINE="821"
                         HEIGHT="57"
                         WIDTH="838"
                         VPOS="764"
                         HPOS="1147">
                  <String HEIGHT="57"
                          WIDTH="108"
                          VPOS="764"
                          HPOS="1133"
                          CONTENT="alia"/>
                  <SP HEIGHT="57" WIDTH="14" VPOS="764" HPOS="1242"/>
                  <String HEIGHT="57"
                          WIDTH="149"
                          VPOS="764"
                          HPOS="1201"
                          CONTENT="corpora"/>
                  <SP HEIGHT="57" WIDTH="14" VPOS="764" HPOS="1350"/>
                  <String HEIGHT="57"
                          WIDTH="176"
                          VPOS="764"
                          HPOS="1309"
                          CONTENT="caelestia"/>
                  <SP HEIGHT="57" WIDTH="14" VPOS="764" HPOS="1485"/>
                  <String HEIGHT="57"
                          WIDTH="189"
                          VPOS="764"
                          HPOS="1444"
                          CONTENT="steterunt,"/>
                  <SP HEIGHT="57" WIDTH="14" VPOS="764" HPOS="1634"/>
                  <String HEIGHT="57"
                          WIDTH="122"
                          VPOS="764"
                          HPOS="1593"
                          CONTENT="alias"/>
                  <SP HEIGHT="57" WIDTH="14" VPOS="764" HPOS="1715"/>
                  <String HEIGHT="57"
                          WIDTH="149"
                          VPOS="764"
                          HPOS="1674"
                          CONTENT="corpora"/>
                  <SP HEIGHT="57" WIDTH="14" VPOS="764" HPOS="1823"/>
                  <String HEIGHT="57"
                          WIDTH="176"
                          VPOS="764"
                          HPOS="1782"
                          CONTENT="caelestia"/>
                  <SP HEIGHT="57" WIDTH="14" VPOS="764" HPOS="1958"/>
                  <String HEIGHT="57" WIDTH="95" VPOS="764" HPOS="1917" CONTENT="non"/>
                  <SP HEIGHT="57" WIDTH="14" VPOS="764" HPOS="2012"/>
                  <String HEIGHT="57" WIDTH="27" VPOS="764" HPOS="1958" CONTENT=""/>
               </TextLine>
               <TextLine ID="r1l41"
                         BASELINE="856"
                         HEIGHT="40"
                         WIDTH="830"
                         VPOS="816"
                         HPOS="1153">
                  <String HEIGHT="40"
                          WIDTH="204"
                          VPOS="816"
                          HPOS="1138"
                          CONTENT="mansissent"/>
                  <SP HEIGHT="40" WIDTH="15" VPOS="816" HPOS="1342"/>
                  <String HEIGHT="40" WIDTH="87" VPOS="816" HPOS="1299" CONTENT="in"/>
                  <SP HEIGHT="40" WIDTH="15" VPOS="816" HPOS="1386"/>
                  <String HEIGHT="40" WIDTH="87" VPOS="816" HPOS="1342" CONTENT="ea"/>
                  <SP HEIGHT="40" WIDTH="15" VPOS="816" HPOS="1430"/>
                  <String HEIGHT="40"
                          WIDTH="233"
                          VPOS="816"
                          HPOS="1386"
                          CONTENT="proportione,"/>
                  <SP HEIGHT="40" WIDTH="15" VPOS="816" HPOS="1619"/>
                  <String HEIGHT="40" WIDTH="87" VPOS="816" HPOS="1575" CONTENT="in"/>
                  <SP HEIGHT="40" WIDTH="15" VPOS="816" HPOS="1663"/>
                  <String HEIGHT="40"
                          WIDTH="102"
                          VPOS="816"
                          HPOS="1619"
                          CONTENT="qua"/>
                  <SP HEIGHT="40" WIDTH="15" VPOS="816" HPOS="1721"/>
                  <String HEIGHT="40"
                          WIDTH="160"
                          VPOS="816"
                          HPOS="1677"
                          CONTENT="suerunt"/>
                  <SP HEIGHT="40" WIDTH="15" VPOS="816" HPOS="1837"/>
                  <String HEIGHT="40"
                          WIDTH="116"
                          VPOS="816"
                          HPOS="1794"
                          CONTENT="ante"/>
                  <SP HEIGHT="40" WIDTH="15" VPOS="816" HPOS="1910"/>
                  <String HEIGHT="40"
                          WIDTH="131"
                          VPOS="816"
                          HPOS="1852"
                          CONTENT="statio"
                          SUBS_TYPE="HypPart1"
                          SUBS_CONTENT="stationem"/>
                  <HYP CONTENT="-"/>
               </TextLine>
               <TextLine ID="r1l44"
                         BASELINE="892"
                         HEIGHT="44"
                         WIDTH="850"
                         VPOS="848"
                         HPOS="1140">
                  <String HEIGHT="44"
                          WIDTH="114"
                          VPOS="848"
                          HPOS="1124"
                          CONTENT="nem"
                          SUBS_TYPE="HypPart2"
                          SUBS_CONTENT="stationem"/>
                  <SP HEIGHT="44" WIDTH="16" VPOS="848" HPOS="1238"/>
                  <String HEIGHT="44"
                          WIDTH="163"
                          VPOS="848"
                          HPOS="1189"
                          CONTENT="illam,"/>
                  <SP HEIGHT="44" WIDTH="16" VPOS="848" HPOS="1353"/>
                  <String HEIGHT="44" WIDTH="82" VPOS="848" HPOS="1303" CONTENT="&amp;"/>
                  <SP HEIGHT="44" WIDTH="16" VPOS="848" HPOS="1385"/>
                  <String HEIGHT="44"
                          WIDTH="147"
                          VPOS="848"
                          HPOS="1336"
                          CONTENT="tamen"/>
                  <SP HEIGHT="44" WIDTH="16" VPOS="848" HPOS="1483"/>
                  <String HEIGHT="44"
                          WIDTH="131"
                          VPOS="848"
                          HPOS="1434"
                          CONTENT="tunc"/>
                  <SP HEIGHT="44" WIDTH="16" VPOS="848" HPOS="1565"/>
                  <String HEIGHT="44"
                          WIDTH="131"
                          VPOS="848"
                          HPOS="1516"
                          CONTENT="fuit"/>
                  <SP HEIGHT="44" WIDTH="16" VPOS="848" HPOS="1647"/>
                  <String HEIGHT="44"
                          WIDTH="163"
                          VPOS="848"
                          HPOS="1598"
                          CONTENT="tempus"/>
                  <SP HEIGHT="44" WIDTH="16" VPOS="848" HPOS="1761"/>
                  <String HEIGHT="44"
                          WIDTH="196"
                          VPOS="848"
                          HPOS="1712"
                          CONTENT="secundum"/>
                  <SP HEIGHT="44" WIDTH="16" VPOS="848" HPOS="1908"/>
                  <String HEIGHT="44"
                          WIDTH="163"
                          VPOS="848"
                          HPOS="1859"
                          CONTENT="Deatum"/>
                  <SP HEIGHT="44" WIDTH="16" VPOS="848" HPOS="2023"/>
                  <String HEIGHT="44" WIDTH="33" VPOS="848" HPOS="1957" CONTENT=""/>
               </TextLine>
               <TextLine ID="r1l47"
                         BASELINE="933"
                         HEIGHT="43"
                         WIDTH="840"
                         VPOS="890"
                         HPOS="1142">
                  <String HEIGHT="43"
                          WIDTH="210"
                          VPOS="890"
                          HPOS="1127"
                          CONTENT="Augustinum"/>
                  <SP HEIGHT="43" WIDTH="15" VPOS="890" HPOS="1337"/>
                  <String HEIGHT="43"
                          WIDTH="120"
                          VPOS="890"
                          HPOS="1292"
                          CONTENT="lib."/>
                  <SP HEIGHT="43" WIDTH="15" VPOS="890" HPOS="1412"/>
                  <String HEIGHT="43"
                          WIDTH="105"
                          VPOS="890"
                          HPOS="1367"
                          CONTENT="11."/>
                  <SP HEIGHT="43" WIDTH="15" VPOS="890" HPOS="1472"/>
                  <String HEIGHT="43"
                          WIDTH="165"
                          VPOS="890"
                          HPOS="1427"
                          CONTENT="confes."/>
                  <SP HEIGHT="43" WIDTH="15" VPOS="890" HPOS="1592"/>
                  <String HEIGHT="43"
                          WIDTH="105"
                          VPOS="890"
                          HPOS="1547"
                          CONTENT="vbi"/>
                  <SP HEIGHT="43" WIDTH="15" VPOS="890" HPOS="1652"/>
                  <String HEIGHT="43"
                          WIDTH="105"
                          VPOS="890"
                          HPOS="1607"
                          CONTENT="ait"/>
                  <SP HEIGHT="43" WIDTH="15" VPOS="890" HPOS="1712"/>
                  <String HEIGHT="43"
                          WIDTH="120"
                          VPOS="890"
                          HPOS="1667"
                          CONTENT="sic,"/>
                  <SP HEIGHT="43" WIDTH="15" VPOS="890" HPOS="1787"/>
                  <String HEIGHT="43"
                          WIDTH="120"
                          VPOS="890"
                          HPOS="1742"
                          CONTENT="Nemo"/>
                  <SP HEIGHT="43" WIDTH="15" VPOS="890" HPOS="1862"/>
                  <String HEIGHT="43"
                          WIDTH="120"
                          VPOS="890"
                          HPOS="1817"
                          CONTENT="mihi"/>
                  <SP HEIGHT="43" WIDTH="15" VPOS="890" HPOS="1937"/>
                  <String HEIGHT="43"
                          WIDTH="105"
                          VPOS="890"
                          HPOS="1877"
                          CONTENT="dicat"/>
               </TextLine>
               <TextLine ID="r1l49"
                         BASELINE="982"
                         HEIGHT="54"
                         WIDTH="838"
                         VPOS="928"
                         HPOS="1149">
                  <String HEIGHT="54"
                          WIDTH="142"
                          VPOS="928"
                          HPOS="1133"
                          CONTENT="motus"/>
                  <SP HEIGHT="54" WIDTH="16" VPOS="928" HPOS="1275"/>
                  <String HEIGHT="54"
                          WIDTH="221"
                          VPOS="928"
                          HPOS="1228"
                          CONTENT="caelestium"/>
                  <SP HEIGHT="54" WIDTH="16" VPOS="928" HPOS="1449"/>
                  <String HEIGHT="54"
                          WIDTH="190"
                          VPOS="928"
                          HPOS="1402"
                          CONTENT="corporum"/>
                  <SP HEIGHT="54" WIDTH="16" VPOS="928" HPOS="1592"/>
                  <String HEIGHT="54"
                          WIDTH="126"
                          VPOS="928"
                          HPOS="1544"
                          CONTENT="esse"/>
                  <SP HEIGHT="54" WIDTH="16" VPOS="928" HPOS="1671"/>
                  <String HEIGHT="54"
                          WIDTH="190"
                          VPOS="928"
                          HPOS="1623"
                          CONTENT="tempora,"/>
                  <SP HEIGHT="54" WIDTH="16" VPOS="928" HPOS="1813"/>
                  <String HEIGHT="54"
                          WIDTH="126"
                          VPOS="928"
                          HPOS="1766"
                          CONTENT="quia"/>
                  <SP HEIGHT="54" WIDTH="16" VPOS="928" HPOS="1892"/>
                  <String HEIGHT="54"
                          WIDTH="158"
                          VPOS="928"
                          HPOS="1829"
                          CONTENT="cuiusdam"/>
               </TextLine>
               <TextLine ID="r1l51"
                         BASELINE="1018"
                         HEIGHT="50"
                         WIDTH="829"
                         VPOS="968"
                         HPOS="1141">
                  <String HEIGHT="50"
                          WIDTH="141"
                          VPOS="968"
                          HPOS="1125"
                          CONTENT="voto,"/>
                  <SP HEIGHT="50" WIDTH="16" VPOS="968" HPOS="1266"/>
                  <String HEIGHT="50"
                          WIDTH="109"
                          VPOS="968"
                          HPOS="1219"
                          CONTENT="dum"/>
                  <SP HEIGHT="50" WIDTH="16" VPOS="968" HPOS="1329"/>
                  <String HEIGHT="50"
                          WIDTH="203"
                          VPOS="968"
                          HPOS="1282"
                          CONTENT="perageret"/>
                  <SP HEIGHT="50" WIDTH="16" VPOS="968" HPOS="1485"/>
                  <String HEIGHT="50"
                          WIDTH="172"
                          VPOS="968"
                          HPOS="1438"
                          CONTENT="bellum,"/>
                  <SP HEIGHT="50" WIDTH="16" VPOS="968" HPOS="1610"/>
                  <String HEIGHT="50"
                          WIDTH="109"
                          VPOS="968"
                          HPOS="1563"
                          CONTENT="sol"/>
                  <SP HEIGHT="50" WIDTH="16" VPOS="968" HPOS="1673"/>
                  <String HEIGHT="50"
                          WIDTH="156"
                          VPOS="968"
                          HPOS="1626"
                          CONTENT="stabat"/>
                  <SP HEIGHT="50" WIDTH="16" VPOS="968" HPOS="1782"/>
                  <String HEIGHT="50" WIDTH="78" VPOS="968" HPOS="1735" CONTENT="&amp;"/>
                  <SP HEIGHT="50" WIDTH="16" VPOS="968" HPOS="1814"/>
                  <String HEIGHT="50"
                          WIDTH="156"
                          VPOS="968"
                          HPOS="1767"
                          CONTENT="tempus"/>
                  <SP HEIGHT="50" WIDTH="16" VPOS="968" HPOS="1923"/>
                  <String HEIGHT="50"
                          WIDTH="109"
                          VPOS="968"
                          HPOS="1861"
                          CONTENT="ibat."/>
               </TextLine>
               <TextLine ID="r1l53"
                         BASELINE="1057"
                         HEIGHT="50"
                         WIDTH="810"
                         VPOS="1007"
                         HPOS="1175">
                  <String HEIGHT="50" WIDTH="79" VPOS="1007" HPOS="1159" CONTENT="3"/>
                  <SP HEIGHT="50" WIDTH="16" VPOS="1007" HPOS="1239"/>
                  <String HEIGHT="50"
                          WIDTH="222"
                          VPOS="1007"
                          HPOS="1191"
                          CONTENT="Praeterea,"/>
                  <SP HEIGHT="50" WIDTH="16" VPOS="1007" HPOS="1413"/>
                  <String HEIGHT="50" WIDTH="95" VPOS="1007" HPOS="1366" CONTENT="si"/>
                  <SP HEIGHT="50" WIDTH="16" VPOS="1007" HPOS="1461"/>
                  <String HEIGHT="50"
                          WIDTH="159"
                          VPOS="1007"
                          HPOS="1413"
                          CONTENT="tempus"/>
                  <SP HEIGHT="50" WIDTH="16" VPOS="1007" HPOS="1572"/>
                  <String HEIGHT="50"
                          WIDTH="143"
                          VPOS="1007"
                          HPOS="1524"
                          CONTENT="esset"/>
                  <SP HEIGHT="50" WIDTH="16" VPOS="1007" HPOS="1667"/>
                  <String HEIGHT="50"
                          WIDTH="143"
                          VPOS="1007"
                          HPOS="1620"
                          CONTENT="idem,"/>
                  <SP HEIGHT="50" WIDTH="16" VPOS="1007" HPOS="1763"/>
                  <String HEIGHT="50"
                          WIDTH="127"
                          VPOS="1007"
                          HPOS="1715"
                          CONTENT="quod"/>
                  <SP HEIGHT="50" WIDTH="16" VPOS="1007" HPOS="1842"/>
                  <String HEIGHT="50"
                          WIDTH="159"
                          VPOS="1007"
                          HPOS="1794"
                          CONTENT="motus,"/>
                  <SP HEIGHT="50" WIDTH="16" VPOS="1007" HPOS="1953"/>
                  <String HEIGHT="50"
                          WIDTH="95"
                          VPOS="1007"
                          HPOS="1890"
                          CONTENT="tunc"/>
               </TextLine>
               <TextLine ID="r1l54"
                         BASELINE="1088"
                         HEIGHT="43"
                         WIDTH="839"
                         VPOS="1045"
                         HPOS="1140">
                  <String HEIGHT="43"
                          WIDTH="127"
                          VPOS="1045"
                          HPOS="1124"
                          CONTENT="vnum"/>
                  <SP HEIGHT="43" WIDTH="16" VPOS="1045" HPOS="1251"/>
                  <String HEIGHT="43" WIDTH="79" VPOS="1045" HPOS="1203" CONTENT="&amp;"/>
                  <SP HEIGHT="43" WIDTH="16" VPOS="1045" HPOS="1282"/>
                  <String HEIGHT="43"
                          WIDTH="127"
                          VPOS="1045"
                          HPOS="1235"
                          CONTENT="idem"/>
                  <SP HEIGHT="43" WIDTH="16" VPOS="1045" HPOS="1362"/>
                  <String HEIGHT="43"
                          WIDTH="301"
                          VPOS="1045"
                          HPOS="1314"
                          CONTENT="identificaretur"/>
                  <SP HEIGHT="43" WIDTH="16" VPOS="1045" HPOS="1615"/>
                  <String HEIGHT="43"
                          WIDTH="174"
                          VPOS="1045"
                          HPOS="1567"
                          CONTENT="habitui"/>
                  <SP HEIGHT="43" WIDTH="16" VPOS="1045" HPOS="1742"/>
                  <String HEIGHT="43" WIDTH="79" VPOS="1045" HPOS="1694" CONTENT="&amp;"/>
                  <SP HEIGHT="43" WIDTH="16" VPOS="1045" HPOS="1773"/>
                  <String HEIGHT="43"
                          WIDTH="222"
                          VPOS="1045"
                          HPOS="1726"
                          CONTENT="priuationi"/>
                  <SP HEIGHT="43" WIDTH="16" VPOS="1045" HPOS="1947"/>
                  <String HEIGHT="43"
                          WIDTH="95"
                          VPOS="1045"
                          HPOS="1884"
                          CONTENT="sibi"/>
               </TextLine>
               <TextLine ID="r1l56"
                         BASELINE="1135"
                         HEIGHT="48"
                         WIDTH="838"
                         VPOS="1087"
                         HPOS="1141">
                  <String HEIGHT="48"
                          WIDTH="206"
                          VPOS="1087"
                          HPOS="1126"
                          CONTENT="oppositae."/>
                  <SP HEIGHT="48" WIDTH="15" VPOS="1087" HPOS="1332"/>
                  <String HEIGHT="48"
                          WIDTH="206"
                          VPOS="1087"
                          HPOS="1288"
                          CONTENT="consequens"/>
                  <SP HEIGHT="48" WIDTH="15" VPOS="1087" HPOS="1494"/>
                  <String HEIGHT="48"
                          WIDTH="103"
                          VPOS="1087"
                          HPOS="1450"
                          CONTENT="est"/>
                  <SP HEIGHT="48" WIDTH="15" VPOS="1087" HPOS="1553"/>
                  <String HEIGHT="48"
                          WIDTH="235"
                          VPOS="1087"
                          HPOS="1509"
                          CONTENT="impossibile:"/>
                  <SP HEIGHT="48" WIDTH="15" VPOS="1087" HPOS="1744"/>
                  <String HEIGHT="48"
                          WIDTH="176"
                          VPOS="1087"
                          HPOS="1700"
                          CONTENT="probatur"/>
                  <SP HEIGHT="48" WIDTH="15" VPOS="1087" HPOS="1876"/>
                  <String HEIGHT="48"
                          WIDTH="162"
                          VPOS="1087"
                          HPOS="1817"
                          CONTENT="consequen"/>
               </TextLine>
               <TextLine ID="r1l60"
                         BASELINE="1171"
                         HEIGHT="44"
                         WIDTH="844"
                         VPOS="1127"
                         HPOS="1139">
                  <String HEIGHT="44"
                          WIDTH="121"
                          VPOS="1127"
                          HPOS="1124"
                          CONTENT="tia:"/>
                  <SP HEIGHT="44" WIDTH="15" VPOS="1127" HPOS="1244"/>
                  <String HEIGHT="44"
                          WIDTH="121"
                          VPOS="1127"
                          HPOS="1199"
                          CONTENT="quia"/>
                  <SP HEIGHT="44" WIDTH="15" VPOS="1127" HPOS="1320"/>
                  <String HEIGHT="44"
                          WIDTH="106"
                          VPOS="1127"
                          HPOS="1275"
                          CONTENT="qua"/>
                  <SP HEIGHT="44" WIDTH="15" VPOS="1127" HPOS="1380"/>
                  <String HEIGHT="44"
                          WIDTH="166"
                          VPOS="1127"
                          HPOS="1335"
                          CONTENT="ratione"/>
                  <SP HEIGHT="44" WIDTH="15" VPOS="1127" HPOS="1501"/>
                  <String HEIGHT="44"
                          WIDTH="151"
                          VPOS="1127"
                          HPOS="1456"
                          CONTENT="tempus"/>
                  <SP HEIGHT="44" WIDTH="15" VPOS="1127" HPOS="1606"/>
                  <String HEIGHT="44"
                          WIDTH="136"
                          VPOS="1127"
                          HPOS="1561"
                          CONTENT="esset"/>
                  <SP HEIGHT="44" WIDTH="15" VPOS="1127" HPOS="1697"/>
                  <String HEIGHT="44"
                          WIDTH="136"
                          VPOS="1127"
                          HPOS="1651"
                          CONTENT="idem,"/>
                  <SP HEIGHT="44" WIDTH="15" VPOS="1127" HPOS="1787"/>
                  <String HEIGHT="44"
                          WIDTH="121"
                          VPOS="1127"
                          HPOS="1742"
                          CONTENT="quod"/>
                  <SP HEIGHT="44" WIDTH="15" VPOS="1127" HPOS="1862"/>
                  <String HEIGHT="44"
                          WIDTH="151"
                          VPOS="1127"
                          HPOS="1817"
                          CONTENT="motus,"/>
                  <SP HEIGHT="44" WIDTH="15" VPOS="1127" HPOS="1968"/>
                  <String HEIGHT="44"
                          WIDTH="75"
                          VPOS="1127"
                          HPOS="1908"
                          CONTENT="ea"
                          SUBS_TYPE="HypPart1"
                          SUBS_CONTENT="eadem"/>
                  <HYP CONTENT="-"/>
               </TextLine>
               <TextLine ID="r1l61"
                         BASELINE="1211"
                         HEIGHT="49"
                         WIDTH="834"
                         VPOS="1162"
                         HPOS="1148">
                  <String HEIGHT="49"
                          WIDTH="104"
                          VPOS="1162"
                          HPOS="1133"
                          CONTENT="dem"
                          SUBS_TYPE="HypPart2"
                          SUBS_CONTENT="eadem"/>
                  <SP HEIGHT="49" WIDTH="15" VPOS="1162" HPOS="1237"/>
                  <String HEIGHT="49"
                          WIDTH="164"
                          VPOS="1162"
                          HPOS="1193"
                          CONTENT="ratione"/>
                  <SP HEIGHT="49" WIDTH="15" VPOS="1162" HPOS="1357"/>
                  <String HEIGHT="49"
                          WIDTH="134"
                          VPOS="1162"
                          HPOS="1312"
                          CONTENT="esset"/>
                  <SP HEIGHT="49" WIDTH="15" VPOS="1162" HPOS="1446"/>
                  <String HEIGHT="49"
                          WIDTH="134"
                          VPOS="1162"
                          HPOS="1401"
                          CONTENT="idem,"/>
                  <SP HEIGHT="49" WIDTH="15" VPOS="1162" HPOS="1535"/>
                  <String HEIGHT="49"
                          WIDTH="119"
                          VPOS="1162"
                          HPOS="1491"
                          CONTENT="quod"/>
                  <SP HEIGHT="49" WIDTH="15" VPOS="1162" HPOS="1610"/>
                  <String HEIGHT="49"
                          WIDTH="149"
                          VPOS="1162"
                          HPOS="1565"
                          CONTENT="quies:"/>
                  <SP HEIGHT="49" WIDTH="15" VPOS="1162" HPOS="1714"/>
                  <String HEIGHT="49"
                          WIDTH="119"
                          VPOS="1162"
                          HPOS="1669"
                          CONTENT="Nam,"/>
                  <SP HEIGHT="49" WIDTH="15" VPOS="1162" HPOS="1788"/>
                  <String HEIGHT="49" WIDTH="89" VPOS="1162" HPOS="1744" CONTENT="vt"/>
                  <SP HEIGHT="49" WIDTH="15" VPOS="1162" HPOS="1833"/>
                  <String HEIGHT="49"
                          WIDTH="134"
                          VPOS="1162"
                          HPOS="1788"
                          CONTENT="patet"/>
                  <SP HEIGHT="49" WIDTH="15" VPOS="1162" HPOS="1922"/>
                  <String HEIGHT="49" WIDTH="89" VPOS="1162" HPOS="1878" CONTENT="4."/>
                  <SP HEIGHT="49" WIDTH="15" VPOS="1162" HPOS="1967"/>
                  <String HEIGHT="49"
                          WIDTH="74"
                          VPOS="1162"
                          HPOS="1908"
                          CONTENT="phy"/>
               </TextLine>
               <TextLine ID="r1l65"
                         BASELINE="1246"
                         HEIGHT="43"
                         WIDTH="841"
                         VPOS="1203"
                         HPOS="1144">
                  <String HEIGHT="43"
                          WIDTH="194"
                          VPOS="1203"
                          HPOS="1128"
                          CONTENT="sicorum,"/>
                  <SP HEIGHT="43" WIDTH="16" VPOS="1203" HPOS="1322"/>
                  <String HEIGHT="43"
                          WIDTH="146"
                          VPOS="1203"
                          HPOS="1273"
                          CONTENT="sicut"/>
                  <SP HEIGHT="43" WIDTH="16" VPOS="1203" HPOS="1419"/>
                  <String HEIGHT="43"
                          WIDTH="162"
                          VPOS="1203"
                          HPOS="1370"
                          CONTENT="tempus"/>
                  <SP HEIGHT="43" WIDTH="16" VPOS="1203" HPOS="1532"/>
                  <String HEIGHT="43"
                          WIDTH="194"
                          VPOS="1203"
                          HPOS="1484"
                          CONTENT="mensurat"/>
                  <SP HEIGHT="43" WIDTH="16" VPOS="1203" HPOS="1678"/>
                  <String HEIGHT="43"
                          WIDTH="162"
                          VPOS="1203"
                          HPOS="1629"
                          CONTENT="motum,"/>
                  <SP HEIGHT="43" WIDTH="16" VPOS="1203" HPOS="1791"/>
                  <String HEIGHT="43"
                          WIDTH="113"
                          VPOS="1203"
                          HPOS="1742"
                          CONTENT="ita"/>
                  <SP HEIGHT="43" WIDTH="16" VPOS="1203" HPOS="1856"/>
                  <String HEIGHT="43"
                          WIDTH="194"
                          VPOS="1203"
                          HPOS="1807"
                          CONTENT="mensurat"/>
                  <SP HEIGHT="43" WIDTH="16" VPOS="1203" HPOS="2001"/>
                  <String HEIGHT="43" WIDTH="49" VPOS="1203" HPOS="1936" CONTENT="&amp;"/>
               </TextLine>
               <TextLine ID="r1l66"
                         BASELINE="1283"
                         HEIGHT="42"
                         WIDTH="838"
                         VPOS="1241"
                         HPOS="1141">
                  <String HEIGHT="42"
                          WIDTH="186"
                          VPOS="1241"
                          HPOS="1125"
                          CONTENT="quietem,"/>
                  <SP HEIGHT="42" WIDTH="16" VPOS="1241" HPOS="1312"/>
                  <String HEIGHT="42"
                          WIDTH="124"
                          VPOS="1241"
                          HPOS="1265"
                          CONTENT="quae"/>
                  <SP HEIGHT="42" WIDTH="16" VPOS="1241" HPOS="1389"/>
                  <String HEIGHT="42"
                          WIDTH="140"
                          VPOS="1241"
                          HPOS="1343"
                          CONTENT="motui"/>
                  <SP HEIGHT="42" WIDTH="16" VPOS="1241" HPOS="1482"/>
                  <String HEIGHT="42"
                          WIDTH="202"
                          VPOS="1241"
                          HPOS="1436"
                          CONTENT="opponitur"/>
                  <SP HEIGHT="42" WIDTH="16" VPOS="1241" HPOS="1638"/>
                  <String HEIGHT="42"
                          WIDTH="233"
                          VPOS="1241"
                          HPOS="1591"
                          CONTENT="priuatione,"/>
                  <SP HEIGHT="42" WIDTH="16" VPOS="1241" HPOS="1824"/>
                  <String HEIGHT="42"
                          WIDTH="124"
                          VPOS="1241"
                          HPOS="1777"
                          CONTENT="ergo"/>
                  <SP HEIGHT="42" WIDTH="16" VPOS="1241" HPOS="1901"/>
                  <String HEIGHT="42"
                          WIDTH="109"
                          VPOS="1241"
                          HPOS="1855"
                          CONTENT="qua"/>
                  <SP HEIGHT="42" WIDTH="16" VPOS="1241" HPOS="1963"/>
                  <String HEIGHT="42"
                          WIDTH="78"
                          VPOS="1241"
                          HPOS="1901"
                          CONTENT="ra"
                          SUBS_TYPE="HypPart1"
                          SUBS_CONTENT="ratione"/>
                  <HYP CONTENT="-"/>
               </TextLine>
               <TextLine ID="r1l69"
                         BASELINE="1332"
                         HEIGHT="51"
                         WIDTH="829"
                         VPOS="1281"
                         HPOS="1150">
                  <String HEIGHT="51"
                          WIDTH="141"
                          VPOS="1281"
                          HPOS="1134"
                          CONTENT="tione"
                          SUBS_TYPE="HypPart2"
                          SUBS_CONTENT="ratione"/>
                  <SP HEIGHT="51" WIDTH="16" VPOS="1281" HPOS="1275"/>
                  <String HEIGHT="51"
                          WIDTH="141"
                          VPOS="1281"
                          HPOS="1228"
                          CONTENT="esset"/>
                  <SP HEIGHT="51" WIDTH="16" VPOS="1281" HPOS="1369"/>
                  <String HEIGHT="51"
                          WIDTH="125"
                          VPOS="1281"
                          HPOS="1322"
                          CONTENT="idem"/>
                  <SP HEIGHT="51" WIDTH="16" VPOS="1281" HPOS="1447"/>
                  <String HEIGHT="51"
                          WIDTH="125"
                          VPOS="1281"
                          HPOS="1400"
                          CONTENT="quod"/>
                  <SP HEIGHT="51" WIDTH="16" VPOS="1281" HPOS="1525"/>
                  <String HEIGHT="51"
                          WIDTH="156"
                          VPOS="1281"
                          HPOS="1478"
                          CONTENT="motus,"/>
                  <SP HEIGHT="51" WIDTH="16" VPOS="1281" HPOS="1635"/>
                  <String HEIGHT="51"
                          WIDTH="141"
                          VPOS="1281"
                          HPOS="1588"
                          CONTENT="eadem"/>
                  <SP HEIGHT="51" WIDTH="16" VPOS="1281" HPOS="1729"/>
                  <String HEIGHT="51"
                          WIDTH="172"
                          VPOS="1281"
                          HPOS="1682"
                          CONTENT="ratione"/>
                  <SP HEIGHT="51" WIDTH="16" VPOS="1281" HPOS="1854"/>
                  <String HEIGHT="51"
                          WIDTH="141"
                          VPOS="1281"
                          HPOS="1807"
                          CONTENT="esset"/>
                  <SP HEIGHT="51" WIDTH="16" VPOS="1281" HPOS="1948"/>
                  <String HEIGHT="51"
                          WIDTH="94"
                          VPOS="1281"
                          HPOS="1885"
                          CONTENT="idem"/>
               </TextLine>
               <TextLine ID="r1l71"
                         BASELINE="1372"
                         HEIGHT="56"
                         WIDTH="183"
                         VPOS="1316"
                         HPOS="1146">
                  <String HEIGHT="56"
                          WIDTH="133"
                          VPOS="1316"
                          HPOS="1129"
                          CONTENT="quod"/>
                  <SP HEIGHT="56" WIDTH="17" VPOS="1316" HPOS="1262"/>
                  <String HEIGHT="56"
                          WIDTH="133"
                          VPOS="1316"
                          HPOS="1196"
                          CONTENT="quies."/>
               </TextLine>
               <TextLine ID="r1l75"
                         BASELINE="1406"
                         HEIGHT="58"
                         WIDTH="801"
                         VPOS="1348"
                         HPOS="1184">
                  <String HEIGHT="58" WIDTH="73" VPOS="1348" HPOS="1169" CONTENT="4"/>
                  <SP HEIGHT="58" WIDTH="15" VPOS="1348" HPOS="1242"/>
                  <String HEIGHT="58"
                          WIDTH="131"
                          VPOS="1348"
                          HPOS="1199"
                          CONTENT="Praet"/>
                  <SP HEIGHT="58" WIDTH="15" VPOS="1348" HPOS="1330"/>
                  <String HEIGHT="58"
                          WIDTH="131"
                          VPOS="1348"
                          HPOS="1286"
                          CONTENT="erea,"/>
                  <SP HEIGHT="58" WIDTH="15" VPOS="1348" HPOS="1417"/>
                  <String HEIGHT="58"
                          WIDTH="131"
                          VPOS="1348"
                          HPOS="1373"
                          CONTENT="tepus"/>
                  <SP HEIGHT="58" WIDTH="15" VPOS="1348" HPOS="1504"/>
                  <String HEIGHT="58"
                          WIDTH="102"
                          VPOS="1348"
                          HPOS="1461"
                          CONTENT="est"/>
                  <SP HEIGHT="58" WIDTH="15" VPOS="1348" HPOS="1563"/>
                  <String HEIGHT="58"
                          WIDTH="102"
                          VPOS="1348"
                          HPOS="1519"
                          CONTENT="per"/>
                  <SP HEIGHT="58" WIDTH="15" VPOS="1348" HPOS="1621"/>
                  <String HEIGHT="58" WIDTH="87" VPOS="1348" HPOS="1577" CONTENT="se"/>
                  <SP HEIGHT="58" WIDTH="15" VPOS="1348" HPOS="1665"/>
                  <String HEIGHT="58"
                          WIDTH="175"
                          VPOS="1348"
                          HPOS="1621"
                          CONTENT="quantum,"/>
                  <SP HEIGHT="58" WIDTH="15" VPOS="1348" HPOS="1796"/>
                  <String HEIGHT="58"
                          WIDTH="102"
                          VPOS="1348"
                          HPOS="1752"
                          CONTENT="cum"/>
                  <SP HEIGHT="58" WIDTH="15" VPOS="1348" HPOS="1854"/>
                  <String HEIGHT="58"
                          WIDTH="102"
                          VPOS="1348"
                          HPOS="1810"
                          CONTENT="sit"/>
                  <SP HEIGHT="58" WIDTH="15" VPOS="1348" HPOS="1912"/>
                  <String HEIGHT="58"
                          WIDTH="131"
                          VPOS="1348"
                          HPOS="1854"
                          CONTENT="species"/>
               </TextLine>
               <TextLine ID="r1l76"
                         BASELINE="1442"
                         HEIGHT="47"
                         WIDTH="839"
                         VPOS="1395"
                         HPOS="1146">
                  <String HEIGHT="47"
                          WIDTH="240"
                          VPOS="1395"
                          HPOS="1131"
                          CONTENT="quantitatis:"/>
                  <SP HEIGHT="47" WIDTH="15" VPOS="1395" HPOS="1371"/>
                  <String HEIGHT="47"
                          WIDTH="105"
                          VPOS="1395"
                          HPOS="1326"
                          CONTENT="sed"/>
                  <SP HEIGHT="47" WIDTH="15" VPOS="1395" HPOS="1431"/>
                  <String HEIGHT="47"
                          WIDTH="135"
                          VPOS="1395"
                          HPOS="1386"
                          CONTENT="motus"/>
                  <SP HEIGHT="47" WIDTH="15" VPOS="1395" HPOS="1521"/>
                  <String HEIGHT="47"
                          WIDTH="105"
                          VPOS="1395"
                          HPOS="1476"
                          CONTENT="non"/>
                  <SP HEIGHT="47" WIDTH="15" VPOS="1395" HPOS="1580"/>
                  <String HEIGHT="47"
                          WIDTH="105"
                          VPOS="1395"
                          HPOS="1536"
                          CONTENT="est"/>
                  <SP HEIGHT="47" WIDTH="15" VPOS="1395" HPOS="1640"/>
                  <String HEIGHT="47"
                          WIDTH="105"
                          VPOS="1395"
                          HPOS="1595"
                          CONTENT="per"/>
                  <SP HEIGHT="47" WIDTH="15" VPOS="1395" HPOS="1700"/>
                  <String HEIGHT="47" WIDTH="90" VPOS="1395" HPOS="1655" CONTENT="se"/>
                  <SP HEIGHT="47" WIDTH="15" VPOS="1395" HPOS="1745"/>
                  <String HEIGHT="47"
                          WIDTH="180"
                          VPOS="1395"
                          HPOS="1700"
                          CONTENT="quantus;"/>
                  <SP HEIGHT="47" WIDTH="15" VPOS="1395" HPOS="1880"/>
                  <String HEIGHT="47"
                          WIDTH="105"
                          VPOS="1395"
                          HPOS="1835"
                          CONTENT="nam"/>
                  <SP HEIGHT="47" WIDTH="15" VPOS="1395" HPOS="1940"/>
                  <String HEIGHT="47"
                          WIDTH="105"
                          VPOS="1395"
                          HPOS="1880"
                          CONTENT="secun"/>
               </TextLine>
               <TextLine ID="r1l78"
                         BASELINE="1477"
                         HEIGHT="40"
                         WIDTH="846"
                         VPOS="1437"
                         HPOS="1148">
                  <String HEIGHT="40"
                          WIDTH="114"
                          VPOS="1437"
                          HPOS="1132"
                          CONTENT="dum"/>
                  <SP HEIGHT="40" WIDTH="16" VPOS="1437" HPOS="1246"/>
                  <String HEIGHT="40"
                          WIDTH="277"
                          VPOS="1437"
                          HPOS="1197"
                          CONTENT="Commentatorem"/>
                  <SP HEIGHT="40" WIDTH="16" VPOS="1437" HPOS="1473"/>
                  <String HEIGHT="40" WIDTH="98" VPOS="1437" HPOS="1425" CONTENT="3."/>
                  <SP HEIGHT="40" WIDTH="16" VPOS="1437" HPOS="1522"/>
                  <String HEIGHT="40"
                          WIDTH="244"
                          VPOS="1437"
                          HPOS="1473"
                          CONTENT="physicorum,"/>
                  <SP HEIGHT="40" WIDTH="16" VPOS="1437" HPOS="1717"/>
                  <String HEIGHT="40"
                          WIDTH="146"
                          VPOS="1437"
                          HPOS="1669"
                          CONTENT="motus"/>
                  <SP HEIGHT="40" WIDTH="16" VPOS="1437" HPOS="1815"/>
                  <String HEIGHT="40"
                          WIDTH="130"
                          VPOS="1437"
                          HPOS="1766"
                          CONTENT="est,"/>
                  <SP HEIGHT="40" WIDTH="16" VPOS="1437" HPOS="1896"/>
                  <String HEIGHT="40"
                          WIDTH="114"
                          VPOS="1437"
                          HPOS="1848"
                          CONTENT="vel"/>
                  <SP HEIGHT="40" WIDTH="16" VPOS="1437" HPOS="1961"/>
                  <String HEIGHT="40"
                          WIDTH="98"
                          VPOS="1437"
                          HPOS="1896"
                          CONTENT="fiu"
                          SUBS_TYPE="HypPart1"
                          SUBS_CONTENT="fiuxus"/>
                  <HYP CONTENT="-"/>
               </TextLine>
               <TextLine ID="line_1602687812197_712"
                         BASELINE="1516"
                         HEIGHT="41"
                         WIDTH="863"
                         VPOS="1475"
                         HPOS="1144">
                  <String HEIGHT="41"
                          WIDTH="99"
                          VPOS="1475"
                          HPOS="1130"
                          CONTENT="xus"
                          SUBS_TYPE="HypPart2"
                          SUBS_CONTENT="fiuxus"/>
                  <SP HEIGHT="41" WIDTH="14" VPOS="1475" HPOS="1229"/>
                  <String HEIGHT="41"
                          WIDTH="156"
                          VPOS="1475"
                          HPOS="1186"
                          CONTENT="formae,"/>
                  <SP HEIGHT="41" WIDTH="14" VPOS="1475" HPOS="1342"/>
                  <String HEIGHT="41"
                          WIDTH="99"
                          VPOS="1475"
                          HPOS="1300"
                          CONTENT="vel"/>
                  <SP HEIGHT="41" WIDTH="14" VPOS="1475" HPOS="1399"/>
                  <String HEIGHT="41"
                          WIDTH="127"
                          VPOS="1475"
                          HPOS="1356"
                          CONTENT="forma"/>
                  <SP HEIGHT="41" WIDTH="14" VPOS="1475" HPOS="1484"/>
                  <String HEIGHT="41"
                          WIDTH="156"
                          VPOS="1475"
                          HPOS="1441"
                          CONTENT="fluens:"/>
                  <SP HEIGHT="41" WIDTH="14" VPOS="1475" HPOS="1597"/>
                  <String HEIGHT="41"
                          WIDTH="113"
                          VPOS="1475"
                          HPOS="1554"
                          CONTENT="ergo"/>
                  <SP HEIGHT="41" WIDTH="14" VPOS="1475" HPOS="1667"/>
                  <String HEIGHT="41" WIDTH="85" VPOS="1475" HPOS="1625" CONTENT="si"/>
                  <SP HEIGHT="41" WIDTH="14" VPOS="1475" HPOS="1710"/>
                  <String HEIGHT="41"
                          WIDTH="99"
                          VPOS="1475"
                          HPOS="1667"
                          CONTENT="est"/>
                  <SP HEIGHT="41" WIDTH="14" VPOS="1475" HPOS="1766"/>
                  <String HEIGHT="41"
                          WIDTH="141"
                          VPOS="1475"
                          HPOS="1724"
                          CONTENT="fluxus"/>
                  <SP HEIGHT="41" WIDTH="14" VPOS="1475" HPOS="1866"/>
                  <String HEIGHT="41"
                          WIDTH="156"
                          VPOS="1475"
                          HPOS="1823"
                          CONTENT="formae,"/>
                  <SP HEIGHT="41" WIDTH="14" VPOS="1475" HPOS="1979"/>
                  <String HEIGHT="41"
                          WIDTH="85"
                          VPOS="1475"
                          HPOS="1922"
                          CONTENT="tunc"/>
               </TextLine>
               <TextLine ID="r1l89"
                         BASELINE="1566"
                         HEIGHT="46"
                         WIDTH="823"
                         VPOS="1520"
                         HPOS="1156">
                  <String HEIGHT="46"
                          WIDTH="116"
                          VPOS="1520"
                          HPOS="1142"
                          CONTENT="erit"/>
                  <SP HEIGHT="46" WIDTH="14" VPOS="1520" HPOS="1257"/>
                  <String HEIGHT="46" WIDTH="87" VPOS="1520" HPOS="1214" CONTENT="in"/>
                  <SP HEIGHT="46" WIDTH="14" VPOS="1520" HPOS="1300"/>
                  <String HEIGHT="46"
                          WIDTH="144"
                          VPOS="1520"
                          HPOS="1257"
                          CONTENT="genere"/>
                  <SP HEIGHT="46" WIDTH="14" VPOS="1520" HPOS="1401"/>
                  <String HEIGHT="46"
                          WIDTH="202"
                          VPOS="1520"
                          HPOS="1358"
                          CONTENT="passionis,"/>
                  <SP HEIGHT="46" WIDTH="14" VPOS="1520" HPOS="1560"/>
                  <String HEIGHT="46" WIDTH="87" VPOS="1520" HPOS="1517" CONTENT="si"/>
                  <SP HEIGHT="46" WIDTH="14" VPOS="1520" HPOS="1604"/>
                  <String HEIGHT="46"
                          WIDTH="130"
                          VPOS="1520"
                          HPOS="1560"
                          CONTENT="autem"/>
                  <SP HEIGHT="46" WIDTH="14" VPOS="1520" HPOS="1690"/>
                  <String HEIGHT="46"
                          WIDTH="101"
                          VPOS="1520"
                          HPOS="1647"
                          CONTENT="est"/>
                  <SP HEIGHT="46" WIDTH="14" VPOS="1520" HPOS="1748"/>
                  <String HEIGHT="46"
                          WIDTH="130"
                          VPOS="1520"
                          HPOS="1705"
                          CONTENT="forma"/>
                  <SP HEIGHT="46" WIDTH="14" VPOS="1520" HPOS="1835"/>
                  <String HEIGHT="46"
                          WIDTH="159"
                          VPOS="1520"
                          HPOS="1791"
                          CONTENT="fluens,"/>
                  <SP HEIGHT="46" WIDTH="14" VPOS="1520" HPOS="1950"/>
                  <String HEIGHT="46"
                          WIDTH="87"
                          VPOS="1520"
                          HPOS="1892"
                          CONTENT="tuns"/>
               </TextLine>
               <TextLine ID="r1l90"
                         BASELINE="1599"
                         HEIGHT="45"
                         WIDTH="840"
                         VPOS="1554"
                         HPOS="1142">
                  <String HEIGHT="45"
                          WIDTH="122"
                          VPOS="1554"
                          HPOS="1127"
                          CONTENT="erit"/>
                  <SP HEIGHT="45" WIDTH="15" VPOS="1554" HPOS="1249"/>
                  <String HEIGHT="45" WIDTH="92" VPOS="1554" HPOS="1203" CONTENT="in"/>
                  <SP HEIGHT="45" WIDTH="15" VPOS="1554" HPOS="1295"/>
                  <String HEIGHT="45"
                          WIDTH="137"
                          VPOS="1554"
                          HPOS="1249"
                          CONTENT="eadem"/>
                  <SP HEIGHT="45" WIDTH="15" VPOS="1554" HPOS="1386"/>
                  <String HEIGHT="45"
                          WIDTH="153"
                          VPOS="1554"
                          HPOS="1341"
                          CONTENT="specie"/>
                  <SP HEIGHT="45" WIDTH="15" VPOS="1554" HPOS="1493"/>
                  <String HEIGHT="45"
                          WIDTH="107"
                          VPOS="1554"
                          HPOS="1447"
                          CONTENT="cum"/>
                  <SP HEIGHT="45" WIDTH="15" VPOS="1554" HPOS="1554"/>
                  <String HEIGHT="45"
                          WIDTH="183"
                          VPOS="1554"
                          HPOS="1509"
                          CONTENT="termino,"/>
                  <SP HEIGHT="45" WIDTH="15" VPOS="1554" HPOS="1692"/>
                  <String HEIGHT="45" WIDTH="92" VPOS="1554" HPOS="1646" CONTENT="ad"/>
                  <SP HEIGHT="45" WIDTH="15" VPOS="1554" HPOS="1738"/>
                  <String HEIGHT="45"
                          WIDTH="122"
                          VPOS="1554"
                          HPOS="1692"
                          CONTENT="quem"/>
                  <SP HEIGHT="45" WIDTH="15" VPOS="1554" HPOS="1814"/>
                  <String HEIGHT="45"
                          WIDTH="107"
                          VPOS="1554"
                          HPOS="1768"
                          CONTENT="est"/>
                  <SP HEIGHT="45" WIDTH="15" VPOS="1554" HPOS="1875"/>
                  <String HEIGHT="45"
                          WIDTH="153"
                          VPOS="1554"
                          HPOS="1829"
                          CONTENT="motus,"/>
                  <SP HEIGHT="45" WIDTH="15" VPOS="1554" HPOS="1982"/>
                  <String HEIGHT="45" WIDTH="76" VPOS="1554" HPOS="1936" CONTENT="&amp;"/>
                  <SP HEIGHT="45" WIDTH="15" VPOS="1554" HPOS="2013"/>
                  <String HEIGHT="45" WIDTH="31" VPOS="1554" HPOS="1951" CONTENT=""/>
               </TextLine>
               <TextLine ID="r1l92"
                         BASELINE="1643"
                         HEIGHT="50"
                         WIDTH="713"
                         VPOS="1593"
                         HPOS="1154">
                  <String HEIGHT="50"
                          WIDTH="109"
                          VPOS="1593"
                          HPOS="1139"
                          CONTENT="per"/>
                  <SP HEIGHT="50" WIDTH="16" VPOS="1593" HPOS="1247"/>
                  <String HEIGHT="50"
                          WIDTH="217"
                          VPOS="1593"
                          HPOS="1201"
                          CONTENT="consequens"/>
                  <SP HEIGHT="50" WIDTH="16" VPOS="1593" HPOS="1418"/>
                  <String HEIGHT="50"
                          WIDTH="140"
                          VPOS="1593"
                          HPOS="1371"
                          CONTENT="motus"/>
                  <SP HEIGHT="50" WIDTH="16" VPOS="1593" HPOS="1511"/>
                  <String HEIGHT="50"
                          WIDTH="109"
                          VPOS="1593"
                          HPOS="1464"
                          CONTENT="non"/>
                  <SP HEIGHT="50" WIDTH="16" VPOS="1593" HPOS="1573"/>
                  <String HEIGHT="50"
                          WIDTH="109"
                          VPOS="1593"
                          HPOS="1526"
                          CONTENT="est"/>
                  <SP HEIGHT="50" WIDTH="16" VPOS="1593" HPOS="1635"/>
                  <String HEIGHT="50"
                          WIDTH="109"
                          VPOS="1593"
                          HPOS="1588"
                          CONTENT="per"/>
                  <SP HEIGHT="50" WIDTH="16" VPOS="1593" HPOS="1697"/>
                  <String HEIGHT="50" WIDTH="93" VPOS="1593" HPOS="1650" CONTENT="se"/>
                  <SP HEIGHT="50" WIDTH="16" VPOS="1593" HPOS="1743"/>
                  <String HEIGHT="50"
                          WIDTH="186"
                          VPOS="1593"
                          HPOS="1681"
                          CONTENT="continuus,"/>
               </TextLine>
               <TextLine ID="r1l94"
                         BASELINE="1685"
                         HEIGHT="51"
                         WIDTH="833"
                         VPOS="1634"
                         HPOS="1152">
                  <String HEIGHT="51" WIDTH="77" VPOS="1634" HPOS="1137" CONTENT="3"/>
                  <SP HEIGHT="51" WIDTH="15" VPOS="1634" HPOS="1214"/>
                  <String HEIGHT="51"
                          WIDTH="216"
                          VPOS="1634"
                          HPOS="1167"
                          CONTENT="Praeterea,"/>
                  <SP HEIGHT="51" WIDTH="15" VPOS="1634" HPOS="1383"/>
                  <String HEIGHT="51"
                          WIDTH="123"
                          VPOS="1634"
                          HPOS="1337"
                          CONTENT="ista"/>
                  <SP HEIGHT="51" WIDTH="15" VPOS="1634" HPOS="1461"/>
                  <String HEIGHT="51"
                          WIDTH="108"
                          VPOS="1634"
                          HPOS="1414"
                          CONTENT="est"/>
                  <SP HEIGHT="51" WIDTH="15" VPOS="1634" HPOS="1522"/>
                  <String HEIGHT="51"
                          WIDTH="185"
                          VPOS="1634"
                          HPOS="1476"
                          CONTENT="intentio"/>
                  <SP HEIGHT="51" WIDTH="15" VPOS="1634" HPOS="1661"/>
                  <String HEIGHT="51"
                          WIDTH="154"
                          VPOS="1634"
                          HPOS="1615"
                          CONTENT="Auicen"/>
                  <SP HEIGHT="51" WIDTH="15" VPOS="1634" HPOS="1769"/>
                  <String HEIGHT="51"
                          WIDTH="139"
                          VPOS="1634"
                          HPOS="1723"
                          CONTENT="primo"/>
                  <SP HEIGHT="51" WIDTH="15" VPOS="1634" HPOS="1862"/>
                  <String HEIGHT="51"
                          WIDTH="185"
                          VPOS="1634"
                          HPOS="1800"
                          CONTENT="naturalium"/>
               </TextLine>
               <TextLine ID="r1l96"
                         BASELINE="1720"
                         HEIGHT="49"
                         WIDTH="837"
                         VPOS="1671"
                         HPOS="1146">
                  <String HEIGHT="49"
                          WIDTH="103"
                          VPOS="1671"
                          HPOS="1131"
                          CONTENT="vbi"/>
                  <SP HEIGHT="49" WIDTH="15" VPOS="1671" HPOS="1234"/>
                  <String HEIGHT="49"
                          WIDTH="117"
                          VPOS="1671"
                          HPOS="1190"
                          CONTENT="ait,"/>
                  <SP HEIGHT="49" WIDTH="15" VPOS="1671" HPOS="1308"/>
                  <String HEIGHT="49"
                          WIDTH="117"
                          VPOS="1671"
                          HPOS="1263"
                          CONTENT="quod"/>
                  <SP HEIGHT="49" WIDTH="15" VPOS="1671" HPOS="1381"/>
                  <String HEIGHT="49"
                          WIDTH="220"
                          VPOS="1671"
                          HPOS="1337"
                          CONTENT="continuatio"/>
                  <SP HEIGHT="49" WIDTH="15" VPOS="1671" HPOS="1557"/>
                  <String HEIGHT="49"
                          WIDTH="103"
                          VPOS="1671"
                          HPOS="1513"
                          CONTENT="non"/>
                  <SP HEIGHT="49" WIDTH="15" VPOS="1671" HPOS="1616"/>
                  <String HEIGHT="49"
                          WIDTH="162"
                          VPOS="1671"
                          HPOS="1572"
                          CONTENT="accidit"/>
                  <SP HEIGHT="49" WIDTH="15" VPOS="1671" HPOS="1733"/>
                  <String HEIGHT="49"
                          WIDTH="176"
                          VPOS="1671"
                          HPOS="1689"
                          CONTENT="tempori,"/>
                  <SP HEIGHT="49" WIDTH="15" VPOS="1671" HPOS="1866"/>
                  <String HEIGHT="49"
                          WIDTH="103"
                          VPOS="1671"
                          HPOS="1821"
                          CONTENT="sed"/>
                  <SP HEIGHT="49" WIDTH="15" VPOS="1671" HPOS="1924"/>
                  <String HEIGHT="49"
                          WIDTH="103"
                          VPOS="1671"
                          HPOS="1880"
                          CONTENT="est"/>
                  <SP HEIGHT="49" WIDTH="15" VPOS="1671" HPOS="1983"/>
                  <String HEIGHT="49" WIDTH="59" VPOS="1671" HPOS="1924" CONTENT="de"/>
               </TextLine>
               <TextLine ID="r1l99"
                         BASELINE="1756"
                         HEIGHT="47"
                         WIDTH="849"
                         VPOS="1709"
                         HPOS="1140">
                  <String HEIGHT="47"
                          WIDTH="205"
                          VPOS="1709"
                          HPOS="1125"
                          CONTENT="intellectu"/>
                  <SP HEIGHT="47" WIDTH="15" VPOS="1709" HPOS="1330"/>
                  <String HEIGHT="47"
                          WIDTH="132"
                          VPOS="1709"
                          HPOS="1286"
                          CONTENT="eius,"/>
                  <SP HEIGHT="47" WIDTH="15" VPOS="1709" HPOS="1418"/>
                  <String HEIGHT="47" WIDTH="73" VPOS="1709" HPOS="1374" CONTENT="&amp;"/>
                  <SP HEIGHT="47" WIDTH="15" VPOS="1709" HPOS="1447"/>
                  <String HEIGHT="47"
                          WIDTH="102"
                          VPOS="1709"
                          HPOS="1403"
                          CONTENT="non"/>
                  <SP HEIGHT="47" WIDTH="15" VPOS="1709" HPOS="1506"/>
                  <String HEIGHT="47" WIDTH="73" VPOS="1709" HPOS="1462" CONTENT="a"/>
                  <SP HEIGHT="47" WIDTH="15" VPOS="1709" HPOS="1535"/>
                  <String HEIGHT="47"
                          WIDTH="132"
                          VPOS="1709"
                          HPOS="1491"
                          CONTENT="causa"/>
                  <SP HEIGHT="47" WIDTH="15" VPOS="1709" HPOS="1623"/>
                  <String HEIGHT="47"
                          WIDTH="117"
                          VPOS="1709"
                          HPOS="1579"
                          CONTENT="sibi"/>
                  <SP HEIGHT="47" WIDTH="15" VPOS="1709" HPOS="1696"/>
                  <String HEIGHT="47"
                          WIDTH="220"
                          VPOS="1709"
                          HPOS="1652"
                          CONTENT="extrinseca:"/>
                  <SP HEIGHT="47" WIDTH="15" VPOS="1709" HPOS="1872"/>
                  <String HEIGHT="47"
                          WIDTH="102"
                          VPOS="1709"
                          HPOS="1828"
                          CONTENT="sed"/>
                  <SP HEIGHT="47" WIDTH="15" VPOS="1709" HPOS="1930"/>
                  <String HEIGHT="47" WIDTH="88" VPOS="1709" HPOS="1887" CONTENT="ex"/>
                  <SP HEIGHT="47" WIDTH="15" VPOS="1709" HPOS="1974"/>
                  <String HEIGHT="47"
                          WIDTH="73"
                          VPOS="1709"
                          HPOS="1916"
                          CONTENT="eor"/>
               </TextLine>
               <TextLine ID="r1l102"
                         BASELINE="1794"
                         HEIGHT="44"
                         WIDTH="835"
                         VPOS="1750"
                         HPOS="1140">
                  <String HEIGHT="44"
                          WIDTH="128"
                          VPOS="1750"
                          HPOS="1124"
                          CONTENT="quod"/>
                  <SP HEIGHT="44" WIDTH="16" VPOS="1750" HPOS="1252"/>
                  <String HEIGHT="44"
                          WIDTH="161"
                          VPOS="1750"
                          HPOS="1204"
                          CONTENT="tempus"/>
                  <SP HEIGHT="44" WIDTH="16" VPOS="1750" HPOS="1365"/>
                  <String HEIGHT="44"
                          WIDTH="273"
                          VPOS="1750"
                          HPOS="1317"
                          CONTENT="continuitatem"/>
                  <SP HEIGHT="44" WIDTH="16" VPOS="1750" HPOS="1590"/>
                  <String HEIGHT="44"
                          WIDTH="161"
                          VPOS="1750"
                          HPOS="1541"
                          CONTENT="habet,"/>
                  <SP HEIGHT="44" WIDTH="16" VPOS="1750" HPOS="1702"/>
                  <String HEIGHT="44"
                          WIDTH="112"
                          VPOS="1750"
                          HPOS="1654"
                          CONTENT="est"/>
                  <SP HEIGHT="44" WIDTH="16" VPOS="1750" HPOS="1766"/>
                  <String HEIGHT="44"
                          WIDTH="241"
                          VPOS="1750"
                          HPOS="1718"
                          CONTENT="continuatio"/>
                  <SP HEIGHT="44" WIDTH="16" VPOS="1750" HPOS="1959"/>
                  <String HEIGHT="44"
                          WIDTH="80"
                          VPOS="1750"
                          HPOS="1895"
                          CONTENT="mo"
                          SUBS_TYPE="HypPart1"
                          SUBS_CONTENT="motus."/>
                  <HYP CONTENT="-"/>
               </TextLine>
               <TextLine ID="r1l104"
                         BASELINE="1836"
                         HEIGHT="46"
                         WIDTH="842"
                         VPOS="1790"
                         HPOS="1143">
                  <String HEIGHT="46"
                          WIDTH="125"
                          VPOS="1790"
                          HPOS="1127"
                          CONTENT="tus."
                          SUBS_TYPE="HypPart2"
                          SUBS_CONTENT="motus."/>
                  <SP HEIGHT="46" WIDTH="16" VPOS="1790" HPOS="1252"/>
                  <String HEIGHT="46" WIDTH="94" VPOS="1790" HPOS="1205" CONTENT="Et"/>
                  <SP HEIGHT="46" WIDTH="16" VPOS="1790" HPOS="1299"/>
                  <String HEIGHT="46"
                          WIDTH="156"
                          VPOS="1790"
                          HPOS="1252"
                          CONTENT="ibidem"/>
                  <SP HEIGHT="46" WIDTH="16" VPOS="1790" HPOS="1408"/>
                  <String HEIGHT="46"
                          WIDTH="109"
                          VPOS="1790"
                          HPOS="1361"
                          CONTENT="ait"/>
                  <SP HEIGHT="46" WIDTH="16" VPOS="1790" HPOS="1470"/>
                  <String HEIGHT="46"
                          WIDTH="156"
                          VPOS="1790"
                          HPOS="1424"
                          CONTENT="Auicen"/>
                  <SP HEIGHT="46" WIDTH="16" VPOS="1790" HPOS="1580"/>
                  <String HEIGHT="46"
                          WIDTH="125"
                          VPOS="1790"
                          HPOS="1533"
                          CONTENT="quod"/>
                  <SP HEIGHT="46" WIDTH="16" VPOS="1790" HPOS="1658"/>
                  <String HEIGHT="46"
                          WIDTH="234"
                          VPOS="1790"
                          HPOS="1611"
                          CONTENT="continuitas"/>
                  <SP HEIGHT="46" WIDTH="16" VPOS="1790" HPOS="1845"/>
                  <String HEIGHT="46"
                          WIDTH="140"
                          VPOS="1790"
                          HPOS="1798"
                          CONTENT="motus"/>
                  <SP HEIGHT="46" WIDTH="16" VPOS="1790" HPOS="1938"/>
                  <String HEIGHT="46"
                          WIDTH="109"
                          VPOS="1790"
                          HPOS="1876"
                          CONTENT="accie"/>
               </TextLine>
               <TextLine ID="r1l106"
                         BASELINE="1888"
                         HEIGHT="62"
                         WIDTH="832"
                         VPOS="1826"
                         HPOS="1153">
                  <String HEIGHT="62"
                          WIDTH="110"
                          VPOS="1826"
                          HPOS="1137"
                          CONTENT="dit"/>
                  <SP HEIGHT="62" WIDTH="16" VPOS="1826" HPOS="1247"/>
                  <String HEIGHT="62"
                          WIDTH="157"
                          VPOS="1826"
                          HPOS="1200"
                          CONTENT="motui;"/>
                  <SP HEIGHT="62" WIDTH="16" VPOS="1826" HPOS="1357"/>
                  <String HEIGHT="62"
                          WIDTH="126"
                          VPOS="1826"
                          HPOS="1310"
                          CONTENT="quia"/>
                  <SP HEIGHT="62" WIDTH="16" VPOS="1826" HPOS="1436"/>
                  <String HEIGHT="62"
                          WIDTH="110"
                          VPOS="1826"
                          HPOS="1388"
                          CONTENT="non"/>
                  <SP HEIGHT="62" WIDTH="16" VPOS="1826" HPOS="1498"/>
                  <String HEIGHT="62"
                          WIDTH="141"
                          VPOS="1826"
                          HPOS="1451"
                          CONTENT="habet"/>
                  <SP HEIGHT="62" WIDTH="16" VPOS="1826" HPOS="1593"/>
                  <String HEIGHT="62"
                          WIDTH="110"
                          VPOS="1826"
                          HPOS="1545"
                          CONTENT="eam"/>
                  <SP HEIGHT="62" WIDTH="16" VPOS="1826" HPOS="1655"/>
                  <String HEIGHT="62" WIDTH="78" VPOS="1826" HPOS="1608" CONTENT="a"/>
                  <SP HEIGHT="62" WIDTH="16" VPOS="1826" HPOS="1687"/>
                  <String HEIGHT="62"
                          WIDTH="110"
                          VPOS="1826"
                          HPOS="1640"
                          CONTENT="se,"/>
                  <SP HEIGHT="62" WIDTH="16" VPOS="1826" HPOS="1750"/>
                  <String HEIGHT="62"
                          WIDTH="110"
                          VPOS="1826"
                          HPOS="1702"
                          CONTENT="sed"/>
                  <SP HEIGHT="62" WIDTH="16" VPOS="1826" HPOS="1812"/>
                  <String HEIGHT="62" WIDTH="78" VPOS="1826" HPOS="1765" CONTENT="a"/>
                  <SP HEIGHT="62" WIDTH="16" VPOS="1826" HPOS="1844"/>
                  <String HEIGHT="62"
                          WIDTH="204"
                          VPOS="1826"
                          HPOS="1781"
                          CONTENT="magnitudine"/>
               </TextLine>
               <TextLine ID="r1l108"
                         BASELINE="1919"
                         HEIGHT="53"
                         WIDTH="178"
                         VPOS="1866"
                         HPOS="1144">
                  <String HEIGHT="53" WIDTH="89" VPOS="1866" HPOS="1126" CONTENT="&amp;"/>
                  <SP HEIGHT="53" WIDTH="18" VPOS="1866" HPOS="1215"/>
                  <String HEIGHT="53"
                          WIDTH="178"
                          VPOS="1866"
                          HPOS="1144"
                          CONTENT="tempore,"/>
               </TextLine>
               <TextLine ID="r1l112"
                         BASELINE="1951"
                         HEIGHT="40"
                         WIDTH="812"
                         VPOS="1911"
                         HPOS="1170">
                  <String HEIGHT="40" WIDTH="72" VPOS="1911" HPOS="1152" CONTENT=""/>
                  <SP HEIGHT="40" WIDTH="18" VPOS="1911" HPOS="1224"/>
                  <String HEIGHT="40"
                          WIDTH="235"
                          VPOS="1911"
                          HPOS="1170"
                          CONTENT="Preterea,"/>
                  <SP HEIGHT="40" WIDTH="18" VPOS="1911" HPOS="1405"/>
                  <String HEIGHT="40"
                          WIDTH="180"
                          VPOS="1911"
                          HPOS="1350"
                          CONTENT="tempus"/>
                  <SP HEIGHT="40" WIDTH="18" VPOS="1911" HPOS="1531"/>
                  <String HEIGHT="40"
                          WIDTH="126"
                          VPOS="1911"
                          HPOS="1477"
                          CONTENT="est"/>
                  <SP HEIGHT="40" WIDTH="18" VPOS="1911" HPOS="1603"/>
                  <String HEIGHT="40"
                          WIDTH="198"
                          VPOS="1911"
                          HPOS="1549"
                          CONTENT="mensura"/>
                  <SP HEIGHT="40" WIDTH="18" VPOS="1911" HPOS="1747"/>
                  <String HEIGHT="40"
                          WIDTH="180"
                          VPOS="1911"
                          HPOS="1693"
                          CONTENT="motus,"/>
                  <SP HEIGHT="40" WIDTH="18" VPOS="1911" HPOS="1874"/>
                  <String HEIGHT="40"
                          WIDTH="144"
                          VPOS="1911"
                          HPOS="1820"
                          CONTENT="ergo"/>
                  <SP HEIGHT="40" WIDTH="18" VPOS="1911" HPOS="1964"/>
                  <String HEIGHT="40"
                          WIDTH="90"
                          VPOS="1911"
                          HPOS="1892"
                          CONTENT="non"/>
               </TextLine>
               <TextLine ID="r1l113"
                         BASELINE="2000"
                         HEIGHT="57"
                         WIDTH="825"
                         VPOS="1943"
                         HPOS="1155">
                  <String HEIGHT="57"
                          WIDTH="168"
                          VPOS="1943"
                          HPOS="1140"
                          CONTENT="poterit"/>
                  <SP HEIGHT="57" WIDTH="15" VPOS="1943" HPOS="1308"/>
                  <String HEIGHT="57"
                          WIDTH="122"
                          VPOS="1943"
                          HPOS="1262"
                          CONTENT="esse"/>
                  <SP HEIGHT="57" WIDTH="15" VPOS="1943" HPOS="1384"/>
                  <String HEIGHT="57"
                          WIDTH="122"
                          VPOS="1943"
                          HPOS="1338"
                          CONTENT="idem"/>
                  <SP HEIGHT="57" WIDTH="15" VPOS="1943" HPOS="1461"/>
                  <String HEIGHT="57"
                          WIDTH="199"
                          VPOS="1943"
                          HPOS="1415"
                          CONTENT="realiter,"/>
                  <SP HEIGHT="57" WIDTH="15" VPOS="1943" HPOS="1613"/>
                  <String HEIGHT="57"
                          WIDTH="122"
                          VPOS="1943"
                          HPOS="1568"
                          CONTENT="quod"/>
                  <SP HEIGHT="57" WIDTH="15" VPOS="1943" HPOS="1690"/>
                  <String HEIGHT="57"
                          WIDTH="153"
                          VPOS="1943"
                          HPOS="1644"
                          CONTENT="motus."/>
                  <SP HEIGHT="57" WIDTH="15" VPOS="1943" HPOS="1797"/>
                  <String HEIGHT="57"
                          WIDTH="214"
                          VPOS="1943"
                          HPOS="1751"
                          CONTENT="Antecedens"/>
                  <SP HEIGHT="57" WIDTH="15" VPOS="1943" HPOS="1965"/>
                  <String HEIGHT="57"
                          WIDTH="76"
                          VPOS="1943"
                          HPOS="1904"
                          CONTENT="pa"
                          SUBS_TYPE="HypPart1"
                          SUBS_CONTENT="patet"/>
                  <HYP CONTENT="-"/>
               </TextLine>
               <TextLine ID="r1l116"
                         BASELINE="2036"
                         HEIGHT="43"
                         WIDTH="836"
                         VPOS="1993"
                         HPOS="1144">
                  <String HEIGHT="43"
                          WIDTH="110"
                          VPOS="1993"
                          HPOS="1128"
                          CONTENT="tet"
                          SUBS_TYPE="HypPart2"
                          SUBS_CONTENT="patet"/>
                  <SP HEIGHT="43" WIDTH="16" VPOS="1993" HPOS="1239"/>
                  <String HEIGHT="43" WIDTH="79" VPOS="1993" HPOS="1191" CONTENT=":"/>
                  <SP HEIGHT="43" WIDTH="16" VPOS="1993" HPOS="1270"/>
                  <String HEIGHT="43"
                          WIDTH="189"
                          VPOS="1993"
                          HPOS="1223"
                          CONTENT="probatur"/>
                  <SP HEIGHT="43" WIDTH="16" VPOS="1993" HPOS="1412"/>
                  <String HEIGHT="43"
                          WIDTH="268"
                          VPOS="1993"
                          HPOS="1365"
                          CONTENT="consequentia:"/>
                  <SP HEIGHT="43" WIDTH="16" VPOS="1993" HPOS="1633"/>
                  <String HEIGHT="43"
                          WIDTH="126"
                          VPOS="1993"
                          HPOS="1586"
                          CONTENT="quia"/>
                  <SP HEIGHT="43" WIDTH="16" VPOS="1993" HPOS="1712"/>
                  <String HEIGHT="43"
                          WIDTH="221"
                          VPOS="1993"
                          HPOS="1665"
                          CONTENT="mensuratum"/>
                  <SP HEIGHT="43" WIDTH="16" VPOS="1993" HPOS="1885"/>
                  <String HEIGHT="43"
                          WIDTH="158"
                          VPOS="1993"
                          HPOS="1822"
                          CONTENT="refertur"/>
               </TextLine>
               <TextLine ID="r1l118"
                         BASELINE="2070"
                         HEIGHT="47"
                         WIDTH="845"
                         VPOS="2023"
                         HPOS="1143">
                  <String HEIGHT="47"
                          WIDTH="172"
                          VPOS="2023"
                          HPOS="1129"
                          CONTENT="realiter"/>
                  <SP HEIGHT="47" WIDTH="14" VPOS="2023" HPOS="1301"/>
                  <String HEIGHT="47" WIDTH="86" VPOS="2023" HPOS="1258" CONTENT="ad"/>
                  <SP HEIGHT="47" WIDTH="14" VPOS="2023" HPOS="1344"/>
                  <String HEIGHT="47"
                          WIDTH="186"
                          VPOS="2023"
                          HPOS="1301"
                          CONTENT="mensuram,"/>
                  <SP HEIGHT="47" WIDTH="14" VPOS="2023" HPOS="1487"/>
                  <String HEIGHT="47"
                          WIDTH="100"
                          VPOS="2023"
                          HPOS="1444"
                          CONTENT="sed"/>
                  <SP HEIGHT="47" WIDTH="14" VPOS="2023" HPOS="1544"/>
                  <String HEIGHT="47"
                          WIDTH="100"
                          VPOS="2023"
                          HPOS="1501"
                          CONTENT="ea,"/>
                  <SP HEIGHT="47" WIDTH="14" VPOS="2023" HPOS="1601"/>
                  <String HEIGHT="47"
                          WIDTH="115"
                          VPOS="2023"
                          HPOS="1558"
                          CONTENT="quae"/>
                  <SP HEIGHT="47" WIDTH="14" VPOS="2023" HPOS="1673"/>
                  <String HEIGHT="47"
                          WIDTH="172"
                          VPOS="2023"
                          HPOS="1630"
                          CONTENT="realiter"/>
                  <SP HEIGHT="47" WIDTH="14" VPOS="2023" HPOS="1802"/>
                  <String HEIGHT="47"
                          WIDTH="115"
                          VPOS="2023"
                          HPOS="1759"
                          CONTENT="sunt"/>
                  <SP HEIGHT="47" WIDTH="14" VPOS="2023" HPOS="1873"/>
                  <String HEIGHT="47"
                          WIDTH="129"
                          VPOS="2023"
                          HPOS="1830"
                          CONTENT="idem,"/>
                  <SP HEIGHT="47" WIDTH="14" VPOS="2023" HPOS="1959"/>
                  <String HEIGHT="47"
                          WIDTH="86"
                          VPOS="2023"
                          HPOS="1902"
                          CONTENT="vnum"/>
               </TextLine>
               <TextLine ID="r1l121"
                         BASELINE="2119"
                         HEIGHT="47"
                         WIDTH="833"
                         VPOS="2072"
                         HPOS="1149">
                  <String HEIGHT="47"
                          WIDTH="104"
                          VPOS="2072"
                          HPOS="1134"
                          CONTENT="non"/>
                  <SP HEIGHT="47" WIDTH="15" VPOS="2072" HPOS="1238"/>
                  <String HEIGHT="47"
                          WIDTH="149"
                          VPOS="2072"
                          HPOS="1194"
                          CONTENT="potest"/>
                  <SP HEIGHT="47" WIDTH="15" VPOS="2072" HPOS="1342"/>
                  <String HEIGHT="47"
                          WIDTH="179"
                          VPOS="2072"
                          HPOS="1298"
                          CONTENT="realiter"/>
                  <SP HEIGHT="47" WIDTH="15" VPOS="2072" HPOS="1476"/>
                  <String HEIGHT="47"
                          WIDTH="164"
                          VPOS="2072"
                          HPOS="1432"
                          CONTENT="referri"/>
                  <SP HEIGHT="47" WIDTH="15" VPOS="2072" HPOS="1595"/>
                  <String HEIGHT="47" WIDTH="89" VPOS="2072" HPOS="1551" CONTENT="ad"/>
                  <SP HEIGHT="47" WIDTH="15" VPOS="2072" HPOS="1640"/>
                  <String HEIGHT="47"
                          WIDTH="179"
                          VPOS="2072"
                          HPOS="1595"
                          CONTENT="alterum,"/>
                  <SP HEIGHT="47" WIDTH="15" VPOS="2072" HPOS="1774"/>
                  <String HEIGHT="47"
                          WIDTH="104"
                          VPOS="2072"
                          HPOS="1729"
                          CONTENT="cum"/>
                  <SP HEIGHT="47" WIDTH="15" VPOS="2072" HPOS="1833"/>
                  <String HEIGHT="47"
                          WIDTH="164"
                          VPOS="2072"
                          HPOS="1789"
                          CONTENT="extrema"/>
                  <SP HEIGHT="47" WIDTH="15" VPOS="2072" HPOS="1952"/>
                  <String HEIGHT="47"
                          WIDTH="89"
                          VPOS="2072"
                          HPOS="1893"
                          CONTENT="rea"
                          SUBS_TYPE="HypPart1"
                          SUBS_CONTENT="realis"/>
                  <HYP CONTENT="-"/>
               </TextLine>
               <TextLine ID="r1l123"
                         BASELINE="2155"
                         HEIGHT="52"
                         WIDTH="666"
                         VPOS="2103"
                         HPOS="1140">
                  <String HEIGHT="52"
                          WIDTH="97"
                          VPOS="2103"
                          HPOS="1126"
                          CONTENT="lis"
                          SUBS_TYPE="HypPart2"
                          SUBS_CONTENT="realis"/>
                  <SP HEIGHT="52" WIDTH="14" VPOS="2103" HPOS="1223"/>
                  <String HEIGHT="52"
                          WIDTH="194"
                          VPOS="2103"
                          HPOS="1182"
                          CONTENT="relationis"/>
                  <SP HEIGHT="52" WIDTH="14" VPOS="2103" HPOS="1376"/>
                  <String HEIGHT="52"
                          WIDTH="167"
                          VPOS="2103"
                          HPOS="1334"
                          CONTENT="oporteat"/>
                  <SP HEIGHT="52" WIDTH="14" VPOS="2103" HPOS="1501"/>
                  <String HEIGHT="52"
                          WIDTH="111"
                          VPOS="2103"
                          HPOS="1459"
                          CONTENT="esse"/>
                  <SP HEIGHT="52" WIDTH="14" VPOS="2103" HPOS="1570"/>
                  <String HEIGHT="52"
                          WIDTH="167"
                          VPOS="2103"
                          HPOS="1529"
                          CONTENT="realiter"/>
                  <SP HEIGHT="52" WIDTH="14" VPOS="2103" HPOS="1695"/>
                  <String HEIGHT="52"
                          WIDTH="167"
                          VPOS="2103"
                          HPOS="1640"
                          CONTENT="distincta."/>
               </TextLine>
               <TextLine ID="line_1602687825726_723"
                         BASELINE="2187"
                         HEIGHT="46"
                         WIDTH="806"
                         VPOS="2141"
                         HPOS="1183">
                  <String HEIGHT="46"
                          WIDTH="171"
                          VPOS="2141"
                          HPOS="1166"
                          CONTENT="Contra"/>
                  <SP HEIGHT="46" WIDTH="17" VPOS="2141" HPOS="1337"/>
                  <String HEIGHT="46"
                          WIDTH="206"
                          VPOS="2141"
                          HPOS="1286"
                          CONTENT="secundam"/>
                  <SP HEIGHT="46" WIDTH="17" VPOS="2141" HPOS="1492"/>
                  <String HEIGHT="46"
                          WIDTH="274"
                          VPOS="2141"
                          HPOS="1440"
                          CONTENT="conclusionem"/>
                  <SP HEIGHT="46" WIDTH="17" VPOS="2141" HPOS="1715"/>
                  <String HEIGHT="46"
                          WIDTH="189"
                          VPOS="2141"
                          HPOS="1663"
                          CONTENT="arguunt"/>
                  <SP HEIGHT="46" WIDTH="17" VPOS="2141" HPOS="1852"/>
                  <String HEIGHT="46"
                          WIDTH="137"
                          VPOS="2141"
                          HPOS="1800"
                          CONTENT="illi"/>
                  <SP HEIGHT="46" WIDTH="17" VPOS="2141" HPOS="1938"/>
                  <String HEIGHT="46"
                          WIDTH="120"
                          VPOS="2141"
                          HPOS="1869"
                          CONTENT="iidem"/>
               </TextLine>
               <TextLine ID="r1l130"
                         BASELINE="2231"
                         HEIGHT="54"
                         WIDTH="173"
                         VPOS="2177"
                         HPOS="1145">
                  <String HEIGHT="54"
                          WIDTH="173"
                          VPOS="2177"
                          HPOS="1131"
                          CONTENT="doctores"/>
                  <SP HEIGHT="54" WIDTH="14" VPOS="2177" HPOS="1304"/>
                  <String HEIGHT="54"
                          WIDTH="72"
                          VPOS="2177"
                          HPOS="1246"
                          CONTENT="sic"/>
               </TextLine>
               <TextLine ID="r1l135"
                         BASELINE="2273"
                         HEIGHT="54"
                         WIDTH="810"
                         VPOS="2219"
                         HPOS="1182">
                  <String HEIGHT="54" WIDTH="78" VPOS="2219" HPOS="1166" CONTENT="1"/>
                  <SP HEIGHT="54" WIDTH="16" VPOS="2219" HPOS="1244"/>
                  <String HEIGHT="54"
                          WIDTH="156"
                          VPOS="2219"
                          HPOS="1198"
                          CONTENT="Quando"/>
                  <SP HEIGHT="54" WIDTH="16" VPOS="2219" HPOS="1353"/>
                  <String HEIGHT="54"
                          WIDTH="203"
                          VPOS="2219"
                          HPOS="1307"
                          CONTENT="subiectum"/>
                  <SP HEIGHT="54" WIDTH="16" VPOS="2219" HPOS="1509"/>
                  <String HEIGHT="54"
                          WIDTH="187"
                          VPOS="2219"
                          HPOS="1462"
                          CONTENT="alicuius"/>
                  <SP HEIGHT="54" WIDTH="16" VPOS="2219" HPOS="1649"/>
                  <String HEIGHT="54"
                          WIDTH="203"
                          VPOS="2219"
                          HPOS="1603"
                          CONTENT="passionis"/>
                  <SP HEIGHT="54" WIDTH="16" VPOS="2219" HPOS="1805"/>
                  <String HEIGHT="54"
                          WIDTH="109"
                          VPOS="2219"
                          HPOS="1758"
                          CONTENT="est"/>
                  <SP HEIGHT="54" WIDTH="16" VPOS="2219" HPOS="1867"/>
                  <String HEIGHT="54"
                          WIDTH="140"
                          VPOS="2219"
                          HPOS="1821"
                          CONTENT="extra"/>
                  <SP HEIGHT="54" WIDTH="16" VPOS="2219" HPOS="1961"/>
                  <String HEIGHT="54"
                          WIDTH="93"
                          VPOS="2219"
                          HPOS="1899"
                          CONTENT="ani"
                          SUBS_TYPE="HypPart1"
                          SUBS_CONTENT="animam,"/>
                  <HYP CONTENT="-"/>
               </TextLine>
               <TextLine ID="r1l139"
                         BASELINE="2309"
                         HEIGHT="47"
                         WIDTH="829"
                         VPOS="2262"
                         HPOS="1145">
                  <String HEIGHT="47"
                          WIDTH="123"
                          VPOS="2262"
                          HPOS="1130"
                          CONTENT="mam,"
                          SUBS_TYPE="HypPart2"
                          SUBS_CONTENT="animam,"/>
                  <SP HEIGHT="47" WIDTH="15" VPOS="2262" HPOS="1252"/>
                  <String HEIGHT="47"
                          WIDTH="123"
                          VPOS="2262"
                          HPOS="1206"
                          CONTENT="siue"/>
                  <SP HEIGHT="47" WIDTH="15" VPOS="2262" HPOS="1329"/>
                  <String HEIGHT="47"
                          WIDTH="230"
                          VPOS="2262"
                          HPOS="1283"
                          CONTENT="independens"/>
                  <SP HEIGHT="47" WIDTH="15" VPOS="2262" HPOS="1513"/>
                  <String HEIGHT="47" WIDTH="92" VPOS="2262" HPOS="1467" CONTENT="ab"/>
                  <SP HEIGHT="47" WIDTH="15" VPOS="2262" HPOS="1559"/>
                  <String HEIGHT="47"
                          WIDTH="154"
                          VPOS="2262"
                          HPOS="1513"
                          CONTENT="anima,"/>
                  <SP HEIGHT="47" WIDTH="15" VPOS="2262" HPOS="1667"/>
                  <String HEIGHT="47" WIDTH="77" VPOS="2262" HPOS="1621" CONTENT="&amp;"/>
                  <SP HEIGHT="47" WIDTH="15" VPOS="2262" HPOS="1698"/>
                  <String HEIGHT="47"
                          WIDTH="123"
                          VPOS="2262"
                          HPOS="1652"
                          CONTENT="ipsa"/>
                  <SP HEIGHT="47" WIDTH="15" VPOS="2262" HPOS="1774"/>
                  <String HEIGHT="47"
                          WIDTH="123"
                          VPOS="2262"
                          HPOS="1728"
                          CONTENT="erit"/>
                  <SP HEIGHT="47" WIDTH="15" VPOS="2262" HPOS="1851"/>
                  <String HEIGHT="47"
                          WIDTH="138"
                          VPOS="2262"
                          HPOS="1805"
                          CONTENT="extra"/>
                  <SP HEIGHT="47" WIDTH="15" VPOS="2262" HPOS="1943"/>
                  <String HEIGHT="47"
                          WIDTH="92"
                          VPOS="2262"
                          HPOS="1882"
                          CONTENT="ani"
                          SUBS_TYPE="HypPart1"
                          SUBS_CONTENT="animam:"/>
                  <HYP CONTENT="-"/>
               </TextLine>
               <TextLine ID="r1l141"
                         BASELINE="2350"
                         HEIGHT="49"
                         WIDTH="842"
                         VPOS="2301"
                         HPOS="1140">
                  <String HEIGHT="49"
                          WIDTH="116"
                          VPOS="2301"
                          HPOS="1125"
                          CONTENT="mam:"
                          SUBS_TYPE="HypPart2"
                          SUBS_CONTENT="animam:"/>
                  <SP HEIGHT="49" WIDTH="15" VPOS="2301" HPOS="1242"/>
                  <String HEIGHT="49"
                          WIDTH="102"
                          VPOS="2301"
                          HPOS="1198"
                          CONTENT="sed"/>
                  <SP HEIGHT="49" WIDTH="15" VPOS="2301" HPOS="1300"/>
                  <String HEIGHT="49"
                          WIDTH="131"
                          VPOS="2301"
                          HPOS="1256"
                          CONTENT="motus"/>
                  <SP HEIGHT="49" WIDTH="15" VPOS="2301" HPOS="1387"/>
                  <String HEIGHT="49"
                          WIDTH="145"
                          VPOS="2301"
                          HPOS="1343"
                          CONTENT="caeli,"/>
                  <SP HEIGHT="49" WIDTH="15" VPOS="2301" HPOS="1488"/>
                  <String HEIGHT="49"
                          WIDTH="131"
                          VPOS="2301"
                          HPOS="1445"
                          CONTENT="cuius"/>
                  <SP HEIGHT="49" WIDTH="15" VPOS="2301" HPOS="1576"/>
                  <String HEIGHT="49"
                          WIDTH="145"
                          VPOS="2301"
                          HPOS="1532"
                          CONTENT="passio"/>
                  <SP HEIGHT="49" WIDTH="15" VPOS="2301" HPOS="1677"/>
                  <String HEIGHT="49"
                          WIDTH="102"
                          VPOS="2301"
                          HPOS="1634"
                          CONTENT="est"/>
                  <SP HEIGHT="49" WIDTH="15" VPOS="2301" HPOS="1735"/>
                  <String HEIGHT="49"
                          WIDTH="160"
                          VPOS="2301"
                          HPOS="1692"
                          CONTENT="tempus,"/>
                  <SP HEIGHT="49" WIDTH="15" VPOS="2301" HPOS="1851"/>
                  <String HEIGHT="49"
                          WIDTH="102"
                          VPOS="2301"
                          HPOS="1808"
                          CONTENT="est"/>
                  <SP HEIGHT="49" WIDTH="15" VPOS="2301" HPOS="1909"/>
                  <String HEIGHT="49"
                          WIDTH="131"
                          VPOS="2301"
                          HPOS="1851"
                          CONTENT="indepen"/>
               </TextLine>
               <TextLine ID="r1l143"
                         BASELINE="2396"
                         HEIGHT="65"
                         WIDTH="438"
                         VPOS="2331"
                         HPOS="1154">
                  <String HEIGHT="65"
                          WIDTH="152"
                          VPOS="2331"
                          HPOS="1135"
                          CONTENT="deus"/>
                  <SP HEIGHT="65" WIDTH="19" VPOS="2331" HPOS="1287"/>
                  <String HEIGHT="65"
                          WIDTH="114"
                          VPOS="2331"
                          HPOS="1230"
                          CONTENT="ab"/>
                  <SP HEIGHT="65" WIDTH="19" VPOS="2331" HPOS="1344"/>
                  <String HEIGHT="65"
                          WIDTH="190"
                          VPOS="2331"
                          HPOS="1287"
                          CONTENT="anima,"/>
                  <SP HEIGHT="65" WIDTH="19" VPOS="2331" HPOS="1478"/>
                  <String HEIGHT="65"
                          WIDTH="152"
                          VPOS="2331"
                          HPOS="1421"
                          CONTENT="ergo"/>
                  <SP HEIGHT="65" WIDTH="19" VPOS="2331" HPOS="1573"/>
                  <String HEIGHT="65"
                          WIDTH="95"
                          VPOS="2331"
                          HPOS="1497"
                          CONTENT="&amp;c."/>
               </TextLine>
               <TextLine ID="line_1602687812201_714"
                         BASELINE="2430"
                         HEIGHT="55"
                         WIDTH="826"
                         VPOS="2375"
                         HPOS="1182">
                  <String HEIGHT="55" WIDTH="86" VPOS="2375" HPOS="1165" CONTENT="2"/>
                  <SP HEIGHT="55" WIDTH="17" VPOS="2375" HPOS="1251"/>
                  <String HEIGHT="55"
                          WIDTH="241"
                          VPOS="2375"
                          HPOS="1199"
                          CONTENT="Praeterea,"/>
                  <SP HEIGHT="55" WIDTH="17" VPOS="2375" HPOS="1440"/>
                  <String HEIGHT="55"
                          WIDTH="258"
                          VPOS="2375"
                          HPOS="1389"
                          CONTENT="Commentator"/>
                  <SP HEIGHT="55" WIDTH="17" VPOS="2375" HPOS="1647"/>
                  <String HEIGHT="55"
                          WIDTH="103"
                          VPOS="2375"
                          HPOS="1595"
                          CONTENT="4."/>
                  <SP HEIGHT="55" WIDTH="17" VPOS="2375" HPOS="1698"/>
                  <String HEIGHT="55"
                          WIDTH="241"
                          VPOS="2375"
                          HPOS="1647"
                          CONTENT="physicorum"/>
                  <SP HEIGHT="55" WIDTH="17" VPOS="2375" HPOS="1888"/>
                  <String HEIGHT="55"
                          WIDTH="138"
                          VPOS="2375"
                          HPOS="1836"
                          CONTENT="ait,"/>
                  <SP HEIGHT="55" WIDTH="17" VPOS="2375" HPOS="1974"/>
                  <String HEIGHT="55"
                          WIDTH="103"
                          VPOS="2375"
                          HPOS="1905"
                          CONTENT="quod"/>
               </TextLine>
               <TextLine ID="r1l148"
                         BASELINE="2462"
                         HEIGHT="48"
                         WIDTH="827"
                         VPOS="2414"
                         HPOS="1152">
                  <String HEIGHT="48"
                          WIDTH="192"
                          VPOS="2414"
                          HPOS="1137"
                          CONTENT="disposito"/>
                  <SP HEIGHT="48" WIDTH="15" VPOS="2414" HPOS="1329"/>
                  <String HEIGHT="48"
                          WIDTH="133"
                          VPOS="2414"
                          HPOS="1285"
                          CONTENT="rerum"/>
                  <SP HEIGHT="48" WIDTH="15" VPOS="2414" HPOS="1418"/>
                  <String HEIGHT="48"
                          WIDTH="207"
                          VPOS="2414"
                          HPOS="1374"
                          CONTENT="naturalium"/>
                  <SP HEIGHT="48" WIDTH="15" VPOS="2414" HPOS="1580"/>
                  <String HEIGHT="48"
                          WIDTH="118"
                          VPOS="2414"
                          HPOS="1536"
                          CONTENT="est,"/>
                  <SP HEIGHT="48" WIDTH="15" VPOS="2414" HPOS="1654"/>
                  <String HEIGHT="48" WIDTH="89" VPOS="2414" HPOS="1610" CONTENT="vt"/>
                  <SP HEIGHT="48" WIDTH="15" VPOS="2414" HPOS="1698"/>
                  <String HEIGHT="48"
                          WIDTH="162"
                          VPOS="2414"
                          HPOS="1654"
                          CONTENT="habeant"/>
                  <SP HEIGHT="48" WIDTH="15" VPOS="2414" HPOS="1817"/>
                  <String HEIGHT="48"
                          WIDTH="118"
                          VPOS="2414"
                          HPOS="1772"
                          CONTENT="esse"/>
                  <SP HEIGHT="48" WIDTH="15" VPOS="2414" HPOS="1890"/>
                  <String HEIGHT="48"
                          WIDTH="118"
                          VPOS="2414"
                          HPOS="1846"
                          CONTENT="sinc"/>
                  <SP HEIGHT="48" WIDTH="15" VPOS="2414" HPOS="1964"/>
                  <String HEIGHT="48"
                          WIDTH="74"
                          VPOS="2414"
                          HPOS="1905"
                          CONTENT="an"
                          SUBS_TYPE="HypPart1"
                          SUBS_CONTENT="anma:"/>
                  <HYP CONTENT="-"/>
               </TextLine>
               <TextLine ID="r1l150"
                         BASELINE="2495"
                         HEIGHT="42"
                         WIDTH="849"
                         VPOS="2453"
                         HPOS="1139">
                  <String HEIGHT="42"
                          WIDTH="104"
                          VPOS="2453"
                          HPOS="1124"
                          CONTENT="ma:"
                          SUBS_TYPE="HypPart2"
                          SUBS_CONTENT="anma:"/>
                  <SP HEIGHT="42" WIDTH="15" VPOS="2453" HPOS="1228"/>
                  <String HEIGHT="42"
                          WIDTH="104"
                          VPOS="2453"
                          HPOS="1184"
                          CONTENT="sed"/>
                  <SP HEIGHT="42" WIDTH="15" VPOS="2453" HPOS="1288"/>
                  <String HEIGHT="42"
                          WIDTH="149"
                          VPOS="2453"
                          HPOS="1243"
                          CONTENT="tempus"/>
                  <SP HEIGHT="42" WIDTH="15" VPOS="2453" HPOS="1392"/>
                  <String HEIGHT="42"
                          WIDTH="104"
                          VPOS="2453"
                          HPOS="1348"
                          CONTENT="est"/>
                  <SP HEIGHT="42" WIDTH="15" VPOS="2453" HPOS="1452"/>
                  <String HEIGHT="42"
                          WIDTH="104"
                          VPOS="2453"
                          HPOS="1407"
                          CONTENT="res"/>
                  <SP HEIGHT="42" WIDTH="15" VPOS="2453" HPOS="1511"/>
                  <String HEIGHT="42"
                          WIDTH="209"
                          VPOS="2453"
                          HPOS="1467"
                          CONTENT="naturalis,"/>
                  <SP HEIGHT="42" WIDTH="15" VPOS="2453" HPOS="1675"/>
                  <String HEIGHT="42"
                          WIDTH="104"
                          VPOS="2453"
                          HPOS="1631"
                          CONTENT="cum"/>
                  <SP HEIGHT="42" WIDTH="15" VPOS="2453" HPOS="1735"/>
                  <String HEIGHT="42"
                          WIDTH="104"
                          VPOS="2453"
                          HPOS="1690"
                          CONTENT="sit"/>
                  <SP HEIGHT="42" WIDTH="15" VPOS="2453" HPOS="1794"/>
                  <String HEIGHT="42"
                          WIDTH="164"
                          VPOS="2453"
                          HPOS="1750"
                          CONTENT="mensura"/>
                  <SP HEIGHT="42" WIDTH="15" VPOS="2453" HPOS="1914"/>
                  <String HEIGHT="42"
                          WIDTH="104"
                          VPOS="2453"
                          HPOS="1869"
                          CONTENT="rei"/>
                  <SP HEIGHT="42" WIDTH="15" VPOS="2453" HPOS="1973"/>
                  <String HEIGHT="42"
                          WIDTH="74"
                          VPOS="2453"
                          HPOS="1914"
                          CONTENT="na"
                          SUBS_TYPE="HypPart1"
                          SUBS_CONTENT="naturalis,"/>
                  <HYP CONTENT="-"/>
               </TextLine>
               <TextLine ID="r1l152"
                         BASELINE="2547"
                         HEIGHT="54"
                         WIDTH="293"
                         VPOS="2493"
                         HPOS="1155">
                  <String HEIGHT="54"
                          WIDTH="176"
                          VPOS="2493"
                          HPOS="1140"
                          CONTENT="turalis,"
                          SUBS_TYPE="HypPart2"
                          SUBS_CONTENT="naturalis,"/>
                  <SP HEIGHT="54" WIDTH="15" VPOS="2493" HPOS="1316"/>
                  <String HEIGHT="54"
                          WIDTH="117"
                          VPOS="2493"
                          HPOS="1272"
                          CONTENT="puta"/>
                  <SP HEIGHT="54" WIDTH="15" VPOS="2493" HPOS="1389"/>
                  <String HEIGHT="54"
                          WIDTH="117"
                          VPOS="2493"
                          HPOS="1331"
                          CONTENT="motus."/>
               </TextLine>
               <TextLine ID="r1l154"
                         BASELINE="2585"
                         HEIGHT="50"
                         WIDTH="798"
                         VPOS="2535"
                         HPOS="1187">
                  <String HEIGHT="50" WIDTH="78" VPOS="2535" HPOS="1171" CONTENT="3"/>
                  <SP HEIGHT="50" WIDTH="16" VPOS="2535" HPOS="1250"/>
                  <String HEIGHT="50"
                          WIDTH="219"
                          VPOS="2535"
                          HPOS="1203"
                          CONTENT="Praeterea,"/>
                  <SP HEIGHT="50" WIDTH="16" VPOS="2535" HPOS="1422"/>
                  <String HEIGHT="50"
                          WIDTH="156"
                          VPOS="2535"
                          HPOS="1375"
                          CONTENT="tempus"/>
                  <SP HEIGHT="50" WIDTH="16" VPOS="2535" HPOS="1531"/>
                  <String HEIGHT="50"
                          WIDTH="125"
                          VPOS="2535"
                          HPOS="1484"
                          CONTENT="fuit"/>
                  <SP HEIGHT="50" WIDTH="16" VPOS="2535" HPOS="1609"/>
                  <String HEIGHT="50"
                          WIDTH="188"
                          VPOS="2535"
                          HPOS="1563"
                          CONTENT="antequam"/>
                  <SP HEIGHT="50" WIDTH="16" VPOS="2535" HPOS="1750"/>
                  <String HEIGHT="50"
                          WIDTH="141"
                          VPOS="2535"
                          HPOS="1703"
                          CONTENT="esset"/>
                  <SP HEIGHT="50" WIDTH="16" VPOS="2535" HPOS="1844"/>
                  <String HEIGHT="50"
                          WIDTH="156"
                          VPOS="2535"
                          HPOS="1797"
                          CONTENT="anima,"/>
                  <SP HEIGHT="50" WIDTH="16" VPOS="2535" HPOS="1954"/>
                  <String HEIGHT="50"
                          WIDTH="94"
                          VPOS="2535"
                          HPOS="1891"
                          CONTENT="ergo"/>
               </TextLine>
               <TextLine ID="r1l156"
                         BASELINE="2626"
                         HEIGHT="53"
                         WIDTH="829"
                         VPOS="2573"
                         HPOS="1155">
                  <String HEIGHT="53"
                          WIDTH="107"
                          VPOS="2573"
                          HPOS="1140"
                          CONTENT="non"/>
                  <SP HEIGHT="53" WIDTH="15" VPOS="2573" HPOS="1247"/>
                  <String HEIGHT="53"
                          WIDTH="184"
                          VPOS="2573"
                          HPOS="1201"
                          CONTENT="dependet"/>
                  <SP HEIGHT="53" WIDTH="15" VPOS="2573" HPOS="1385"/>
                  <String HEIGHT="53" WIDTH="92" VPOS="2573" HPOS="1339" CONTENT="ab"/>
                  <SP HEIGHT="53" WIDTH="15" VPOS="2573" HPOS="1431"/>
                  <String HEIGHT="53"
                          WIDTH="154"
                          VPOS="2573"
                          HPOS="1385"
                          CONTENT="anima:"/>
                  <SP HEIGHT="53" WIDTH="15" VPOS="2573" HPOS="1539"/>
                  <String HEIGHT="53"
                          WIDTH="246"
                          VPOS="2573"
                          HPOS="1493"
                          CONTENT="consequentia"/>
                  <SP HEIGHT="53" WIDTH="15" VPOS="2573" HPOS="1738"/>
                  <String HEIGHT="53"
                          WIDTH="154"
                          VPOS="2573"
                          HPOS="1692"
                          CONTENT="patet,"/>
                  <SP HEIGHT="53" WIDTH="15" VPOS="2573" HPOS="1846"/>
                  <String HEIGHT="53"
                          WIDTH="184"
                          VPOS="2573"
                          HPOS="1800"
                          CONTENT="probatur"/>
                  <SP HEIGHT="53" WIDTH="15" VPOS="2573" HPOS="1984"/>
                  <String HEIGHT="53" WIDTH="61" VPOS="2573" HPOS="1923" CONTENT="an"/>
               </TextLine>
               <TextLine ID="r1l159"
                         BASELINE="2661"
                         HEIGHT="44"
                         WIDTH="833"
                         VPOS="2617"
                         HPOS="1152">
                  <String HEIGHT="44"
                          WIDTH="196"
                          VPOS="2617"
                          HPOS="1136"
                          CONTENT="tecedens"/>
                  <SP HEIGHT="44" WIDTH="16" VPOS="2617" HPOS="1332"/>
                  <String HEIGHT="44"
                          WIDTH="131"
                          VPOS="2617"
                          HPOS="1283"
                          CONTENT="quia"/>
                  <SP HEIGHT="44" WIDTH="16" VPOS="2617" HPOS="1413"/>
                  <String HEIGHT="44"
                          WIDTH="180"
                          VPOS="2617"
                          HPOS="1364"
                          CONTENT="quinque"/>
                  <SP HEIGHT="44" WIDTH="16" VPOS="2617" HPOS="1544"/>
                  <String HEIGHT="44"
                          WIDTH="163"
                          VPOS="2617"
                          HPOS="1495"
                          CONTENT="diebus"/>
                  <SP HEIGHT="44" WIDTH="16" VPOS="2617" HPOS="1658"/>
                  <String HEIGHT="44"
                          WIDTH="131"
                          VPOS="2617"
                          HPOS="1609"
                          CONTENT="fuit"/>
                  <SP HEIGHT="44" WIDTH="16" VPOS="2617" HPOS="1740"/>
                  <String HEIGHT="44"
                          WIDTH="180"
                          VPOS="2617"
                          HPOS="1691"
                          CONTENT="creatum"/>
                  <SP HEIGHT="44" WIDTH="16" VPOS="2617" HPOS="1871"/>
                  <String HEIGHT="44"
                          WIDTH="180"
                          VPOS="2617"
                          HPOS="1822"
                          CONTENT="coelum,"/>
                  <SP HEIGHT="44" WIDTH="16" VPOS="2617" HPOS="2001"/>
                  <String HEIGHT="44" WIDTH="49" VPOS="2617" HPOS="1936" CONTENT="&amp;"/>
               </TextLine>
               <TextLine ID="r1l161"
                         BASELINE="2694"
                         HEIGHT="44"
                         WIDTH="819"
                         VPOS="2650"
                         HPOS="1164">
                  <String HEIGHT="44"
                          WIDTH="115"
                          VPOS="2650"
                          HPOS="1148"
                          CONTENT="per"/>
                  <SP HEIGHT="44" WIDTH="16" VPOS="2650" HPOS="1262"/>
                  <String HEIGHT="44"
                          WIDTH="229"
                          VPOS="2650"
                          HPOS="1213"
                          CONTENT="consequens"/>
                  <SP HEIGHT="44" WIDTH="16" VPOS="2650" HPOS="1442"/>
                  <String HEIGHT="44"
                          WIDTH="213"
                          VPOS="2650"
                          HPOS="1393"
                          CONTENT="mouebatur"/>
                  <SP HEIGHT="44" WIDTH="16" VPOS="2650" HPOS="1606"/>
                  <String HEIGHT="44"
                          WIDTH="197"
                          VPOS="2650"
                          HPOS="1557"
                          CONTENT="antequam"/>
                  <SP HEIGHT="44" WIDTH="16" VPOS="2650" HPOS="1754"/>
                  <String HEIGHT="44"
                          WIDTH="147"
                          VPOS="2650"
                          HPOS="1705"
                          CONTENT="esset"/>
                  <SP HEIGHT="44" WIDTH="16" VPOS="2650" HPOS="1852"/>
                  <String HEIGHT="44"
                          WIDTH="164"
                          VPOS="2650"
                          HPOS="1803"
                          CONTENT="anima,"/>
                  <SP HEIGHT="44" WIDTH="16" VPOS="2650" HPOS="1967"/>
                  <String HEIGHT="44"
                          WIDTH="82"
                          VPOS="2650"
                          HPOS="1901"
                          CONTENT="cum"/>
               </TextLine>
               <TextLine ID="r1l164"
                         BASELINE="2737"
                         HEIGHT="49"
                         WIDTH="436"
                         VPOS="2688"
                         HPOS="1153">
                  <String HEIGHT="49"
                          WIDTH="120"
                          VPOS="2688"
                          HPOS="1138"
                          CONTENT="homo"/>
                  <SP HEIGHT="49" WIDTH="15" VPOS="2688" HPOS="1258"/>
                  <String HEIGHT="49"
                          WIDTH="150"
                          VPOS="2688"
                          HPOS="1213"
                          CONTENT="fuerit"/>
                  <SP HEIGHT="49" WIDTH="15" VPOS="2688" HPOS="1363"/>
                  <String HEIGHT="49"
                          WIDTH="165"
                          VPOS="2688"
                          HPOS="1318"
                          CONTENT="creatus"/>
                  <SP HEIGHT="49" WIDTH="15" VPOS="2688" HPOS="1484"/>
                  <String HEIGHT="49"
                          WIDTH="135"
                          VPOS="2688"
                          HPOS="1439"
                          CONTENT="sexta"/>
                  <SP HEIGHT="49" WIDTH="15" VPOS="2688" HPOS="1574"/>
                  <String HEIGHT="49"
                          WIDTH="75"
                          VPOS="2688"
                          HPOS="1514"
                          CONTENT="dic"/>
               </TextLine>
               <TextLine ID="r1l167"
                         BASELINE="2772"
                         HEIGHT="45"
                         WIDTH="806"
                         VPOS="2727"
                         HPOS="1177">
                  <String HEIGHT="45" WIDTH="76" VPOS="2727" HPOS="1162" CONTENT="4"/>
                  <SP HEIGHT="45" WIDTH="15" VPOS="2727" HPOS="1238"/>
                  <String HEIGHT="45"
                          WIDTH="213"
                          VPOS="2727"
                          HPOS="1192"
                          CONTENT="Praeterea,"/>
                  <SP HEIGHT="45" WIDTH="15" VPOS="2727" HPOS="1405"/>
                  <String HEIGHT="45"
                          WIDTH="152"
                          VPOS="2727"
                          HPOS="1359"
                          CONTENT="illud,"/>
                  <SP HEIGHT="45" WIDTH="15" VPOS="2727" HPOS="1512"/>
                  <String HEIGHT="45"
                          WIDTH="122"
                          VPOS="2727"
                          HPOS="1466"
                          CONTENT="quod"/>
                  <SP HEIGHT="45" WIDTH="15" VPOS="2727" HPOS="1588"/>
                  <String HEIGHT="45"
                          WIDTH="182"
                          VPOS="2727"
                          HPOS="1542"
                          CONTENT="dependet"/>
                  <SP HEIGHT="45" WIDTH="15" VPOS="2727" HPOS="1724"/>
                  <String HEIGHT="45" WIDTH="91" VPOS="2727" HPOS="1679" CONTENT="ab"/>
                  <SP HEIGHT="45" WIDTH="15" VPOS="2727" HPOS="1770"/>
                  <String HEIGHT="45"
                          WIDTH="152"
                          VPOS="2727"
                          HPOS="1724"
                          CONTENT="anima,"/>
                  <SP HEIGHT="45" WIDTH="15" VPOS="2727" HPOS="1877"/>
                  <String HEIGHT="45"
                          WIDTH="106"
                          VPOS="2727"
                          HPOS="1831"
                          CONTENT="hoc"/>
                  <SP HEIGHT="45" WIDTH="15" VPOS="2727" HPOS="1937"/>
                  <String HEIGHT="45"
                          WIDTH="106"
                          VPOS="2727"
                          HPOS="1877"
                          CONTENT="habet"/>
               </TextLine>
               <TextLine ID="r1l169"
                         BASELINE="2812"
                         HEIGHT="45"
                         WIDTH="827"
                         VPOS="2767"
                         HPOS="1155">
                  <String HEIGHT="45"
                          WIDTH="120"
                          VPOS="2767"
                          HPOS="1140"
                          CONTENT="esse"/>
                  <SP HEIGHT="45" WIDTH="15" VPOS="2767" HPOS="1260"/>
                  <String HEIGHT="45" WIDTH="90" VPOS="2767" HPOS="1215" CONTENT="in"/>
                  <SP HEIGHT="45" WIDTH="15" VPOS="2767" HPOS="1305"/>
                  <String HEIGHT="45"
                          WIDTH="150"
                          VPOS="2767"
                          HPOS="1260"
                          CONTENT="anima,"/>
                  <SP HEIGHT="45" WIDTH="15" VPOS="2767" HPOS="1411"/>
                  <String HEIGHT="45"
                          WIDTH="105"
                          VPOS="2767"
                          HPOS="1366"
                          CONTENT="sed"/>
                  <SP HEIGHT="45" WIDTH="15" VPOS="2767" HPOS="1471"/>
                  <String HEIGHT="45"
                          WIDTH="150"
                          VPOS="2767"
                          HPOS="1426"
                          CONTENT="tempus"/>
                  <SP HEIGHT="45" WIDTH="15" VPOS="2767" HPOS="1576"/>
                  <String HEIGHT="45"
                          WIDTH="105"
                          VPOS="2767"
                          HPOS="1531"
                          CONTENT="non"/>
                  <SP HEIGHT="45" WIDTH="15" VPOS="2767" HPOS="1636"/>
                  <String HEIGHT="45"
                          WIDTH="135"
                          VPOS="2767"
                          HPOS="1591"
                          CONTENT="habet"/>
                  <SP HEIGHT="45" WIDTH="15" VPOS="2767" HPOS="1726"/>
                  <String HEIGHT="45"
                          WIDTH="120"
                          VPOS="2767"
                          HPOS="1681"
                          CONTENT="esse"/>
                  <SP HEIGHT="45" WIDTH="15" VPOS="2767" HPOS="1802"/>
                  <String HEIGHT="45" WIDTH="90" VPOS="2767" HPOS="1756" CONTENT="in"/>
                  <SP HEIGHT="45" WIDTH="15" VPOS="2767" HPOS="1847"/>
                  <String HEIGHT="45"
                          WIDTH="150"
                          VPOS="2767"
                          HPOS="1802"
                          CONTENT="anima:"/>
                  <SP HEIGHT="45" WIDTH="15" VPOS="2767" HPOS="1952"/>
                  <String HEIGHT="45"
                          WIDTH="90"
                          VPOS="2767"
                          HPOS="1892"
                          CONTENT="quia"/>
               </TextLine>
               <TextLine ID="r1l171"
                         BASELINE="2859"
                         HEIGHT="49"
                         WIDTH="834"
                         VPOS="2810"
                         HPOS="1161">
                  <String HEIGHT="49"
                          WIDTH="110"
                          VPOS="2810"
                          HPOS="1145"
                          CONTENT="aut"/>
                  <SP HEIGHT="49" WIDTH="16" VPOS="2810" HPOS="1255"/>
                  <String HEIGHT="49"
                          WIDTH="173"
                          VPOS="2810"
                          HPOS="1208"
                          CONTENT="haberet"/>
                  <SP HEIGHT="49" WIDTH="16" VPOS="2810" HPOS="1381"/>
                  <String HEIGHT="49"
                          WIDTH="126"
                          VPOS="2810"
                          HPOS="1334"
                          CONTENT="esse"/>
                  <SP HEIGHT="49" WIDTH="16" VPOS="2810" HPOS="1460"/>
                  <String HEIGHT="49" WIDTH="94" VPOS="2810" HPOS="1413" CONTENT="in"/>
                  <SP HEIGHT="49" WIDTH="16" VPOS="2810" HPOS="1507"/>
                  <String HEIGHT="49"
                          WIDTH="142"
                          VPOS="2810"
                          HPOS="1460"
                          CONTENT="anima"/>
                  <SP HEIGHT="49" WIDTH="16" VPOS="2810" HPOS="1602"/>
                  <String HEIGHT="49"
                          WIDTH="236"
                          VPOS="2810"
                          HPOS="1554"
                          CONTENT="subiectiue,"/>
                  <SP HEIGHT="49" WIDTH="16" VPOS="2810" HPOS="1790"/>
                  <String HEIGHT="49" WIDTH="79" VPOS="2810" HPOS="1743" CONTENT="&amp;"/>
                  <SP HEIGHT="49" WIDTH="16" VPOS="2810" HPOS="1822"/>
                  <String HEIGHT="49"
                          WIDTH="110"
                          VPOS="2810"
                          HPOS="1775"
                          CONTENT="hoc"/>
                  <SP HEIGHT="49" WIDTH="16" VPOS="2810" HPOS="1885"/>
                  <String HEIGHT="49"
                          WIDTH="126"
                          VPOS="2810"
                          HPOS="1838"
                          CONTENT="non:"/>
                  <SP HEIGHT="49" WIDTH="16" VPOS="2810" HPOS="1964"/>
                  <String HEIGHT="49"
                          WIDTH="94"
                          VPOS="2810"
                          HPOS="1901"
                          CONTENT="quia"/>
               </TextLine>
               <TextLine ID="r1l174"
                         BASELINE="2896"
                         HEIGHT="48"
                         WIDTH="831"
                         VPOS="2848"
                         HPOS="1154">
                  <String HEIGHT="48"
                          WIDTH="178"
                          VPOS="2848"
                          HPOS="1139"
                          CONTENT="quicquid"/>
                  <SP HEIGHT="48" WIDTH="15" VPOS="2848" HPOS="1317"/>
                  <String HEIGHT="48"
                          WIDTH="104"
                          VPOS="2848"
                          HPOS="1273"
                          CONTENT="est"/>
                  <SP HEIGHT="48" WIDTH="15" VPOS="2848" HPOS="1377"/>
                  <String HEIGHT="48" WIDTH="89" VPOS="2848" HPOS="1332" CONTENT="in"/>
                  <SP HEIGHT="48" WIDTH="15" VPOS="2848" HPOS="1421"/>
                  <String HEIGHT="48"
                          WIDTH="134"
                          VPOS="2848"
                          HPOS="1377"
                          CONTENT="anima"/>
                  <SP HEIGHT="48" WIDTH="15" VPOS="2848" HPOS="1510"/>
                  <String HEIGHT="48"
                          WIDTH="223"
                          VPOS="2848"
                          HPOS="1466"
                          CONTENT="subiectiue,"/>
                  <SP HEIGHT="48" WIDTH="15" VPOS="2848" HPOS="1688"/>
                  <String HEIGHT="48"
                          WIDTH="104"
                          VPOS="2848"
                          HPOS="1644"
                          CONTENT="hoc"/>
                  <SP HEIGHT="48" WIDTH="15" VPOS="2848" HPOS="1748"/>
                  <String HEIGHT="48"
                          WIDTH="104"
                          VPOS="2848"
                          HPOS="1703"
                          CONTENT="est"/>
                  <SP HEIGHT="48" WIDTH="15" VPOS="2848" HPOS="1807"/>
                  <String HEIGHT="48"
                          WIDTH="237"
                          VPOS="2848"
                          HPOS="1762"
                          CONTENT="indiuisibile"/>
                  <SP HEIGHT="48" WIDTH="15" VPOS="2848" HPOS="2000"/>
                  <String HEIGHT="48" WIDTH="45" VPOS="2848" HPOS="1940" CONTENT="&amp;"/>
               </TextLine>
               <TextLine ID="r1l176"
                         BASELINE="2937"
                         HEIGHT="51"
                         WIDTH="838"
                         VPOS="2886"
                         HPOS="1152">
                  <String HEIGHT="51"
                          WIDTH="142"
                          VPOS="2886"
                          HPOS="1136"
                          CONTENT="totum"/>
                  <SP HEIGHT="51" WIDTH="16" VPOS="2886" HPOS="1278"/>
                  <String HEIGHT="51"
                          WIDTH="158"
                          VPOS="2886"
                          HPOS="1231"
                          CONTENT="simul,"/>
                  <SP HEIGHT="51" WIDTH="16" VPOS="2886" HPOS="1389"/>
                  <String HEIGHT="51"
                          WIDTH="126"
                          VPOS="2886"
                          HPOS="1342"
                          CONTENT="quod"/>
                  <SP HEIGHT="51" WIDTH="16" VPOS="2886" HPOS="1468"/>
                  <String HEIGHT="51"
                          WIDTH="190"
                          VPOS="2886"
                          HPOS="1421"
                          CONTENT="repugnat"/>
                  <SP HEIGHT="51" WIDTH="16" VPOS="2886" HPOS="1611"/>
                  <String HEIGHT="51"
                          WIDTH="190"
                          VPOS="2886"
                          HPOS="1563"
                          CONTENT="tempori:"/>
                  <SP HEIGHT="51" WIDTH="16" VPOS="2886" HPOS="1753"/>
                  <String HEIGHT="51"
                          WIDTH="111"
                          VPOS="2886"
                          HPOS="1705"
                          CONTENT="Aut"/>
                  <SP HEIGHT="51" WIDTH="16" VPOS="2886" HPOS="1816"/>
                  <String HEIGHT="51"
                          WIDTH="221"
                          VPOS="2886"
                          HPOS="1769"
                          CONTENT="obiectiue,"/>
                  <SP HEIGHT="51" WIDTH="16" VPOS="2886" HPOS="1990"/>
                  <String HEIGHT="51" WIDTH="79" VPOS="2886" HPOS="1943" CONTENT="&amp;"/>
                  <SP HEIGHT="51" WIDTH="16" VPOS="2886" HPOS="2022"/>
                  <String HEIGHT="51" WIDTH="32" VPOS="2886" HPOS="1958" CONTENT=""/>
               </TextLine>
               <TextLine ID="r1l178"
                         BASELINE="2970"
                         HEIGHT="46"
                         WIDTH="828"
                         VPOS="2924"
                         HPOS="1157">
                  <String HEIGHT="46"
                          WIDTH="116"
                          VPOS="2924"
                          HPOS="1142"
                          CONTENT="tunc"/>
                  <SP HEIGHT="46" WIDTH="15" VPOS="2924" HPOS="1259"/>
                  <String HEIGHT="46"
                          WIDTH="102"
                          VPOS="2924"
                          HPOS="1215"
                          CONTENT="aut"/>
                  <SP HEIGHT="46" WIDTH="15" VPOS="2924" HPOS="1317"/>
                  <String HEIGHT="46"
                          WIDTH="218"
                          VPOS="2924"
                          HPOS="1273"
                          CONTENT="responderet"/>
                  <SP HEIGHT="46" WIDTH="15" VPOS="2924" HPOS="1491"/>
                  <String HEIGHT="46"
                          WIDTH="116"
                          VPOS="2924"
                          HPOS="1448"
                          CONTENT="sibi"/>
                  <SP HEIGHT="46" WIDTH="15" VPOS="2924" HPOS="1564"/>
                  <String HEIGHT="46"
                          WIDTH="160"
                          VPOS="2924"
                          HPOS="1520"
                          CONTENT="aliquid"/>
                  <SP HEIGHT="46" WIDTH="15" VPOS="2924" HPOS="1680"/>
                  <String HEIGHT="46"
                          WIDTH="116"
                          VPOS="2924"
                          HPOS="1636"
                          CONTENT="inre"/>
                  <SP HEIGHT="46" WIDTH="15" VPOS="2924" HPOS="1753"/>
                  <String HEIGHT="46"
                          WIDTH="145"
                          VPOS="2924"
                          HPOS="1709"
                          CONTENT="extra,"/>
                  <SP HEIGHT="46" WIDTH="15" VPOS="2924" HPOS="1854"/>
                  <String HEIGHT="46" WIDTH="73" VPOS="2924" HPOS="1811" CONTENT="&amp;"/>
                  <SP HEIGHT="46" WIDTH="15" VPOS="2924" HPOS="1883"/>
                  <String HEIGHT="46"
                          WIDTH="102"
                          VPOS="2924"
                          HPOS="1840"
                          CONTENT="sic"/>
                  <SP HEIGHT="46" WIDTH="15" VPOS="2924" HPOS="1941"/>
                  <String HEIGHT="46"
                          WIDTH="102"
                          VPOS="2924"
                          HPOS="1883"
                          CONTENT="habe"
                          SUBS_TYPE="HypPart1"
                          SUBS_CONTENT="habetur"/>
                  <HYP CONTENT="-"/>
               </TextLine>
               <TextLine ID="r1l181"
                         BASELINE="3013"
                         HEIGHT="47"
                         WIDTH="816"
                         VPOS="2966"
                         HPOS="1166">
                  <String HEIGHT="47"
                          WIDTH="106"
                          VPOS="2966"
                          HPOS="1151"
                          CONTENT="tur"
                          SUBS_TYPE="HypPart2"
                          SUBS_CONTENT="habetur"/>
                  <SP HEIGHT="47" WIDTH="15" VPOS="2966" HPOS="1257"/>
                  <String HEIGHT="47"
                          WIDTH="196"
                          VPOS="2966"
                          HPOS="1211"
                          CONTENT="intentum,"/>
                  <SP HEIGHT="47" WIDTH="15" VPOS="2966" HPOS="1408"/>
                  <String HEIGHT="47"
                          WIDTH="121"
                          VPOS="2966"
                          HPOS="1362"
                          CONTENT="puta"/>
                  <SP HEIGHT="47" WIDTH="15" VPOS="2966" HPOS="1483"/>
                  <String HEIGHT="47"
                          WIDTH="121"
                          VPOS="2966"
                          HPOS="1438"
                          CONTENT="quia"/>
                  <SP HEIGHT="47" WIDTH="15" VPOS="2966" HPOS="1559"/>
                  <String HEIGHT="47"
                          WIDTH="121"
                          VPOS="2966"
                          HPOS="1514"
                          CONTENT="tunc"/>
                  <SP HEIGHT="47" WIDTH="15" VPOS="2966" HPOS="1634"/>
                  <String HEIGHT="47"
                          WIDTH="151"
                          VPOS="2966"
                          HPOS="1589"
                          CONTENT="tempus"/>
                  <SP HEIGHT="47" WIDTH="15" VPOS="2966" HPOS="1740"/>
                  <String HEIGHT="47"
                          WIDTH="121"
                          VPOS="2966"
                          HPOS="1695"
                          CONTENT="erit"/>
                  <SP HEIGHT="47" WIDTH="15" VPOS="2966" HPOS="1816"/>
                  <String HEIGHT="47"
                          WIDTH="106"
                          VPOS="2966"
                          HPOS="1770"
                          CONTENT="res"/>
                  <SP HEIGHT="47" WIDTH="15" VPOS="2966" HPOS="1876"/>
                  <String HEIGHT="47"
                          WIDTH="166"
                          VPOS="2966"
                          HPOS="1816"
                          CONTENT="naturalis"/>
               </TextLine>
               <TextLine ID="r1l183"
                         BASELINE="3057"
                         HEIGHT="49"
                         WIDTH="821"
                         VPOS="3008"
                         HPOS="1169">
                  <String HEIGHT="49"
                          WIDTH="181"
                          VPOS="3008"
                          HPOS="1153"
                          CONTENT="quantum"/>
                  <SP HEIGHT="49" WIDTH="16" VPOS="3008" HPOS="1333"/>
                  <String HEIGHT="49" WIDTH="99" VPOS="3008" HPOS="1284" CONTENT="ad"/>
                  <SP HEIGHT="49" WIDTH="16" VPOS="3008" HPOS="1382"/>
                  <String HEIGHT="49"
                          WIDTH="131"
                          VPOS="3008"
                          HPOS="1333"
                          CONTENT="suam"/>
                  <SP HEIGHT="49" WIDTH="16" VPOS="3008" HPOS="1465"/>
                  <String HEIGHT="49"
                          WIDTH="213"
                          VPOS="3008"
                          HPOS="1415"
                          CONTENT="entitatem"/>
                  <SP HEIGHT="49" WIDTH="16" VPOS="3008" HPOS="1629"/>
                  <String HEIGHT="49"
                          WIDTH="230"
                          VPOS="3008"
                          HPOS="1580"
                          CONTENT="independes"/>
                  <SP HEIGHT="49" WIDTH="16" VPOS="3008" HPOS="1809"/>
                  <String HEIGHT="49" WIDTH="99" VPOS="3008" HPOS="1760" CONTENT="ab"/>
                  <SP HEIGHT="49" WIDTH="16" VPOS="3008" HPOS="1859"/>
                  <String HEIGHT="49"
                          WIDTH="164"
                          VPOS="3008"
                          HPOS="1809"
                          CONTENT="anima:"/>
                  <SP HEIGHT="49" WIDTH="16" VPOS="3008" HPOS="1974"/>
                  <String HEIGHT="49"
                          WIDTH="82"
                          VPOS="3008"
                          HPOS="1908"
                          CONTENT="Aui"/>
               </TextLine>
               <TextLine ID="r1l185"
                         BASELINE="3097"
                         HEIGHT="56"
                         WIDTH="820"
                         VPOS="3041"
                         HPOS="1161">
                  <String HEIGHT="56"
                          WIDTH="129"
                          VPOS="3041"
                          HPOS="1147"
                          CONTENT="nihil"/>
                  <SP HEIGHT="56" WIDTH="14" VPOS="3041" HPOS="1276"/>
                  <String HEIGHT="56"
                          WIDTH="187"
                          VPOS="3041"
                          HPOS="1233"
                          CONTENT="respondet"/>
                  <SP HEIGHT="56" WIDTH="14" VPOS="3041" HPOS="1420"/>
                  <String HEIGHT="56" WIDTH="86" VPOS="3041" HPOS="1377" CONTENT="ei"/>
                  <SP HEIGHT="56" WIDTH="14" VPOS="3041" HPOS="1463"/>
                  <String HEIGHT="56" WIDTH="86" VPOS="3041" HPOS="1420" CONTENT="in"/>
                  <SP HEIGHT="56" WIDTH="14" VPOS="3041" HPOS="1506"/>
                  <String HEIGHT="56" WIDTH="86" VPOS="3041" HPOS="1463" CONTENT="re"/>
                  <SP HEIGHT="56" WIDTH="14" VPOS="3041" HPOS="1549"/>
                  <String HEIGHT="56"
                          WIDTH="144"
                          VPOS="3041"
                          HPOS="1506"
                          CONTENT="extra,"/>
                  <SP HEIGHT="56" WIDTH="14" VPOS="3041" HPOS="1650"/>
                  <String HEIGHT="56" WIDTH="72" VPOS="3041" HPOS="1607" CONTENT="&amp;"/>
                  <SP HEIGHT="56" WIDTH="14" VPOS="3041" HPOS="1679"/>
                  <String HEIGHT="56"
                          WIDTH="115"
                          VPOS="3041"
                          HPOS="1636"
                          CONTENT="tunc"/>
                  <SP HEIGHT="56" WIDTH="14" VPOS="3041" HPOS="1751"/>
                  <String HEIGHT="56"
                          WIDTH="129"
                          VPOS="3041"
                          HPOS="1708"
                          CONTENT="esset"/>
                  <SP HEIGHT="56" WIDTH="14" VPOS="3041" HPOS="1837"/>
                  <String HEIGHT="56"
                          WIDTH="187"
                          VPOS="3041"
                          HPOS="1794"
                          CONTENT="figmentum"/>
                  <SP HEIGHT="56" WIDTH="14" VPOS="3041" HPOS="1981"/>
                  <String HEIGHT="56" WIDTH="58" VPOS="3041" HPOS="1923" CONTENT="si"/>
               </TextLine>
               <TextLine ID="r1l188"
                         BASELINE="3141"
                         HEIGHT="58"
                         WIDTH="423"
                         VPOS="3083"
                         HPOS="1167">
                  <String HEIGHT="58"
                          WIDTH="114"
                          VPOS="3083"
                          HPOS="1151"
                          CONTENT="cut"/>
                  <SP HEIGHT="58" WIDTH="16" VPOS="3083" HPOS="1265"/>
                  <String HEIGHT="58"
                          WIDTH="244"
                          VPOS="3083"
                          HPOS="1216"
                          CONTENT="hyrcoceruus"/>
                  <SP HEIGHT="58" WIDTH="16" VPOS="3083" HPOS="1460"/>
                  <String HEIGHT="58" WIDTH="81" VPOS="3083" HPOS="1411" CONTENT="&amp;"/>
                  <SP HEIGHT="58" WIDTH="16" VPOS="3083" HPOS="1492"/>
                  <String HEIGHT="58"
                          WIDTH="163"
                          VPOS="3083"
                          HPOS="1427"
                          CONTENT="chymera"/>
               </TextLine>
            </TextBlock>
         </PrintSpace>
      </Page>
   </Layout>
</alto>
