2436 3558
259 280 114 72 est,
330 280 71 72 &
359 280 171 72 volucres
487 280 128 72 caeli
572 280 200 72 comederunt
729 280 143 72 illud:
829 280 86 72 Et
872 280 86 72 in
914 280 128 72 psal.
986 280 143 72 Volucres

266 348 144 55 caeli
362 348 80 55 &
394 348 160 55 pisces
507 348 144 55 maris
603 348 112 55 &c.
667 348 96 55 Et
715 348 176 55 Senesis
843 348 160 55 primo.
940 348 192 55 Dominamini

267 384 163 44 piscibus
389 384 122 44 maris
471 384 68 44 &
498 384 203 44 volatilibus
660 384 135 44 caeli.
755 384 81 44 Et
796 384 81 44 de
836 384 108 44 isto
904 384 135 44 caelo,
986 384 135 44 scilices

255 427 137 45 aereo
346 427 153 45 potest
453 427 198 45 intelligi
606 427 214 45 auctoritas
773 427 107 45 pro
834 427 198 45 argumento
972 427 153 45 inducta,

249 464 117 49 quia
323 464 132 49 illud
411 464 147 49 caelum
513 464 161 49 tegitur
631 464 147 49 aquis,
733 464 88 49 id
777 464 117 49 est,
851 464 161 49 nubibus
953 464 147 49 aquosis.

284 508 145 50 Posset
385 508 130 50 etiam
471 508 130 50 dici,
558 508 116 50 quod
630 508 145 50 caelum
732 508 202 50 firmamenti
891 508 159 50 tegitur
1006 508 145 50 aquis;

249 541 85 48 id
291 541 113 48 est,
362 541 128 48 caelo
447 541 227 48 cristallino,
632 541 113 48 quod
703 541 142 48 aqueum
802 541 170 48 dicitur,
929 541 99 48 non
986 541 71 48 a
1000 541 128 48 frigidi

251 581 133 51 tate,
340 581 103 51 sed
399 581 74 51 a
428 581 250 51 daphaneitate,
634 581 88 51 vt
679 581 147 51 dictum
782 581 103 51 est
826 581 103 51 supra

292 622 109 46 Ad
346 622 182 46 sextum
474 622 236 46 dicendum,
655 622 145 46 quod
746 622 218 46 secundum
892 622 236 46 Huguitionem

249 658 189 50 cataracta
395 658 160 50 dicitur
512 658 102 50 via
570 658 233 50 subterranea,
760 658 73 50 &
789 658 117 50 inde
862 658 219 50 transfertur
1037 658 87 50 ad
1066 658 58 50 o-

251 701 125 44 mnem
330 701 172 44 meatum,
455 701 109 44 qui
517 701 109 44 est
580 701 109 44 sub
642 701 156 44 aliquo
752 701 219 44 superiori:
924 701 78 44 &
955 701 125 44 ideo
1018 701 109 44 acci-

248 732 158 57 piendo
359 732 158 57 caelum
469 732 111 57 pro
533 732 205 57 superiori
691 732 142 57 parte
785 732 158 57 acris,
896 732 126 57 tunc
959 732 174 57 huiusmodi

257 779 217 40 cataractae
427 779 170 40 fuerunt
551 779 201 40 interiora
705 779 170 40 nubium,
829 779 124 40 quae
906 779 170 40 tempore
1015 779 108 40 dilu-

261 810 110 49 uij
324 810 284 49 abundantissime
561 810 174 49 pluuias
672 810 189 49 effuderunt

297 855 104 42 vel
357 855 104 42 per
416 855 208 42 cataractas
579 855 178 42 possumus
713 855 223 42 intelligere
891 855 178 42 planetas
1009 855 119 42 virtua

265 894 146 45 liter
362 894 178 45 humidos
492 894 81 45 &
524 894 227 45 fluuiosos,
702 894 113 45 qui
767 894 178 45 tempore
896 894 178 45 diluuij
1010 894 113 45 omnes

259 933 134 43 erant
349 933 224 43 congregrati
528 933 89 43 in
572 933 134 43 signo
662 933 239 43 humidissimo,
856 933 119 43 puta
930 933 89 43 in
975 933 179 43 aquario,

256 970 171 51 propter
381 970 124 51 quod
458 970 140 51 tanta
551 970 202 51 descendit
707 970 202 51 pluuiarum
862 970 217 51 abudantia,
1017 970 109 51 quasi

258 1011 90 43 si
303 1011 149 43 caelum
407 1011 90 43 se
452 1011 209 43 aperuisset
616 1011 75 43 &
646 1011 90 43 ex
691 1011 90 43 se
736 1011 164 43 flumina
855 1011 179 43 inferius
975 1011 149 43 transfu-

264 1048 155 41 disset:
376 1048 98 41 est
433 1048 141 41 igitur
531 1048 155 41 locutio
643 1048 98 41 non
700 1048 169 41 propria,
826 1048 98 41 sed
882 1048 225 41 metaphorica,
1051 1048 70 41 cum

273 1087 146 54 licitur
379 1087 185 54 cataractae
524 1087 119 54 caeli
604 1087 146 54 apertae
697 1087 79 54 sunt

287 1126 117 46 Alia
361 1126 103 46 est
419 1126 161 46 opinio,
536 1126 117 46 quam
610 1126 161 46 recitat
727 1126 190 46 Augustin.
873 1126 103 46 15.
932 1126 161 46 confes.
1034 1126 88 46 quae

261 1166 149 44 dicit,
365 1166 119 44 quod
440 1166 134 44 istae
529 1166 134 44 aquae
618 1166 104 44 non
678 1166 119 44 sunt
752 1166 223 44 corporales;
931 1166 104 44 sed
975 1166 149 44 tantummo

260 1206 83 55 do
302 1206 220 55 spirituales,
481 1206 165 55 scilicet
605 1206 110 55 ipsi
673 1206 138 55 angeli
770 1206 152 55 sancti,
880 1206 83 55 de
921 1206 138 55 quibus
1004 1206 124 55 dicitur

261 1247 89 47 in
306 1247 133 47 Psal.
394 1247 148 47 Aquae,
498 1247 118 47 quae
572 1247 133 47 super
661 1247 133 47 celos
750 1247 133 47 sunt,
839 1247 163 47 laudent
957 1247 133 47 nomen
1031 1247 89 47 domi

257 1287 110 42 ni,
320 1287 78 42 &
351 1287 125 42 hanc
429 1287 203 42 opinionem
586 1287 172 42 videtur
711 1287 156 42 ibidem
821 1287 172 42 August.
946 1287 156 42 tenere
1040 1287 78 42 di-

259 1323 128 47 cens
339 1323 144 47 dommo
435 1323 96 47 de
483 1323 208 47 huiusmodi
642 1323 160 47 aquis,
754 1323 160 47 vident
866 1323 160 47 faciem
977 1323 128 47 tuam
1041 1323 80 47 se-

268 1366 111 47 per,
337 1366 69 47 &
365 1366 97 47 ibi
420 1366 138 47 legunt
517 1366 111 47 uine
586 1366 152 47 labiis,
697 1366 111 47 quae
766 1366 97 47 sit
821 1366 152 47 aeterna
932 1366 166 47 voluntas
1042 1366 83 47 tua-

303 1402 129 43 Hanc
383 1402 145 43 tamen
480 1402 209 43 opinionem
641 1402 177 43 videtur
770 1402 225 43 Augustinus
931 1402 193 43 retractare

263 1443 131 44 libs
345 1443 98 44 2,
394 1443 295 44 retractationum
640 1443 180 44 dicens,
771 1443 131 44 Quod
853 1443 131 44 dixi
919 1443 213 44 firmamentum

267 1481 141 46 actum
361 1481 141 46 inter
455 1481 235 46 spirituales
643 1481 141 46 aquas
737 1481 235 46 superiores,
925 1481 78 46 &
941 1481 188 46 corporales

256 1520 216 53 inferiores,
429 1520 101 53 non
486 1520 130 53 satis
573 1520 216 53 considerate
746 1520 144 53 dictum
832 1520 87 53 est.

297 1557 90 44 Et
342 1557 120 44 ideo
417 1557 105 44 est
477 1557 150 44 tertia
582 1557 165 44 opinio,
702 1557 120 44 quae
778 1557 135 44 ponit
868 1557 135 44 iuxta
943 1557 180 44 litteralem

262 1598 176 44 sensum,
390 1598 128 44 quod
470 1598 112 44 per
535 1598 144 44 aquas
631 1598 144 44 super
727 1598 225 44 firmamento
903 1598 176 44 debemus
1016 1598 112 44 intel

268 1639 138 55 igere
360 1639 153 55 caelum
467 1639 261 55 cristallinum,
682 1639 123 55 quod
759 1639 107 55 non
820 1639 107 55 est
881 1639 107 55 cum
943 1639 138 55 istis
1020 1639 107 55 infe-

258 1683 185 47 rioribus
396 1683 139 47 aquis
489 1683 169 47 eiusdem
612 1683 185 47 naturae,
750 1683 108 47 sed
812 1683 108 47 est
874 1683 92 47 de
920 1683 154 47 natura
1012 1683 108 47 quin-

262 1718 96 58 tae
303 1718 164 58 essentiae.

373 1792 645 82 ARTICVLVS
820 1792 198 82 LI

306 1914 220 52 Denatura
470 1914 274 52 firmamenti,
690 1914 91 52 &
726 1914 110 52 de
781 1914 220 52 motibus,
946 1914 91 52 &
964 1914 110 52 con-

567 1953 229 52 ditionibus
730 1953 98 52 eius

297 2054 209 56 NVANTVM
449 2054 114 56 ad
506 2054 209 56 tertium
658 2054 285 56 principale,
886 2054 171 56 primo
981 2054 152 56 viden-

334 2107 117 47 dum
401 2107 117 47 est
468 2107 100 47 de
518 2107 167 47 natura
636 2107 251 47 firmamenti.
836 2107 184 47 Secundo
970 2107 100 47 de
1004 2107 117 47 moti-

249 2147 146 53 bus
333 2147 104 53 &
374 2147 355 53 conditionibus
646 2147 146 53 eius.

304 2186 120 59 Quo
372 2186 103 59 ad
424 2186 171 59 primum
544 2186 154 59 dico,
646 2186 137 59 quod
732 2186 257 59 firmamentum
938 2186 120 59 est
989 2186 137 59 corpus

263 2223 161 62 quintae
380 2223 190 62 essentiae
527 2223 73 62 &
556 2223 102 62 non
615 2223 102 62 est
673 2223 220 62 clementaris
849 2223 176 62 naturae,
981 2223 117 62 quia
1039 2223 88 62 omne

263 2261 144 51 corpus
364 2261 216 51 elementaris
537 2261 159 51 naturae
652 2261 101 51 est
710 2261 216 51 naturaliter
883 2261 216 51 alterabile;
1056 2261 101 51 sed

266 2297 216 56 frmamentum,
438 2297 72 56 &
467 2297 187 56 quaelibet
611 2297 115 56 alia
683 2297 158 56 sphaera
799 2297 187 56 caelestis
943 2297 101 56 est
986 2297 144 56 alterans

258 2342 263 50 inalterabile,
474 2342 93 50 vt
520 2342 139 50 patet
613 2342 108 50 per
675 2342 247 50 philolophum,
876 2342 124 50 ergo
938 2342 62 50 &c

298 2379 113 48 Sed
362 2379 161 48 contra
475 2379 145 48 istud
572 2379 178 48 videtur
701 2379 129 48 esse
782 2379 161 48 opinio
879 2379 242 48 Platonicorum.

267 2414 99 59 qui
324 2414 170 59 dicebant
451 2414 142 59 caelum
550 2414 113 59 esse
621 2414 142 59 igneae
720 2414 170 59 naturae,
848 2414 113 59 quia
919 2414 128 59 facit
989 2414 142 59 effectus

262 2465 166 43 similes
383 2465 211 43 effectibus
549 2465 151 43 ignis;
655 2465 121 43 quia
730 2465 196 43 calefacit
881 2465 76 43 &
911 2465 196 43 illuminat
1062 2465 106 43 non

272 2500 146 54 minus,
375 2500 117 54 quam
448 2500 117 54 ipse
506 2500 117 54 ignis.

285 2530 233 65 Respondeo,
468 2530 133 65 quod
552 2530 183 65 quamuis
685 2530 116 65 tam
751 2530 166 65 celum,
868 2530 133 65 quam
951 2530 150 65 ignis
1034 2530 100 65 sint

268 2576 133 57 causa
357 2576 236 57 praedictorum
549 2576 207 57 effectuum,
711 2576 103 57 hoc
770 2576 103 57 cum
829 2576 103 57 fit
888 2576 148 57 aliter
991 2576 74 57 &
1006 2576 118 57 aliter

262 2612 114 57 nam
327 2612 163 57 caelum
441 2612 114 57 est
506 2612 146 57 causa
603 2612 211 57 aequiuoca
766 2612 211 57 huiusmodi
929 2612 211 57 effectuum
1075 2612 65 57 in

271 2659 121 49 istis
351 2659 228 49 inferioribus:
539 2659 94 49 sed
593 2659 121 49 ignis
674 2659 94 49 est
727 2659 121 49 causa
795 2659 134 49 vniuocam

313 2696 146 49 Etiam
410 2696 162 49 contra
523 2696 146 49 istam
620 2696 259 49 conclusionem
831 2696 194 49 videntur
976 2696 129 49 esse
1041 2696 97 49 dict

282 2731 206 58 liquorum
436 2731 274 58 theologorum,
659 2731 120 58 qui
728 2731 171 58 dicunt
848 2731 171 58 caelum
968 2731 171 58 factum
1070 2731 69 58 ex

278 2782 137 45 aqua,
369 2782 76 45 &
400 2782 107 45 hoc
461 2782 168 45 probant
583 2782 92 45 ex
629 2782 153 45 dictis
721 2782 183 45 sanctorum.

319 2813 225 59 Respondeo,
496 2813 129 59 quod
577 2813 161 59 sancti
689 2813 242 59 intelligunt
882 2813 113 59 per
947 2813 145 59 aquam
1027 2813 97 59 mate

279 2855 115 54 riam
350 2855 143 54 caeli,
451 2855 86 54 de
494 2855 100 54 qua
551 2855 143 54 factum
651 2855 100 54 est
694 2855 129 54 caelum.

318 2896 118 50 Quo
386 2896 101 50 ad
436 2896 203 50 secundum
589 2896 118 50 est
656 2896 271 50 aduertendum,
876 2896 135 50 quod
944 2896 186 50 firmamen-

278 2928 126 58 tum,
357 2928 110 58 scu
420 2928 158 58 caelum
531 2928 205 58 stellatum
688 2928 174 58 mouetut
815 2928 174 58 duplici
941 2928 142 58 motu,
1036 2928 110 58 vno
1083 2928 63 58 ab

279 2965 162 60 oriente
397 2965 88 60 in
441 2965 191 60 occidens,
588 2965 74 60 &
617 2965 118 60 iste
691 2965 103 60 est
750 2965 132 60 motus
838 2965 176 60 diuinus,
970 2965 103 60 quo
1014 2965 118 60 rapitu

272 3012 80 61 &
304 3012 290 61 circumuoluitur
546 3012 80 61 a
578 3012 177 61 sphaera
706 3012 145 61 primi
803 3012 193 61 mobilis,
948 3012 80 61 &
980 3012 129 61 isto
1044 3012 97 61 motu

271 3054 177 48 mouetur
399 3054 145 48 super
496 3054 145 48 polis
592 3054 145 48 mudi,
688 3054 161 48 quorum
801 3054 128 48 vnus
881 3054 193 48 eleuatur
1010 3054 128 48 nobis.

275 3082 105 60 qui
335 3082 165 60 dicitur
455 3082 135 60 polus
545 3082 180 60 articus,
680 3082 75 60 &
710 3082 135 60 alter
800 3082 225 60 supprimitur
980 3082 150 60 nobis,
1070 3082 75 60 qui

282 3135 172 46 ficitur
408 3135 141 46 polus
502 3135 235 46 antarticus.
690 3135 125 46 Alio
768 3135 125 46 motu
846 3135 172 46 mouetur
972 3135 94 46 ab
1003 3135 141 46 occiden

274 3161 96 73 te
322 3161 96 73 in
370 3161 176 73 oriens,
498 3161 80 73 &
530 3161 112 73 hoc
594 3161 80 73 a
626 3161 176 73 proprio
755 3161 112 73 suo
819 3161 176 73 motore,
947 3161 80 73 &
979 3161 128 73 isto
1043 3161 96 73 motu

1148 286 185 67 mouetur
1282 286 151 67 super
1383 286 151 67 polis
1484 286 185 67 Vodiaci
1618 286 117 67 hoc
1685 286 151 67 autem
1786 286 134 67 motu
1853 286 168 67 secundum

1159 352 229 44 Dtolomaeum
1339 352 98 44 in
1388 352 213 44 AImagest.
1552 352 98 44 in
1601 352 164 44 centum
1716 352 148 44 annis
1814 352 180 44 mouetur
1929 352 82 44 so-

1161 396 109 43 lim
1224 396 109 43 per
1286 396 124 43 vnum
1363 396 186 43 graduum,
1503 396 109 43 qui
1565 396 155 43 gradus
1674 396 93 43 in
1720 396 140 43 caeli
1798 396 217 43 circumferen-

1159 427 102 47 tu
1210 427 136 47 sunt
1295 427 136 47 38o.
1380 427 102 47 Et
1430 427 136 47 illo
1515 427 119 47 suo
1583 427 187 47 proprio
1719 427 136 47 motu
1787 427 220 47 firmamentum

1167 467 176 45 perfecte
1299 467 103 45 non
1358 467 205 45 reuoluitur
1519 467 117 45 nisi
1593 467 88 45 in
1636 467 103 45 38.
1695 467 176 45 millibus
1827 467 176 45 anuorum:
1944 467 59 45 na

1161 503 100 43 cum
1218 503 143 43 gradus
1318 503 86 43 in
1361 503 114 43 celo
1433 503 129 43 sint,
1518 503 86 43 vt
1561 503 100 43 iam
1619 503 143 43 dictum
1719 503 114 43 est.
1790 503 114 43 38o.
1862 503 72 43 &
1891 503 86 43 in
1919 503 86 43 cen-

1155 544 116 47 tum
1222 544 149 47 annis
1321 544 199 47 transeat
1471 544 149 47 solum
1570 544 133 47 vnum
1653 544 182 47 gradum,
1786 544 83 47 &
1819 544 133 47 ideo
1902 544 149 47 decem

1165 589 150 44 pradus
1270 589 195 44 transibit
1421 589 90 44 in
1466 589 135 44 mille
1556 589 150 44 annis,
1661 589 150 44 centum
1766 589 150 44 gradus
1872 589 90 44 in
1902 589 105 44 decem

1156 623 182 47 millibus
1293 623 182 47 annorum,
1429 623 106 47 3oo
1490 623 152 47 gradus
1597 623 91 47 in
1642 623 91 47 5o
1688 623 182 47 millibus
1825 623 182 47 annorum,
1961 623 76 47 &

1148 659 94 50 So
1195 659 157 50 gradus
1306 659 94 50 in
1353 659 110 50 sex
1416 659 173 50 milibus
1541 659 189 50 annorum,
1683 659 79 50 &
1714 659 110 50 sic
1777 659 126 50 tota
1840 659 173 50 reuolutio

1146 699 222 63 occupabit
1317 699 171 63 tempus
1437 699 120 63 38.
1505 699 188 63 millium
1625 699 171 63 annorum.

1207 774 567 88 ARTICVLVS
1600 774 262 88 IIII

1319 856 106 89 De
1372 856 176 89 septem
1495 856 176 89 caolis
1601 856 229 89 planetarum.

1219 944 173 72 VANTVM
1340 944 104 72 ad
1391 944 190 72 quartum
1530 944 242 72 principale
1719 944 121 72 est
1771 944 242 72 aduertendum,

1173 1008 149 58 quod
1266 1008 167 58 caeli
1377 1008 260 58 planetatum
1582 1008 149 58 sunt
1675 1008 204 58 septem,
1823 1008 111 58 in
1860 1008 149 58 quorum

1159 1051 169 43 quolibet
1286 1051 99 43 est
1342 1051 127 43 solum
1427 1051 99 43 vna
1484 1051 155 43 stella,
1597 1051 113 43 quae
1667 1051 155 43 dicitur
1780 1051 169 43 planeta,
1907 1051 71 43 a
1921 1051 85 43 pla-

1162 1087 101 41 nes
1219 1087 172 41 Ciraece,
1348 1087 115 41 quod
1420 1087 101 41 est
1478 1087 129 41 error
1564 1087 158 41 Latine,
1679 1087 72 41 &
1707 1087 115 41 ideo
1779 1087 187 41 quandoque
1908 1087 101 41 istae

1150 1128 146 49 stelle
1253 1128 175 49 dicuntur
1384 1128 204 49 erraticae,
1545 1128 161 49 propter
1662 1128 146 49 varios
1764 1128 131 49 eorum
1851 1128 146 49 motus:
1939 1128 73 49 nam

1159 1168 104 50 quia
1224 1168 116 50 istae
1301 1168 142 50 stellae
1405 1168 91 50 non
1457 1168 104 50 sunt
1521 1168 116 50 fixae
1599 1168 78 50 in
1638 1168 142 50 orbibus
1741 1168 116 50 suis,
1819 1168 116 50 sicut
1897 1168 129 50 stella

1150 1216 153 42 octauae
1262 1216 167 42 spherae,
1387 1216 98 42 sed
1443 1216 98 42 vel
1498 1216 111 42 sunt
1568 1216 125 42 fixae
1652 1216 84 42 in
1694 1216 153 42 circulo
1805 1216 195 42 ecentrico,
1944 1216 70 42 qui

1156 1244 119 41 alio
1231 1244 149 41 nomine
1335 1244 209 41 appellatur
1499 1244 179 41 circulus
1633 1244 194 41 deserens,
1782 1244 104 41 vel
1841 1244 119 41 sunt
1901 1244 104 41 fixae

1147 1282 83 56 in
1189 1282 153 56 circulo
1300 1282 181 56 epicvclo,
1439 1282 97 56 qui
1495 1282 167 56 circulus
1620 1282 181 56 clauditur
1759 1282 125 56 intra
1828 1282 181 56 superficien

1149 1326 179 54 circuli
1279 1326 243 54 deferentis;
1473 1326 81 54 &
1506 1326 130 54 ideo
1587 1326 211 54 quandoque
1749 1326 195 54 mouentur
1895 1326 97 54 ad
1928 1326 81 54 au-

1154 1360 158 53 strum,
1265 1360 205 53 quandoque
1422 1360 95 53 ad
1469 1360 221 53 aquilonem,
1643 1360 79 53 &
1674 1360 110 53 hoc
1737 1360 173 53 propter
1847 1360 158 53 obliqui-

1155 1400 143 55 tatem
1251 1400 239 55 deferentis;
1442 1400 207 55 quandoque
1601 1400 191 55 videntur
1744 1400 159 55 moueri
1840 1400 175 55 retrogra-

1160 1440 111 45 de,
1223 1440 205 45 quandoque
1381 1440 237 45 processiue,
1571 1440 79 45 &
1602 1440 205 45 quandoque
1760 1440 189 45 videntur
1902 1440 95 45 se
1934 1440 63 45 ha

1163 1477 113 55 bere
1234 1477 226 55 stationarie,
1418 1477 71 55 &
1446 1477 99 55 hoc
1503 1477 156 55 propter
1616 1477 170 55 circuium
1743 1477 198 55 epicyclum.
1885 1477 127 55 Istorum

1159 1517 148 52 autem
1257 1517 164 52 omnium
1372 1517 263 52 expressiorem
1585 1517 279 52 declarationem
1815 1517 98 52 ad
1848 1517 164 52 praesens

1159 1559 137 41 causa
1250 1559 212 41 breuitatis
1402 1559 121 41 omitto

1196 1569 104 80 Hic
1256 1569 134 80 autem
1345 1569 104 80 est
1404 1569 208 80 planetarum
1567 1569 119 80 ordo
1641 1569 208 80 incipiendo
1804 1569 89 80 ab
1834 1569 178 80 inferiori.

1151 1638 165 50 Primus
1267 1638 116 50 est
1333 1638 149 50 luna.
1432 1638 198 50 Secundus
1581 1638 231 50 mercurius.
1762 1638 182 50 Tertius
1878 1638 132 50 venus.

1166 1674 165 55 Quartus
1286 1674 120 55 sol.
1361 1674 165 55 Quintus
1482 1674 135 55 mars.
1572 1674 150 55 Sextus
1677 1674 180 55 iupiter.
1813 1674 180 55 Septimus
1933 1674 75 55 sa-

1155 1717 144 48 turnus
1256 1717 159 48 Quomodo
1371 1717 130 48 autem
1458 1717 130 48 istae
1544 1717 159 48 stellae
1660 1717 144 48 habeat
1761 1717 202 48 distinctas
1905 1717 116 48 virtu-

1161 1751 123 53 tes,
1237 1751 77 53 &
1268 1751 92 53 in
1314 1751 107 53 quo
1375 1751 138 53 figno
1467 1751 169 53 Podiaci
1590 1751 199 53 quaelibet
1743 1751 169 53 istarum
1850 1751 169 53 stellarum

1153 1799 209 55 proprium
1309 1799 174 55 habeat
1431 1799 226 55 dominium,
1605 1799 174 55 domino
1727 1799 244 55 concedente
1902 1799 105 55 quan

1164 1830 134 46 doque
1253 1830 163 46 intendo
1372 1830 223 46 specialiter
1535 1830 208 46 pertractare.

1204 1864 88 53 Ad
1248 1864 205 53 argumentum
1409 1864 205 53 principale
1570 1864 132 53 patet
1658 1864 88 53 ex
1702 1864 117 53 his,
1775 1864 117 53 quae
1848 1864 132 53 dicta
1921 1864 88 53 sunt

1151 1910 141 50 circa
1245 1910 156 50 primam
1355 1910 250 50 conclusionem
1558 1910 188 50 secundae
1699 1910 266 50 inquisitionis
1902 1910 110 50 primi

1151 1948 138 47 articuli.

1217 2025 705 52 DISTINCTIO
1720 2025 202 52 II

1204 2109 182 86 Resolita
1340 2109 136 86 huius
1431 2109 258 86 distinctionis
1644 2109 91 86 di
1689 2109 152 86 iusio,
1795 2109 91 86 in
1841 2109 106 86 qua
1886 2109 76 86 na-

1315 2182 155 67 tura,
1418 2182 103 67 ac
1470 2182 275 67 perfectiones
1676 2182 189 67 angelorum

1451 2226 261 68 uiuestigantur.

1484 2344 171 49 CCE
1581 2344 293 49 OSTENSVM
1801 2344 171 49 EST
1875 2344 122 49 &c.

1499 2378 109 50 Hic
1562 2378 187 50 Magister
1702 2378 172 50 nititur
1811 2378 203 50 inuestigare

1511 2423 73 46 n
1540 2423 131 46 quali
1627 2423 145 46 natura
1728 2423 145 46 angeli
1830 2423 160 46 suerint
1931 2423 87 46 crea

1506 2454 103 58 ti,
1565 2454 73 58 &
1594 2454 176 58 qualibus
1726 2454 264 58 perfectionibus
1932 2454 88 58 deco

1510 2492 121 51 rati,
1590 2492 67 51 &
1617 2492 175 51 diuiditur
1752 2492 81 51 in
1793 2492 135 51 partes
1887 2492 121 51 duas:
1955 2492 67 51 nam

1516 2535 134 52 primo
1605 2535 164 52 tractat
1724 2535 89 52 de
1769 2535 164 52 natura,
1888 2535 74 52 &
1903 2535 119 52 perfe-

1503 2575 165 51 ctione
1618 2575 214 51 angelorum
1783 2575 115 51 per
1832 2575 198 51 comparatio

1493 2611 129 49 nem
1566 2611 111 49 ad
1622 2611 185 49 culpam
1751 2611 92 49 &
1770 2611 259 49 innocentiam:

1172 2652 176 45 Secundo
1300 2652 112 45 per
1364 2652 272 45 comparationem
1588 2652 96 45 ad
1635 2652 176 45 gloriam
1763 2652 80 45 &
1795 2652 192 45 miseriam
1923 2652 96 45 ibi,

1171 2691 124 46 Post
1248 2691 124 46 haec
1325 2691 201 46 videndum:
1480 2691 139 46 Prima
1573 2691 93 46 in
1619 2691 139 46 duas;
1712 2691 124 46 quia
1790 2691 139 46 primo
1867 2691 155 46 ostendit

1173 2730 148 48 quales
1277 2730 162 48 fuerunt
1395 2730 148 48 angeli
1498 2730 89 48 in
1542 2730 192 48 primordio
1690 2730 118 48 suae
1763 2730 207 48 creationis
1911 2730 103 48 quan-

1172 2769 108 42 tum
1233 2769 92 42 ad
1279 2769 247 42 perfectiones
1480 2769 216 42 naturales;
1649 2769 169 42 Secundo
1772 2769 154 42 quales
1880 2769 108 42 fu:
1927 2769 92 42 runt

1172 2808 174 45 quantum
1298 2808 95 45 ad
1346 2808 252 45 perfectiones
1551 2808 174 45 morales
1677 2808 126 45 ibi,
1756 2808 142 45 lllud
1850 2808 158 45 quoque
1945 2808 79 45 &c.

1182 2841 141 46 prima
1276 2841 94 46 in
1323 2841 141 46 duas:
1417 2841 109 46 nam
1479 2841 141 46 primo
1573 2841 187 46 ostendit
1714 2841 94 46 in
1760 2841 203 46 quibusdam
1901 2841 125 46 natura

1172 2886 146 45 libus
1269 2886 293 45 perfectionibus
1513 2886 212 45 angelorum
1676 2886 277 45 differentiam:
1888 2886 146 45 Secundo

1168 2931 178 43 ostendit
1302 2931 133 43 eorum
1391 2931 252 43 conuenientiam
1598 2931 119 43 ibi,
1672 2931 89 43 Et
1717 2931 133 43 sicut
1806 2931 89 43 in
1835 2931 193 43 praedictis;

1174 2965 127 47 Prima
1259 2965 99 47 est
1315 2965 198 47 praesentis
1471 2965 198 47 lectionis,
1627 2965 71 47 &
1655 2965 184 47 diuiditur
1797 2965 85 47 in
1839 2965 113 47 tres
1896 2965 127 47 partes;

1179 3010 104 44 nam
1239 3010 134 44 primo
1328 3010 178 44 quattuor
1461 3010 193 44 attributa
1610 3010 253 44 vniuersaliter
1818 3010 163 44 angelis
1922 3010 104 44 conue

1173 3041 163 46 nientia
1292 3041 193 46 enumerat,
1441 3041 163 46 Secundo
1559 3041 223 46 inuestigat,
1738 3041 134 46 vtrum
1827 3041 149 46 talium
1916 3041 119 46 attri-

1171 3084 173 44 butorum
1297 3084 251 44 participatio
1501 3084 173 44 omnibus
1627 3084 173 44 angelis
1752 3084 220 44 aequaliter
1909 3084 126 44 conue-

1170 3117 135 45 niat,
1260 3117 150 45 Tertio
1365 3117 195 45 huiusmodi
1516 3117 256 45 inquisitionis
1726 3117 195 45 veritatem
1862 3117 180 45 determinat

1180 3171 154 53 pecunda
1292 3171 112 53 ibi,
1362 3171 98 53 Hic
1418 3171 238 53 considerandum
1615 3171 112 53 est.
1685 3171 140 53 Tertia
1783 3171 112 53 ibi,
1853 3171 112 53 llle
1923 3171 112 53 ergo
1979 3171 56 53 &c
