2435 3568
244 319 169 54 Primo,
362 319 135 54 quia
447 319 101 54 in
497 319 270 54 corporalibus
717 319 253 54 differentia
919 319 118 54 non
970 319 169 54 sumitur,

277 368 111 36 rota
346 368 152 36 natura,
457 368 97 36 sed
512 368 69 36 a
540 368 124 36 parte
623 368 166 36 naturae,
747 368 166 36 scilicet
872 368 69 36 a
899 368 138 36 forma:
996 368 97 36 sed
1051 368 83 36 in
1079 368 69 36 an-

276 402 154 54 gelis,
383 402 108 54 vbi
445 402 154 54 natura
552 402 154 54 partem
660 402 108 54 non
722 402 154 54 habet,
829 402 215 54 necessario
998 402 169 54 sumitur
1106 402 46 54 a

278 439 128 45 tota
342 439 128 45 natura

319 476 178 53 Secundo,
453 476 119 53 quia
527 476 89 53 in
572 476 163 53 angelis
690 476 89 53 de
735 476 104 53 eo,
794 476 119 53 quod
869 476 208 53 significat
1017 476 104 53 diffo

260 518 164 43 rentia,
380 518 224 43 praedicatur
559 518 135 43 ipsum
649 518 149 43 genus,
753 518 105 43 sed
813 518 105 43 non
873 518 90 43 de
918 518 105 43 eo,
978 518 120 43 quod
1037 518 90 43 sign

261 557 138 46 ficat
353 557 230 46 differentia
537 557 92 46 in
583 557 261 46 corporalibus.
798 557 107 46 Nam
859 557 138 46 totum
951 557 107 46 non
997 557 123 46 praedi

266 596 138 56 catur
358 596 92 56 de
404 596 138 56 parte
496 596 261 56 essentialiter
710 596 199 56 loquendo;
863 596 138 56 Anima
955 596 138 56 enim,
1032 596 92 56 quam

264 635 236 44 significatur
456 635 103 44 per
515 635 118 44 hanc
589 635 251 44 differentiam,
795 635 118 44 quae
869 635 103 44 est
928 635 192 44 animatum,
1061 635 59 44 no

265 680 108 44 est
326 680 170 44 animal:
450 680 93 44 si
496 680 124 44 enim
574 680 139 44 totum
666 680 247 44 predicaretur
867 680 263 44 essentialiter
1068 680 62 44 de

258 718 164 46 parte,
372 718 180 46 cumvnum
504 718 148 46 totum
602 718 164 46 habeat
717 718 164 46 multas
832 718 180 46 partes,
963 718 131 46 vnum
1029 718 98 46 totu

266 755 135 40 esset
356 755 135 40 multa
446 755 135 40 tota,
536 755 90 40 Et
581 755 120 40 hinc
656 755 120 40 est,
731 755 120 40 quod
806 755 135 40 dicit
896 755 225 40 philosophus
1061 755 60 40 in

264 794 180 44 topicis,
399 794 90 44 Si
444 794 135 44 genus
533 794 254 44 praedicaretur
743 794 90 44 de
788 794 239 44 differentia,
982 794 120 44 vnum
1042 794 90 44 ani-

271 829 108 44 mal
332 829 139 44 esset
425 829 139 44 multa
502 829 169 44 animalia,

311 872 163 54 Tertio,
430 872 119 54 quia
504 872 89 54 si
549 872 89 54 in
593 872 193 54 sepatatis
741 872 252 54 costitueretur
934 872 193 54 predicamen-

267 910 116 48 tum,
339 910 217 48 differentia
512 910 159 48 caderet
628 910 87 48 in
672 910 130 48 recta
758 910 130 48 linea
845 910 145 48 illius
932 910 188 48 praedicamen

270 952 106 53 ti,
331 952 91 53 in
376 952 243 53 corporalibus
574 952 122 53 vero
650 952 167 53 caderet
771 952 91 53 ex
817 952 167 53 latere.
939 952 106 53 Nam
999 952 91 53 de
1030 952 91 53 quo-

269 990 145 53 cunque
370 990 130 53 genus
457 990 217 53 praedicatur
630 990 260 53 essentialiter,
847 990 130 53 illud
934 990 130 53 cadit
1021 990 87 53 in
1050 990 72 53 re-

257 1027 102 51 cta
316 1027 131 51 linea
403 1027 146 51 illius
490 1027 146 51 generis.

299 1068 171 53 Quarto,
424 1068 124 53 quia
501 1068 233 53 differentia
687 1068 93 53 in
734 1068 248 53 corporalibus
936 1068 186 53 pdicatur
1060 1068 62 53 do

264 1104 153 54 specie
371 1104 137 54 solum
462 1104 259 54 denominatiue,
676 1104 92 54 eo
721 1104 122 54 quod
798 1104 137 54 dicat
889 1104 168 54 partem,
1011 1104 92 54 in
1042 1104 76 54 se-

257 1147 164 51 paratis
376 1147 134 51 autem
466 1147 224 51 praedicatur
630 1147 238 51 essentialiter,

284 1182 172 56 Quinto,
410 1182 125 56 quia
488 1182 110 56 cum
551 1182 94 56 in
598 1182 204 56 separatis
754 1182 78 56 a
785 1182 172 56 materia
911 1182 141 56 genus
1005 1182 78 56 &
1020 1182 110 56 diffe

254 1226 155 38 rentia
363 1226 233 38 significent
549 1226 124 38 idem
627 1226 279 38 essentialiter:
859 1226 124 38 ideo
921 1226 202 38 coniungendo

260 1263 254 48 differentiam
467 1263 175 48 generis
594 1263 238 48 committitur
784 1263 191 48 nugatio,
927 1263 79 48 &
959 1263 111 48 non
1007 1263 111 48 const

265 1308 148 41 tuitur
369 1308 89 41 ex
413 1308 103 41 hoc
472 1308 162 41 congrua
590 1308 221 41 diffinitio,
767 1308 89 41 in
811 1308 236 41 corporalibus
988 1308 133 41 econuer

254 1349 114 44 so.
319 1349 114 44 &c.
384 1349 131 44 Vnde
466 1349 261 44 quandocumque
678 1349 163 44 aliqua
792 1349 245 44 significant
988 1349 131 44 vnum
1070 1349 82 44 &

261 1379 121 44 idem
336 1379 271 44 essentialiter,
562 1379 90 44 si
608 1379 121 44 vnum
683 1379 166 44 illorum
804 1379 211 44 significat
969 1379 136 44 illud
1045 1379 75 44 per

260 1421 145 44 modum
356 1421 177 44 prioris
485 1421 80 44 &
517 1421 145 44 magis
614 1421 258 44 vniuersalis,
823 1421 80 44 &
855 1421 145 44 aliud
952 1421 113 44 per
1000 1421 113 44 modum

255 1460 222 48 posterioris
433 1460 74 48 &
463 1460 133 48 minus
552 1460 237 48 vniuersalis,
744 1460 133 48 sicut
833 1460 104 48 est
893 1460 89 48 de
937 1460 163 48 ratione
1041 1460 74 48 ge-

248 1499 144 42 neris
344 1499 80 42 &
376 1499 192 42 speciei,
521 1499 176 42 addendo
649 1499 128 42 vnum
729 1499 160 42 alteri
841 1499 160 42 semper
938 1499 160 42 committi

263 1535 98 52 tur
319 1535 168 52 nugatio.

297 1577 180 43 Quidam
423 1577 162 43 tamen
532 1577 199 43 dicunt,
676 1577 144 43 quod
766 1577 199 43 dicendo
910 1577 144 43 homo
983 1577 126 43 anima

257 1618 242 45 committitur
450 1618 193 45 nugatio:
595 1618 113 45 sed
660 1618 113 45 non
724 1618 226 45 econuerso,
902 1618 177 45 dicendo
1014 1618 97 45 ani-

251 1663 114 40 mal
316 1663 146 40 homo:
413 1663 130 40 quia
495 1663 195 40 terminus
641 1663 179 40 sequens
771 1663 211 40 contrahit
917 1663 195 40 praeceden-

255 1693 129 48 tem.
335 1693 145 48 Istud
432 1693 145 48 autem
529 1693 113 48 non
593 1693 161 48 valet.
706 1693 129 48 quia
787 1693 161 48 semper
899 1693 113 48 pro
964 1693 161 48 nomine
1061 1693 64 48 po

252 1731 122 44 test
328 1731 122 44 sumi
404 1731 228 44 diffinitio:
586 1731 106 44 sed
647 1731 106 44 non
708 1731 137 44 minus
799 1731 182 44 expressa
936 1731 106 44 est
981 1731 137 44 nugatio

254 1780 110 42 cum
317 1780 188 42 dicitur,
458 1780 157 42 animal
568 1780 157 42 animal
678 1780 220 42 rationale,
851 1780 126 42 quam
930 1780 110 42 cum
977 1780 141 42 dicitur

261 1810 153 50 animal
368 1810 198 50 rationale
520 1810 168 50 animal,
642 1810 122 50 ergo
718 1810 107 50 non
779 1810 137 50 minor
871 1810 122 50 erit
947 1810 168 50 nugatio
1054 1810 61 50 di

262 1851 171 46 cendo,
382 1851 171 46 animal
501 1851 154 46 homo,
604 1851 137 46 quam
689 1851 188 46 dicendo
826 1851 137 46 homo
894 1851 137 46 animal

304 1888 100 42 bed
361 1888 129 42 licet
447 1888 115 42 ista
519 1888 129 42 dicta
605 1888 115 42 sint
676 1888 186 42 subtilia,
820 1888 129 42 tamen
906 1888 100 42 ea,
963 1888 115 42 quae
1021 1888 100 42 ponit

265 1906 121 66 iste
341 1906 227 66 venerabilis
522 1906 151 66 doctor
628 1906 91 66 in
673 1906 136 66 primo
764 1906 151 66 membro
870 1906 76 66 &
900 1906 151 66 quinto
991 1906 121 66 istiu-

264 1967 275 54 distinctionis,
493 1967 107 54 non
554 1967 183 54 videntur
692 1967 122 54 esse
768 1967 199 54 conformia
921 1967 168 54 ceteris
1028 1967 92 54 suis

253 2005 101 52 dictis

301 2042 75 45 1
331 2042 105 45 Nam
391 2042 90 45 in
436 2042 135 45 primo
525 2042 105 45 suo
585 2042 180 45 scripto.
720 2042 90 45 2.
765 2042 209 45 quaestione
929 2042 165 45 prologi
1034 2042 75 45 ex-

262 2084 143 48 presse
362 2084 143 48 dicit,
462 2084 115 48 quod
534 2084 230 48 differentia,
721 2084 100 48 per
778 2084 115 48 quam
850 2084 186 48 differunt
979 2084 129 48 singula

253 2121 138 45 dicit
345 2121 138 45 totam
437 2121 169 45 speciem
560 2121 77 45 &
591 2121 231 45 substantiam
776 2121 215 45 diffiniti,
945 2121 77 45 &
976 2121 108 45 hoc
1022 2121 92 45 pro-

255 2161 112 48 bat
319 2161 160 48 ibidem
431 2161 112 48 per
495 2161 256 48 philosophum.
702 2161 96 48 7.
750 2161 144 48 meth.
846 2161 112 48 sed
910 2161 96 48 in
958 2161 144 48 primo
1038 2161 80 48 me-

258 2205 105 47 bro
318 2205 150 47 istius
423 2205 255 47 distinctionis
633 2205 135 47 dicit
722 2205 210 47 oppositum,
887 2205 150 47 saltem
977 2205 135 47 quantum

254 2243 96 54 ad
302 2243 256 54 differentiam
510 2243 144 54 rerum
591 2243 224 54 corporalium.

322 2279 199 52 Praeterea,
478 2279 114 52 lste
549 2279 213 52 venerabilis
720 2279 142 52 doctor
819 2279 85 52 in
862 2279 156 52 scripto
975 2279 142 52 super.
1060 2279 43 52 :

251 2317 207 46 sententiam
414 2317 148 46 dicit,
517 2317 118 46 quod
591 2317 89 46 in
636 2317 163 46 angelis
754 2317 133 46 ratio
843 2317 163 46 generis
961 2317 163 46 sumitur
1065 2317 44 46 a

252 2363 118 44 tota
326 2363 162 44 natura,
444 2363 133 44 prout
533 2363 89 44 in
577 2363 89 44 ea
621 2363 192 44 inuenitur
769 2363 133 44 ratio
857 2363 236 44 potentialis:
1034 2363 74 44 ra-

255 2400 105 50 tio
315 2400 119 50 vero
389 2400 239 50 differentiae
584 2400 164 50 sumitur
703 2400 90 50 ab
748 2400 134 50 eadem
837 2400 119 50 tota
912 2400 149 50 natura
1002 2400 119 50 inquam

255 2441 102 50 tum
314 2441 88 50 in
358 2441 88 50 ea
402 2441 190 50 inuenitur
548 2441 132 50 ratio
636 2441 190 50 actualis.

306 2471 99 52 Ex
355 2471 115 52 hoc
421 2471 148 52 arguo
519 2471 164 52 contra
634 2471 181 52 quintum
765 2471 181 52 membrum
897 2471 246 52 distinctio

250 2511 110 47 nis
313 2511 110 47 sue
376 2511 125 47 sic.
454 2511 251 47 Quandocumque
658 2511 157 47 aliqua
768 2511 235 47 significant
956 2511 157 47 eandem
1050 2511 63 47 re

245 2553 108 51 sub
306 2553 185 51 diuersis
445 2553 231 51 rationibus,
630 2553 154 51 quarum
737 2553 108 51 vna
799 2553 139 51 aliam
891 2553 108 51 non
938 2553 169 51 includit;

255 2593 105 43 sed
315 2593 150 43 potius
420 2593 195 43 excludit,
569 2593 120 43 illa
644 2593 135 43 simul
734 2593 150 43 iuncta
839 2593 105 43 non
899 2593 165 43 faciunt
1003 2593 105 43 nuga-

258 2632 162 50 tionem.
376 2632 118 50 ista
450 2632 133 50 patet
539 2632 103 50 per
598 2632 192 50 Auerroem.
746 2632 74 50 4
775 2632 118 50 met.
849 2632 103 50 vbi
908 2632 133 50 vult,
997 2632 118 50 quod
1056 2632 59 50 di

254 2671 161 49 cendo,
367 2671 113 49 ens
431 2671 145 49 vnum,
528 2671 113 49 non
592 2671 113 49 est
656 2671 193 49 nugatio:
801 2671 129 49 quia
882 2671 177 49 quamuis
1010 2671 113 49 ens
1059 2671 48 49 &

258 2708 122 46 vnum
334 2708 183 46 realiter
472 2708 229 46 significent
655 2708 138 46 idem,
747 2708 138 46 tamen
838 2708 138 46 ratio
930 2708 138 46 entis
1006 2708 92 46 sumi

248 2754 100 47 tur
305 2754 71 47 a
333 2754 185 47 positone,
476 2754 71 47 &
504 2754 128 47 ratio
590 2754 128 47 vnius
675 2754 71 47 a
704 2754 214 47 priuatione:
875 2754 114 47 sed,
946 2754 86 47 vt
989 2754 100 47 iam
1032 2754 71 47 pro

257 2794 106 45 tuit
323 2794 79 45 ex
362 2794 132 45 dictis
455 2794 145 45 istius,
561 2794 106 45 alia
627 2794 92 45 est
679 2794 119 45 ratio
759 2794 158 45 generis,
877 2794 66 45 &
904 2794 106 45 alia
970 2794 92 45 est
1010 2794 92 45 ratio

248 2830 244 49 differentiae
446 2830 213 49 angelorum,
613 2830 107 49 nec
674 2830 107 49 vna
735 2830 183 49 includit
872 2830 152 49 aliam,
979 2830 107 49 cum
1025 2830 76 49 op-

250 2878 173 39 positis
376 2878 189 39 sumantur
518 2878 283 39 conditionibus,
754 2878 126 39 puta
833 2878 110 39 vna
896 2878 79 39 a
911 2878 205 39 potentiali-

250 2911 131 46 tate,
338 2911 73 46 &
367 2911 117 46 alia
440 2911 88 46 ab
484 2911 234 46 actualitate,
674 2911 117 46 ergo
747 2911 131 46 simul
835 2911 146 46 iuncta
937 2911 102 46 non
981 2911 131 46 faciunt

254 2944 239 52 nugationem,
445 2944 111 52 nec
509 2944 111 52 per
572 2944 223 52 consequens
747 2944 207 52 impeditur
906 2944 127 52 vera
970 2944 127 52 angelo

252 2982 102 53 rum
311 2982 218 53 disfinitio,
485 2982 131 53 cuius
573 2982 189 53 oppositum
718 2982 116 53 iste
791 2982 146 53 doctor
893 2982 131 53 dicit
981 2982 87 53 in
1010 2982 87 53 quin

253 3023 88 49 to
297 3023 147 49 membro
400 3023 206 49 praedictae
547 3023 235 49 distinctionis.

287 3057 102 46 Et
338 3057 271 46 confirmatur:
558 3057 119 46 Nam
626 3057 119 46 cum
694 3057 203 46 secundum
846 3057 220 46 Pocthium,
998 3057 102 46 spe-

254 3098 115 50 cies
325 3098 158 50 proprie
440 3098 229 50 diffiniatur,
626 3098 86 50 in
669 3098 158 50 angelis
784 3098 129 50 autem
870 3098 201 50 reperiatur
1013 3098 86 50 vera

246 3145 148 48 natura
350 3145 207 48 specifica,
512 3145 89 48 vt
556 3145 133 48 patet
645 3145 103 48 per
704 3145 133 48 istum
792 3145 192 48 doctorem,
940 3145 118 48 ergo
999 3145 103 48 ange

1175 315 98 57 lus
1231 315 154 57 proprie
1343 315 154 57 poterit
1455 315 196 57 diffiniri;
1610 315 112 57 sed,
1680 315 84 57 vt
1722 315 126 57 patet
1806 315 84 57 in
1848 315 154 57 topicis
1946 315 84 57 &mal

1175 369 98 41 tis
1231 369 126 41 aliis
1315 369 126 41 locis
1399 369 154 41 logice,
1511 369 252 41 &philosophiae;
1720 369 126 41 omnis
1804 369 154 41 propria
1902 369 126 41 diffini

1170 403 106 49 tio
1230 403 136 49 datur
1321 403 106 49 per
1381 403 151 49 genus,
1487 403 75 49 &
1517 403 257 49 differentiam:
1728 403 121 49 ideo
1804 403 211 49 coniugendo
1955 403 60 49 go

1169 448 109 42 nus
1232 448 78 42 &
1263 448 249 42 differentiam
1465 448 218 42 angelorum,
1636 448 155 42 debita
1744 448 171 42 videtur
1853 448 171 42 constitui

1166 489 218 46 diffinitio,
1341 489 102 46 nec
1399 489 87 46 ex
1443 489 102 46 hoc
1501 489 175 46 resultat
1632 489 175 46 nugatio,
1763 489 102 46 nec
1821 489 102 46 est
1879 489 146 46 simile
1967 489 58 46 de

1171 522 158 46 ratione
1286 522 158 46 generis
1400 522 72 46 &
1429 522 172 46 speciei:
1558 522 115 46 quia
1630 522 129 46 ratio
1716 522 158 46 speciei
1831 522 172 46 includit
1946 522 72 46 ra-

1166 561 146 42 tionem
1269 561 176 42 generis;
1401 561 132 42 ratio
1489 561 132 42 autem
1577 561 161 42 geueris
1694 561 73 42 &
1723 561 234 42 differentiae
1913 561 132 42 etiam

1154 605 90 47 in
1199 605 136 47 ipsis
1290 605 166 47 angelis
1410 605 136 47 mutuo
1501 605 90 47 se
1546 605 211 47 excludunt,
1712 605 136 47 sicut
1802 605 106 47 iam
1862 605 166 47 patuit,
1968 605 45 47 &

1159 639 137 46 ideo
1245 639 257 46 coniungendo
1450 639 154 46 nomen
1553 639 189 46 speciei
1690 639 120 46 cum
1759 639 171 46 nomine
1862 639 154 46 genetis

1167 677 233 58 committitur
1354 677 186 58 nugatio.

1248 764 557 72 ARTICVLVS
1634 764 257 72 IIIl

1197 843 170 79 Vtrum
1310 843 113 79 in
1367 843 208 79 Andelis
1518 843 246 79 inuematir
1707 843 246 79 composito
1877 843 76 79 ex

1363 895 259 76 substantia,
1570 895 86 76 &
1587 895 207 76 accidente.

1214 965 188 71 VANTVM
1346 965 113 71 ad
1402 965 207 71 quartum
1553 965 244 71 articulum
1741 965 169 71 dico,
1854 965 150 71 quod
1929 965 75 71 in

1144 1029 87 50 A
1178 1029 192 50 angelis
1318 1029 122 50 est
1388 1029 227 50 composito
1563 1029 262 50 substantiae
1773 1029 87 50 &
1790 1029 210 50 accidentis

1146 1072 120 48 quia
1221 1072 180 48 Voluntas
1356 1072 75 48 &
1386 1072 225 48 intellectus
1566 1072 165 48 fundata
1687 1072 90 48 in
1732 1072 210 48 substantia
1882 1072 120 48 angeli

1157 1111 172 52 realiter
1286 1111 187 52 differunt
1430 1111 86 52 ab
1473 1111 101 52 ea,
1530 1111 101 52 cum
1588 1111 129 52 nulla
1674 1111 201 52 substantia
1832 1111 144 52 creata
1918 1111 86 52 pos-

1146 1144 106 65 sit
1206 1144 136 65 esset
1297 1144 212 65 immediatum
1464 1144 212 65 principium
1630 1144 242 65 operationis,
1827 1144 91 65 vt
1873 1144 106 65 ait
1918 1144 91 65 Con-

1144 1186 206 52 mentator.
1303 1186 95 52 7.
1335 1186 79 52 met

1192 1203 103 78 Ad
1243 1203 240 78 argumentum
1432 1203 240 78 principale
1621 1203 223 78 dicendum,
1792 1203 137 78 quod
1861 1203 137 78 angelo

1144 1267 192 43 conuenit
1288 1267 208 43 composito
1448 1267 96 43 ex
1496 1267 128 43 esse
1576 1267 80 43 &
1607 1267 208 43 essentia,
1767 1267 80 43 &
1799 1267 96 43 ex
1847 1267 160 43 genere
1943 1267 48 43 o

1157 1306 260 50 differentia.
1368 1306 98 50 Ad
1417 1306 244 50 probationem
1612 1306 163 50 contra
1726 1306 163 50 primum
1824 1306 179 50 dicendum,

1150 1344 117 48 quod
1223 1344 175 48 essentia
1355 1344 146 48 angeli
1457 1344 102 48 est
1515 1344 87 48 in
1559 1344 175 48 potentia
1690 1344 87 48 ad
1734 1344 131 48 esse:
1821 1344 131 48 talis
1894 1344 102 48 tamen

1169 1390 157 47 otentia
1283 1390 100 47 non
1340 1390 100 47 est
1397 1390 186 47 abiiciens
1540 1390 143 47 actum,
1640 1390 129 47 sicut
1726 1390 100 47 est
1783 1390 171 47 potentia
1897 1390 100 47 rerum

1153 1426 265 53 generabilium
1369 1426 83 53 &
1402 1426 315 53 corruptibilium,
1667 1426 133 53 quae
1750 1426 249 53 producunrur
1933 1426 66 53 ab

1142 1460 167 50 agente
1259 1460 200 50 naturali
1409 1460 284 50 presupponente
1643 1460 217 50 potentiam
1810 1460 200 50 passiuam
1943 1460 67 50 ma

1145 1504 176 51 teriae.
1273 1504 96 51 Ad
1321 1504 239 51 probationem
1512 1504 160 51 contra
1624 1504 192 51 secundum
1768 1504 208 51 dicendum,
1911 1504 80 51 quo

1150 1539 123 55 illa
1226 1539 215 55 descriptio
1395 1539 107 55 non
1457 1539 107 55 est
1518 1539 215 55 mensuralis
1687 1539 169 55 quantum
1810 1539 92 55 ad
1856 1539 123 55 omne
1917 1539 77 55 spo

1143 1583 135 37 ciem,
1233 1583 120 37 quia
1308 1583 180 37 perfecta
1443 1583 135 37 ratio
1533 1583 165 37 speciei
1653 1583 150 37 potest
1758 1583 165 37 saluari
1878 1583 135 37 etiam
1953 1583 60 37 in

1152 1621 102 51 vno
1211 1621 117 51 solo
1284 1621 205 51 indiuiduo,
1445 1621 88 51 vt
1489 1621 161 51 apparet
1606 1621 88 51 in
1649 1621 146 51 multis
1752 1621 132 51 rebus
1825 1621 146 51 creatis.

1149 1746 180 55 Secundae
1284 1746 210 55 particulae
1449 1746 225 55 principalis
1628 1746 135 55 huius
1718 1746 255 55 distinctionis
1913 1746 75 55 li-

1187 1800 138 57 cida
1273 1800 242 57 subduusio,
1463 1800 104 57 in
1515 1800 121 57 qua
1584 1800 224 57 angelorum
1739 1800 207 57 conuenien-

1394 1840 104 62 tia
1454 1840 134 62 inter
1543 1840 89 62 se
1573 1840 164 62 aperitur.

1471 1920 170 54 TSICVT
1590 1920 102 54 in
1641 1920 238 54 praedictis
1827 1920 119 54 &c.
1878 1920 119 54 Post-

1476 1969 122 51 quam
1552 1969 183 51 magister
1689 1969 168 51 tetigit
1811 1969 168 51 aliqua,
1918 1969 76 51 qui

1486 2013 100 46 bus
1543 2013 85 46 ab
1585 2013 142 46 initio
1685 2013 214 46 differebant
1856 2013 114 46 ipsi
1913 2013 71 46 ang

1487 2047 96 54 li,
1542 2047 96 54 hic
1597 2047 137 54 tangit
1693 2047 151 54 quedam:
1803 2047 82 54 in
1844 2047 137 54 quibus
1926 2047 69 54 con

1483 2087 178 53 ueniebant
1620 2087 68 53 a
1647 2087 178 53 primordio
1784 2087 96 53 sui
1839 2087 164 53 initijt.
1948 2087 41 53 &

1482 2127 185 48 diuiditur
1624 2127 86 48 in
1667 2127 114 48 tres
1739 2127 157 48 partes;
1853 2127 114 48 quia
1910 2127 71 48 pri

1482 2166 95 41 mo
1530 2166 190 41 ostendit
1672 2166 205 41 huiusmodi
1814 2166 174 41 angelorum

1479 2209 290 48 conuenientiam.
1720 2209 177 48 Secundo
1833 2209 161 48 recolli-

1154 2239 93 56 it
1200 2239 93 56 ex
1246 2239 216 56 praedictis
1416 2239 139 56 eorum
1509 2239 263 56 differentiam,
1725 2239 155 56 Tertio
1833 2239 155 56 innuit
1926 2239 62 56 ad

1145 2287 162 43 storum
1258 2287 259 43 sufficientem
1468 2287 242 43 cognitionem
1662 2287 210 43 solummodo
1807 2287 178 43 sufficere

1143 2320 162 47 diuinam
1261 2320 280 47 intelligentiam.
1497 2320 162 47 Secunda
1615 2320 118 47 ibi,
1688 2320 88 47 In
1733 2320 221 47 subtilitate
1895 2320 88 47 vero

1147 2357 139 49 Tertia
1244 2357 111 49 ibi,
1314 2357 97 49 Has
1369 2357 250 49 distinctiones,
1577 2357 166 49 Sequitur
1702 2357 111 49 illa
1771 2357 125 49 pars,
1854 2357 125 49 lllud
1924 2357 69 49 quo

1152 2399 103 50 ue,
1211 2399 88 50 In
1255 2399 103 50 qua
1314 2399 176 50 magister
1446 2399 176 50 ostendit
1579 2399 147 50 quales
1681 2399 162 50 fucrint
1799 2399 147 50 angeli
1887 2399 103 50 crea-

1147 2439 92 48 ti
1193 2439 168 48 quantum
1315 2439 92 48 ad
1361 2439 245 48 perfectiones
1560 2439 184 48 morales,
1697 2439 122 48 puta
1774 2439 138 48 vtrum
1850 2439 138 48 fuerint

1146 2476 132 44 creati
1238 2476 119 44 boni,
1317 2476 92 44 vel
1370 2476 119 44 mali,
1449 2476 132 44 iusti,
1541 2476 92 44 vel
1594 2476 158 44 iniusti.
1712 2476 79 44 Et
1752 2476 171 44 diuiditur
1884 2476 79 44 in
1910 2476 79 44 tres

1139 2516 174 43 partes:
1266 2516 111 43 nam
1329 2516 142 43 primo
1424 2516 142 43 circa
1519 2516 111 43 hoc
1582 2516 142 43 mouet
1677 2516 253 43 quaestionem,
1867 2516 127 43 Secun-

1135 2552 92 51 do
1181 2552 139 51 circa
1273 2552 216 51 propositam
1443 2552 231 51 quaestionem
1628 2552 169 51 recitat
1751 2552 169 51 quandam
1859 2552 123 51 falsam

1140 2591 219 52 opinionem,
1313 2591 157 52 Tertio
1422 2591 141 52 ponit
1516 2591 204 52 veritatis
1673 2591 313 52 determinationem.
1923 2591 63 52 Se

1144 2635 130 37 cunda
1230 2635 116 37 ibi,
1303 2635 145 37 Putant
1404 2635 159 37 quidam.
1520 2635 145 37 Tertia
1622 2635 116 37 ibi,
1694 2635 130 37 Aliis
1781 2635 145 37 autem.
1883 2635 101 37 Hec
1926 2635 58 37 in

1136 2671 143 49 duas:
1231 2671 127 49 quia
1310 2671 143 49 primo
1406 2671 190 49 magister
1548 2671 143 49 ponit
1643 2671 190 49 secundum
1786 2671 143 49 veram
1865 2671 127 49 opinio

1131 2713 114 42 nem
1196 2713 229 42 praedictae
1376 2713 245 42 quaestionis
1572 2713 327 42 determinationem:
1833 2713 147 42 Secundo

1125 2752 185 44 ostendit
1263 2752 293 44 incidentaliter,
1510 2752 154 44 qualem
1618 2752 123 44 ante
1695 2752 108 44 sui
1741 2752 247 44 confirmationem

1136 2791 162 45 angeli
1249 2791 211 45 habuerunt
1411 2791 243 45 cognitionem
1606 2791 81 45 &
1638 2791 243 45 dilectionem
1833 2791 130 45 ibi,
1898 2791 81 45 Hi-

1134 2822 136 58 solet
1225 2822 167 58 quaeri.
1346 2822 136 58 Prima
1437 2822 91 58 in
1483 2822 136 58 tres:
1574 2822 121 58 quia
1649 2822 136 58 primo
1740 2822 136 58 veram
1816 2822 167 58 opinionem

1169 2867 132 43 tirca
1258 2867 132 43 saepe
1346 2867 147 43 dictam
1449 2867 221 43 quaestionem
1625 2867 176 43 recitat:
1758 2867 162 43 Secundo
1860 2867 74 43 pra

1207 2904 172 48 dictam
1327 2904 172 48 falsam
1448 2904 224 48 opinionem
1620 2904 224 48 improbat,
1775 2904 138 48 Tertio

1246 2945 242 52 auctoritates,
1445 2945 86 52 in
1488 2945 143 52 quibus
1588 2945 86 52 se
1631 2945 185 52 praedicta
1759 2945 114 52 opinio

1284 2984 175 49 fundabat
1416 2984 175 49 declarat
1547 2984 73 49 &
1577 2984 190 49 explanat.
1708 2984 117 49 Secum-

1320 3021 83 56 da
1362 3021 111 56 ibi,
1431 3021 111 56 ldeo
1500 3021 111 56 Aug.
1569 3021 138 56 Tertia
1666 3021 111 56 ibi,
1721 3021 69 56 Deu

1369 3059 123 57 inde
1445 3059 199 57 qualiter,
1598 3059 107 57 Hic
1644 3059 123 57 quaero

1405 3099 140 58 hanc
1474 3099 227 58 quaestionem
