2400 3562
700 348 332 92 Quaestio
949 348 83 92 I

482 433 112 80 An
538 433 169 80 omnes
651 433 187 80 angeli
782 433 150 80 sint
876 433 206 80 eiusdem
1007 433 187 80 speciei.

668 837 129 82 PRVM
748 837 145 82 omnes
845 837 161 82 angeli
957 837 129 82 sint
1038 837 145 82 vnius
1118 837 161 82 speciei.

673 896 79 53 &
705 896 173 53 videtur
830 896 126 53 quod
909 896 126 53 sic.
988 896 126 53 Quia
1066 896 141 53 quale
1160 896 110 53 est
1207 896 79 53 il-

681 932 104 59 ud,
740 932 119 59 quod
815 932 222 59 destruitur,
992 932 119 59 tale
1067 932 133 59 debet
1156 932 119 59 esse
1215 932 74 59 il-

669 973 130 53 lud,
750 973 114 53 per
815 973 130 53 quod
896 973 244 53 deperditum,
1091 973 114 53 seu
1140 973 146 53 destru-

678 1018 129 52 ctum
758 1018 258 52 restauratur:
968 1018 113 52 sed
1032 1018 145 52 ruina
1113 1018 177 52 angelorum

657 1056 231 55 restauratur
842 1056 108 55 per
903 1056 108 55 ea,
965 1056 123 55 quae
1042 1056 123 55 sunt
1119 1056 139 55 vnius
1196 1056 93 55 spe-

435 1091 116 57 ciei
508 1091 277 57 specialissimae,
741 1091 116 57 puta
814 1091 102 57 per
872 1091 175 57 homines,
1003 1091 116 57 ergo
1076 1091 131 57 omnes
1149 1091 131 57 angeli:

429 1130 106 67 qui
489 1130 212 67 ceciderunt
656 1130 121 67 sunt
731 1130 136 67 vnius
822 1130 181 67 speciei,
958 1130 76 67 &
988 1130 136 67 eadem
1079 1130 166 67 ratione
1184 1130 106 67 isti,

432 1171 105 66 qui
492 1171 240 66 remanserunt,
687 1171 135 66 erunt
777 1171 135 66 vnius
867 1171 180 66 speciei,
1002 1171 120 66 quia
1077 1171 90 66 de
1122 1171 120 66 omni
1182 1171 105 66 ordi-

436 1220 87 53 ne
479 1220 144 53 aliqui
580 1220 217 53 ceciderunt.
739 1220 72 53 &c.

467 1245 146 70 Contra,
573 1245 93 70 ea,
626 1245 106 70 quae
692 1245 172 70 differunt
824 1245 132 70 forma,
917 1245 172 70 differunt
1049 1245 146 70 specie:
1155 1245 106 70 quia
1208 1245 79 70 for-

436 1292 94 55 mae
489 1292 107 55 sunt
556 1292 121 55 sicut
637 1292 148 55 numeri,
744 1292 81 55 vt
784 1292 161 55 dicitur.
905 1292 81 55 8.
946 1292 107 55 met.
1013 1292 94 55 non
1066 1292 94 55 est
1120 1292 94 55 aut
1160 1292 121 55 aliquos

436 1327 122 57 duos
512 1327 168 57 numeros
635 1327 122 57 dare
711 1327 92 57 in
757 1327 122 57 eade
833 1327 168 57 specie:
956 1327 107 57 Sed
1017 1327 153 57 angeli
1109 1327 168 57 differunt

423 1367 145 57 forma,
525 1367 102 57 cum
583 1367 102 57 non
641 1367 160 57 habeant
757 1367 189 57 materiam,
903 1367 102 57 vel
961 1367 218 57 quantitate,
1135 1367 102 57 per
1178 1367 102 57 cuius

429 1401 208 60 diuisionem
592 1401 193 60 distingui
740 1401 178 60 possint:
874 1401 148 60 igitur
978 1401 104 60 non
1037 1401 133 60 erunt
1126 1401 148 60 aliqui
1215 1401 74 60 duo

429 1453 154 48 angeli
536 1453 92 48 in
582 1453 138 48 eadem
675 1453 169 48 specie:
798 1453 108 48 Hic
859 1453 184 48 quattuor
997 1453 123 48 sunt
1074 1453 184 48 videnda.
1197 1453 77 48 Pri

426 1481 90 61 mo
471 1481 134 61 vtrum
560 1481 90 61 in
605 1481 164 61 angelis
725 1481 105 61 sit
784 1481 254 61 indiuiduatio.
993 1481 149 61 Secudo
1098 1481 90 61 de
1143 1481 105 61 eo,
1187 1481 90 61 quod

433 1521 218 60 quaeritur.
605 1521 172 60 Tertio,
730 1521 140 60 vtrum
823 1521 203 60 angelorum
979 1521 109 60 sit
1042 1521 156 60 certus
1135 1521 156 60 numerus.

445 1557 144 49 uarto,
546 1557 116 49 quia
618 1557 101 49 cum
676 1557 188 49 predictis
820 1557 173 49 Magister
950 1557 159 49 tractat
1065 1557 87 49 in
1109 1557 116 49 ista
1166 1557 116 49 tertia

432 1600 259 55 distinctione
642 1600 97 55 de
691 1600 130 55 modo
772 1600 243 55 cognoscendi
966 1600 227 55 angelorum:
1144 1600 130 55 ideo
1209 1600 81 55 vi-

438 1637 149 63 dendum
542 1637 119 63 est,
617 1637 134 63 vtrum
706 1637 164 63 angelus
826 1637 209 63 intelligat
990 1637 104 63 per
1049 1637 194 63 essentiam
1184 1637 89 63 suam

435 1688 103 61 vel
494 1688 103 61 per
553 1688 162 61 species
656 1688 192 61 concreatas.

567 1766 317 71 RES
703 1766 407 71 OLVTIO.

416 1853 115 74 Licet
493 1853 154 74 radicale
608 1853 179 74 principium
750 1853 154 74 indiuidu
865 1853 141 74 ationis
967 1853 77 74 in
1006 1853 205 74 materialibus
1173 1853 90 74 sit
1211 1853 77 74 ipsa

459 1913 185 54 quantitas:
604 1913 79 54 in
644 1913 172 54 separatis
776 1913 106 54 vero
842 1913 66 54 a
868 1913 145 54 materia
974 1913 92 54 sit
1027 1913 159 54 essentia
1146 1913 132 54 eorum,
1225 1913 66 54 qua

468 1940 65 58 m
494 1940 103 58 esse
559 1940 168 58 specifico
688 1940 181 58 veponuntur
830 1940 194 58 nihilominus
985 1940 78 58 de
1024 1940 155 58 potentia
1140 1940 90 58 Dei
1192 1940 116 58 abso

459 1983 88 56 lut
510 1983 63 56 a
535 1983 125 56 plures
622 1983 150 56 angelici
735 1983 150 56 spiritus
848 1983 75 56 in
885 1983 113 56 eadem
960 1983 125 56 specie
1048 1983 100 56 esse
1111 1983 150 56 possunt;
1211 1983 75 56 quo-

462 2019 98 61 rum
518 2019 154 61 numerus
630 2019 126 61 natur
714 2019 98 61 ali
770 2019 196 61 cognitione
923 2019 112 61 apud
993 2019 98 61 nos
1049 2019 168 61 incertus
1175 2019 140 61 iacet,

464 2059 160 67 quamquam
583 2059 80 67 in
623 2059 133 67 patria
717 2059 106 67 erit
783 2059 120 67 nobis
863 2059 120 67 satis
943 2059 200 67 perspectus:
1103 2059 146 67 intexea
1196 2059 93 67 tamen

466 2100 103 59 ipsi
530 2100 128 59 angeli
620 2100 77 59 se
659 2100 90 59 per
710 2100 103 59 suam
774 2100 154 59 natuvram
890 2100 193 59 cognoscunt:
1044 2100 103 59 alia
1108 2100 103 59 vero
1172 2100 64 59 a
1198 2100 77 59 se
1224 2100 64 59 nec

467 2135 88 61 per
517 2135 113 61 suam,
592 2135 88 61 nec
642 2135 88 61 per
692 2135 225 61 cognolcibilium
879 2135 175 61 essentiam,
1017 2135 88 61 sed
1067 2135 88 61 per
1117 2135 138 61 species
1204 2135 75 61 sibi

457 2187 176 53 contretas
593 2187 162 53 perfecte
701 2187 162 53 agnoscunt.

549 2262 609 65 ARTICVLVS
971 2262 140 65 I

572 2340 145 94 Vtrum
669 2340 97 94 in
717 2340 177 94 Angelis
846 2340 113 94 sit
910 2340 258 94 induuduatio.

496 2456 201 61 VANTVM
637 2456 121 61 ad
697 2456 201 61 primum
838 2456 261 61 dicendum,
1039 2456 161 61 quod
1119 2456 161 61 duplex

436 2501 86 46 e
470 2501 120 46 est
539 2501 155 46 modus
642 2501 344 46 indiuiduationis.
934 2501 138 46 Vnus
1020 2501 103 46 in
1072 2501 155 46 rebus
1158 2501 120 46 mate-

422 2544 188 44 rialibus
564 2544 141 44 Alius
658 2544 94 44 in
705 2544 141 44 rebus
799 2544 298 44 immaterialibus.
1050 2544 126 44 Ideo
1129 2544 141 44 primo
1207 2544 79 44 vi-

427 2586 163 40 dendum
541 2586 114 40 est
606 2586 98 40 de
655 2586 163 40 primo,
769 2586 179 40 secundo
899 2586 98 40 de
931 2586 163 40 secundo.

461 2612 146 53 Circa
558 2612 163 53 primum
672 2612 114 53 est
737 2612 244 53 aduertedum,
932 2612 130 53 quod
1014 2612 228 53 appellando
1176 2612 114 53 prin-

422 2653 154 56 cipium
529 2653 293 56 indiuiduationis
776 2653 154 56 illud,
884 2653 108 56 quo
945 2653 231 56 radicaliter
1115 2653 169 56 contingit

438 2691 122 58 lura
514 2691 122 58 solo
590 2691 153 58 numero
697 2691 229 58 differentia
880 2691 122 58 esse
957 2691 92 58 in
1002 2691 137 58 eadem
1094 2691 153 58 specie
1185 2691 92 58 modo

419 2735 183 55 naturali,
559 2735 98 55 sic
616 2735 183 55 quantitas
756 2735 98 55 est
812 2735 197 55 principium
967 2735 197 55 originale,
1121 2735 112 55 siue
1178 2735 98 55 radi-

425 2768 118 57 cale
499 2768 147 57 ipsius
602 2768 294 57 indiuiduationis,
852 2768 118 57 quia
925 2768 103 57 pro
984 2768 132 57 tanto
1057 2768 221 57 plurificantur

429 2808 154 50 aliqua
536 2808 92 50 in
583 2808 139 50 eadem
675 2808 169 50 specle,
798 2808 123 50 quia
875 2808 154 50 diuisa
983 2808 108 50 est
1044 2808 139 50 eorum
1121 2808 154 50 materia;

421 2845 117 55 sed
488 2845 201 55 secundum
639 2845 167 55 modum,
756 2845 134 55 quem
839 2845 201 55 videmus,
990 2845 184 55 materia
1124 2845 117 55 non
1174 2845 100 55 diui

423 2896 147 48 ditur,
526 2896 117 48 nisi
599 2896 161 48 extensa
717 2896 103 48 per
775 2896 235 48 quantitatem:
966 2896 117 48 ergo
1039 2896 103 48 non
1098 2896 161 48 possunt
1201 2896 73 48 na-

425 2935 202 41 turaliter
581 2935 125 41 esse
659 2935 109 41 per
721 2935 249 41 quantitatem:
924 2935 265 41 Supernaturali
1142 2935 140 41 tamen
1220 2935 62 41 mo

429 2964 92 58 do
475 2964 199 58 distincta
628 2964 199 58 indiuidua
782 2964 215 58 materialia
950 2964 107 58 per
1012 2964 169 58 diuinam
1119 2964 169 58 potentiam

444 3006 148 50 ossunt
548 3006 133 50 fieri
637 3006 89 50 in
681 3006 133 50 eadem
770 3006 148 50 spetie
874 3006 119 50 sine
948 3006 119 50 omni
1022 3006 222 50 quantitate,
1185 3006 89 50 quia

432 3051 165 51 quaecum
552 3051 105 51 que
612 3051 150 51 potest
717 3051 120 51 Deus
792 3051 180 51 separata
928 3051 75 51 a
958 3051 210 51 quantitate
1108 3051 165 51 distincta

432 3080 211 50 conseruare,
601 3080 113 50 illa
671 3080 141 50 potest
770 3080 113 50 Deus
840 3080 113 50 sine
911 3080 197 50 quantitate
1066 3080 183 50 dictincte
1192 3080 85 50 crea

429 3124 107 67 re,
490 3124 107 67 sed
551 3124 123 67 Deus
628 3124 153 67 potest
736 3124 199 67 annullata
889 3124 215 67 quantitate
1058 3124 153 67 duorum
1150 3124 138 67 lapidum

1310 286 147 64 formas
1413 286 132 64 eotum
1501 286 88 64 in
1546 286 118 64 suis
1619 286 176 64 materiis
1752 286 221 64 conseruare:
1928 286 147 64 igitur
2031 286 118 64 sine
2090 286 88 64 quan

1321 345 145 49 titate
1423 345 160 49 poterit
1540 345 189 49 supposita
1685 345 189 49 indiuidua
1830 345 160 49 illorum
1947 345 160 49 lapidum
2063 345 87 49 ex
2092 345 73 49 sua

1310 386 162 49 materia
1428 386 74 49 &
1458 386 133 49 forma
1546 386 206 49 constituta
1708 386 191 49 distincte
1840 386 133 49 creare.

1346 429 132 40 Forte
1434 429 176 40 dicetur,
1566 429 117 40 quod
1639 429 117 40 ista
1713 429 190 40 indiuidua
1859 429 103 40 non
1918 429 146 40 essent
2006 429 190 40 distincta,i

1318 460 110 55 quia
1387 460 110 55 illa
1455 460 96 55 non
1510 460 151 55 possunt
1620 460 110 55 esse
1689 460 192 55 distincta,
1840 460 110 55 quae
1908 460 137 55 nullam
2004 460 151 55 penitus
2100 460 69 55 ha-

1317 498 117 46 bent
1391 498 308 46 dissimilitudinem,
1655 498 103 46 sed
1714 498 117 46 isti
1787 498 103 46 duo
1846 498 162 46 lapides
1963 498 147 46 essent
2052 498 117 46 huius-

1313 538 129 54 modi,
1399 538 114 54 quia
1470 538 100 54 nec
1527 538 86 54 ex
1570 538 129 54 parte
1656 538 186 54 materiae,
1799 538 100 54 nec
1856 538 86 54 ex
1899 538 129 54 parte
1985 538 157 54 formae,
2085 538 86 54 pos-

1305 578 104 53 set
1365 578 193 53 aliqualis
1513 578 208 53 similitudo
1677 578 179 53 concerni
1811 578 134 53 inter
1900 578 119 53 eos,
1975 578 74 53 &
2004 578 104 53 per
2049 578 119 53 conse-

1308 620 132 46 quens
1396 620 132 46 erunt
1484 620 161 46 penitus
1601 620 132 46 idem,
1688 620 117 46 quia
1761 620 102 46 vbi
1820 620 132 46 nulla
1908 620 102 46 est
1951 620 205 46 dissimilitu-

1307 659 110 45 do,
1370 659 110 45 ibi
1433 659 221 45 necessario
1607 659 110 45 est
1670 659 221 45 identitas.

1344 694 223 47 Respondeo,
1519 694 127 47 quod
1599 694 111 47 cum
1663 694 159 47 simile
1774 694 80 47 &
1806 694 207 47 dissimile
1965 694 111 47 non
2013 694 159 47 dicantur

1307 733 190 52 secundum
1450 733 254 52 quantitatem,
1656 733 111 52 sed
1719 733 158 52 potius
1830 733 190 52 secundum
1957 733 206 52 qualitatem,

1309 777 89 49 vt
1354 777 134 49 patet
1443 777 89 49 in
1488 777 283 49 praedicamentis,
1726 777 149 49 igitur
1830 777 193 49 annullata
1979 777 119 49 omni
2038 777 134 49 quanti-

1314 810 141 47 tate,
1408 810 141 47 adhuc
1502 810 110 47 per
1565 810 188 47 diuersas
1706 810 219 47 qualitates
1878 810 188 47 materiam
2003 810 172 47 disponen-

1313 849 92 53 do
1359 849 122 53 Deus
1435 849 153 53 posset
1542 849 153 53 multas
1648 849 259 53 dispositiones
1862 849 153 53 creare
1969 849 92 53 in
1999 849 168 53 huiusmodi

1298 895 183 52 indiuiduis,

1328 929 112 52 Sed
1392 929 144 52 vtrum
1488 929 272 52 circumscripta
1712 929 128 52 omni
1793 929 240 52 accidentali
1969 929 192 52 disposito-

1305 978 89 37 ne
1350 978 134 37 adhuc
1439 978 119 37 Deus
1513 978 148 37 possit
1617 978 134 37 talia
1706 978 193 37 indiuidua
1854 978 193 37 distincta
2003 978 163 37 creare,
2107 978 59 37 ac

1309 1011 188 47 distincte
1453 1011 145 47 creata
1540 1011 174 47 conseruare

1354 1045 157 49 Quamuis
1468 1045 114 49 haec
1539 1045 242 49 difficilioris
1738 1045 242 49 speculationis
1937 1045 114 49 sit:
2008 1045 128 49 tamen
2080 1045 85 49 sal-

1318 1086 88 50 so
1362 1086 146 50 semper
1465 1086 161 50 meliori
1582 1086 161 50 iudicio
1699 1086 88 50 ad
1743 1086 161 50 presens
1860 1086 146 50 teneo,
1963 1086 117 50 quod
2036 1086 103 50 sic
2080 1086 88 50 quia

1309 1127 112 47 Deus
1379 1127 140 47 potest
1477 1127 126 47 illa,
1561 1127 112 47 quae
1631 1127 112 47 sunt
1701 1127 140 47 priora
1798 1127 140 47 ordine
1896 1127 210 47 essentiali,
2050 1127 112 47 serua-

1312 1166 85 47 re
1354 1166 113 47 sine
1425 1166 113 47 suis
1495 1166 254 47 posterioribus:
1707 1166 99 47 sed
1763 1166 141 47 natura
1862 1166 169 47 materiae
1989 1166 71 47 &
2017 1166 141 47 natura
2102 1166 71 47 for

1309 1205 107 44 mae
1370 1205 261 44 substantialis
1585 1205 123 44 sunt
1662 1205 153 44 priora
1769 1205 153 44 ordine
1876 1205 215 44 essentiali
2030 1205 138 44 omnibus

1314 1243 240 44 accidentibus
1509 1243 255 44 corporalibus,
1719 1243 120 44 quia
1793 1243 90 44 vt
1838 1243 165 44 dicitur
1958 1243 135 44 primo
2033 1243 135 44 physico

1310 1283 129 47 rum,
1391 1283 177 47 materia
1520 1283 113 47 cum
1584 1283 145 47 forma
1681 1283 113 47 est
1746 1283 145 47 causa
1842 1283 161 47 omnium
1939 1283 226 47 accidentium,

1324 1328 108 49 quae
1392 1328 122 49 fiunt
1473 1328 81 49 in
1514 1328 95 49 ea:
1568 1328 122 49 sicut
1649 1328 135 49 igitur
1743 1328 162 49 materia,
1865 1328 68 49 &
1892 1328 135 49 forma,
1986 1328 108 49 quae
2054 1328 108 49 sunt
2108 1328 54 49 na

1309 1362 188 50 turaliter
1453 1362 145 50 priora
1554 1362 159 50 omnibus
1670 1362 246 50 accidentibus,
1873 1362 116 50 quae
1945 1362 130 50 fiunt
2032 1362 87 50 in
2075 1362 116 50 eis,

1308 1406 106 49 sic
1368 1406 121 49 duae
1444 1406 167 49 naturae
1565 1406 151 49 duorum
1671 1406 167 49 lapidum
1792 1406 121 49 sunt
1868 1406 227 49 naturaliter
2035 1406 136 49 priores

1320 1439 167 51 vmnibus
1441 1439 242 51 accidentibus
1638 1439 182 51 fundatis
1774 1439 91 51 in
1820 1439 121 51 eis,
1895 1439 121 51 quia
1971 1439 91 51 in
2001 1439 167 51 coiunctio

1325 1479 86 50 se
1368 1479 144 50 formae
1468 1479 259 50 substantialis,
1684 1479 101 50 cum
1742 1479 158 50 materia
1857 1479 216 50 naturaliter
2030 1479 129 50 prius
2101 1479 58 50 re

1315 1520 146 44 sultet
1417 1520 146 44 natura
1519 1520 262 44 substantialis,
1737 1520 116 44 quam
1810 1520 146 44 aliqua
1912 1520 233 44 accidentalis
2087 1520 87 44 natu

1310 1561 85 43 ra
1352 1561 170 43 causetur
1480 1561 85 43 in
1523 1561 114 43 tali
1594 1561 142 43 subste
1693 1561 142 43 ntiali
1793 1561 156 43 natura:
1906 1561 142 43 igitur
2006 1561 114 43 Deus
2063 1561 99 43 tales

1314 1598 116 47 duas
1386 1598 232 47 lapideitates
1574 1598 217 47 simpliciter
1748 1598 217 47 constitutas
1922 1598 87 47 ex
1965 1598 116 47 suis
2023 1598 145 47 partibus

1304 1639 275 44 essentialibus
1530 1639 97 44 in
1579 1639 129 44 esse
1660 1639 307 44 incommunicabili
1918 1639 162 44 potest
2015 1639 162 44 conser-

1306 1682 149 47 uare,
1406 1682 182 47 omnibus
1538 1682 264 47 accidentibus
1752 1682 165 47 maxime
1868 1682 215 47 absolutis
2016 1682 149 47 penitus

1312 1713 139 53 circum
1395 1713 153 53 scriptis.

1346 1751 115 46 Sed
1411 1751 164 46 contra
1526 1751 164 46 primam
1640 1751 262 46 conclusionem
1853 1751 164 46 aliqui
1968 1751 180 46 arguunt
2082 1751 82 46 di-

1311 1791 144 55 recte,
1412 1791 144 55 aliqui
1513 1791 188 55 indirecte
1657 1791 159 55 Directe
1758 1791 72 55 sic

1327 1830 71 52 1
1355 1830 142 52 Illud,
1454 1830 113 52 quod
1525 1830 142 52 alicui
1624 1830 99 52 non
1681 1830 99 52 est
1738 1830 128 52 causa
1823 1830 113 52 suae
1894 1830 198 52 entitatis,
2050 1830 99 52 hoc
2092 1830 71 52 non

1308 1873 98 44 est
1364 1873 126 44 causa
1448 1873 112 44 suae
1518 1873 182 44 vnitatis,
1659 1873 70 44 &
1687 1873 98 44 per
1743 1873 196 44 consequens
1897 1873 98 44 non
1953 1873 98 44 est
2010 1873 126 44 causa
2080 1873 84 44 suae

1308 1913 288 42 indiuiduationis:
1552 1913 187 42 quantitas
1696 1913 101 42 non
1753 1913 101 42 est
1811 1913 144 42 alicui
1912 1913 187 42 supposito
2041 1913 115 42 praedi

1318 1961 151 46 tamenti
1428 1961 207 46 substantiae
1594 1961 124 46 causa
1676 1961 165 46 essendi,
1800 1961 96 46 seu
1855 1961 193 46 entitatis:
2007 1961 138 46 igitur
2089 1961 69 46 non

1324 1990 100 42 rit
1381 1990 129 42 causa
1467 1990 272 42 indiuiduationis
1696 1990 129 42 suae.
1782 1990 129 42 Minor
1867 1990 129 42 patet
1953 1990 86 42 de
1996 1990 157 42 seipsa;
2096 1990 72 42 Pro

1307 2032 142 48 batur
1402 2032 158 48 maior,
1513 2032 126 48 quia
1592 2032 190 48 secundum
1734 2032 237 48 philosophum
1924 2032 95 48 8.
1971 2032 126 48 met.
2035 2032 126 48 Simile

1312 2068 97 47 est
1368 2068 180 47 quaerere,
1506 2068 111 47 quae
1576 2068 97 47 sit
1631 2068 125 47 causa
1715 2068 125 47 vnius
1798 2068 69 47 &
1826 2068 111 47 quae
1895 2068 97 47 sit
1951 2068 125 47 causa
2020 2068 139 47 essendi.

1328 2111 71 49 2
1356 2111 200 49 Praeterea,
1513 2111 185 49 posterius
1656 2111 100 49 non
1713 2111 143 49 potest
1813 2111 114 49 esse
1884 2111 128 49 causa
1969 2111 171 49 prioris:
2098 2111 100 49 sed

1311 2146 214 45 indiuiduum
1479 2146 230 45 quantitatis
1663 2146 107 45 est
1724 2146 199 45 posterius
1877 2146 199 45 indiuiduo
2015 2146 153 45 substan-

1312 2186 133 50 tiae:
1401 2186 118 50 ergo
1475 2186 207 50 indiuiduum
1637 2186 221 50 quantitatis
1814 2186 103 50 non
1873 2186 148 50 potest
1976 2186 118 50 esse
2035 2186 133 50 princi-

1315 2229 120 49 pium
1390 2229 195 49 indiuidui
1540 2229 240 49 substantiae.
1735 2229 135 49 Maior
1824 2229 150 49 patet.
1929 2229 135 49 Minor
2004 2229 165 49 probatur;

1316 2274 112 43 quia
1386 2274 126 43 sicut
1470 2274 211 43 substantia,
1639 2274 84 43 vt
1681 2274 98 43 est
1737 2274 126 43 genus
1821 2274 239 43 praedicabile,
2018 2274 98 43 est
2060 2274 112 43 essen-

1318 2305 162 45 tialiter
1440 2305 122 45 prior
1521 2305 203 45 quantitate:
1684 2305 108 45 sic,
1752 2305 81 45 vt
1792 2305 95 45 est
1846 2305 122 45 genus
1927 2305 217 45 subiicibile,
2090 2305 81 45 puta

1296 2342 217 51 indiuiduum
1467 2342 248 51 substantiae,
1669 2342 233 51 naturaliter
1855 2342 109 51 est
1917 2342 140 51 prior
1994 2342 171 51 indiuiduo

1299 2380 195 53 quantitatis

1390 2421 209 51 Praeterea,
1554 2421 149 51 lllud,
1659 2421 105 51 quo
1719 2421 164 51 remoto,
1838 2421 105 51 non
1898 2421 134 51 minus
1988 2421 105 51 res
2047 2421 105 51 fit
2092 2421 75 51 in-

1313 2438 180 65 diuidua,
1448 2438 105 65 hoc
1508 2438 105 65 non
1569 2438 105 65 est
1629 2438 211 65 principium
1794 2438 301 65 indiuiduationis:
2050 2438 105 65 sed
2095 2438 75 65 re-

1305 2503 125 41 mota
1383 2503 233 41 quantitate,
1570 2503 125 41 puta
1648 2503 93 41 si
1695 2503 140 41 forma
1788 2503 265 41 substantialis
2006 2503 109 41 non
2052 2503 125 41 median

1319 2541 89 47 te
1364 2541 209 47 quantitate
1528 2541 223 47 reciperetur
1706 2541 89 47 in
1751 2541 179 47 materia,
1885 2541 104 47 non
1945 2541 149 47 minus,
2049 2541 104 47 sed
2094 2541 74 47 ma-

1326 2579 106 41 tis
1386 2579 241 41 constituitur
1582 2579 226 41 indiuiduum:
1764 2579 121 41 quia
1839 2579 196 41 quantitas
1990 2579 106 41 non
2050 2579 106 41 est
2096 2579 75 41 me-

1325 2618 110 46 lium
1394 2618 96 46 per
1449 2618 96 46 se,
1504 2618 69 46 &
1532 2618 83 46 in
1573 2618 165 46 perfici:
1697 2618 96 46 sed
1753 2618 124 46 solum
1835 2618 96 46 per
1890 2618 165 46 accidens
2014 2618 69 46 &
2042 2618 83 46 in
2070 2618 96 46 fieri

1330 2663 75 49 4
1360 2663 210 49 Praeterea,
1525 2663 90 49 si
1570 2663 195 49 quantitas
1720 2663 135 49 esset
1809 2663 210 49 principium
1959 2663 210 49 indiuiduatio

1317 2697 120 49 nis,
1392 2697 120 49 tunc
1467 2697 211 49 indiuiduum
1633 2697 256 49 praedicamenti
1843 2697 226 49 substantiae
2024 2697 135 49 esset
2099 2697 75 49 ens

1332 2739 92 42 er
1378 2739 198 42 accidens,
1530 2739 76 42 &
1561 2739 107 42 per
1622 2739 214 42 consequens
1790 2739 107 42 non
1851 2739 137 42 esset
1942 2739 92 42 in
1973 2739 198 42 praedicamen

1315 2776 99 40 to,
1372 2776 99 40 sed
1428 2776 85 40 in
1471 2776 270 40 praedicamentis;
1698 2776 113 40 quae
1769 2776 128 40 omnia
1854 2776 113 40 sunt
1925 2776 142 40 falsa.
2010 2776 156 40 consequen

1318 2813 100 46 tia
1375 2813 143 46 patet,
1475 2813 115 46 quia
1547 2813 186 46 quantitas
1691 2813 100 46 cum
1748 2813 201 46 substantia
1906 2813 100 46 non
1963 2813 143 46 potest
2049 2813 115 46 facero

1327 2852 104 49 num
1387 2852 104 49 per
1446 2852 104 49 se,
1505 2852 104 49 sed
1565 2852 134 49 solum
1654 2852 104 49 per
1713 2852 193 49 accidens:
1847 2852 104 49 ergo.

1338 2886 108 56 Sed
1399 2886 155 56 quauis
1508 2886 124 56 ista
1585 2886 155 56 aliquo
1694 2886 124 56 modo
1771 2886 217 56 concludant
1941 2886 155 56 contra
2034 2886 124 56 illos,

1325 2932 92 46 ui
1371 2932 183 46 absolute
1508 2932 153 46 dicunt
1615 2932 229 46 quantitatem
1798 2932 122 46 esse
1874 2932 214 46 principium
2027 2932 137 46 indiui-

1318 2971 201 39 duationis:
1476 2971 129 39 tamen
1562 2971 101 39 non
1619 2971 115 39 sunt
1691 2971 144 39 contra
1792 2971 101 39 me,
1849 2971 115 39 quia
1921 2971 129 39 dixi,
2007 2971 115 39 quod
2064 2971 101 39 quan-

1319 3005 129 53 itas
1399 3005 113 53 est
1464 3005 225 53 principium
1640 3005 322 53 indiuiduationis,
1914 3005 113 53 non
1962 3005 209 53 quomodocum-

1323 3053 106 41 ue:
1383 3053 106 41 sed
1444 3053 136 41 prout
1534 3053 136 41 illud
1625 3053 211 41 appellatur
1791 3053 211 41 principium
1942 3053 226 41 indiuiduatio-

1314 3087 124 45 nis,
1391 3087 108 45 per
1453 3087 124 45 quod
1530 3087 247 45 originaliter
1731 3087 232 45 reperiuntur
1917 3087 139 45 plura
1994 3087 170 45 indiuidua

1313 3133 213 50 materialia
1480 3133 91 50 in
1525 3133 137 50 eadem
1616 3133 167 50 specie:
1738 3133 76 50 &
1768 3133 121 50 ideo
1844 3133 137 50 multi
1935 3133 106 50 non
1996 3133 121 50 bene
2057 3133 106 50 intel
