2437 3574
245 293 163 85 ligunt
359 293 179 85 fratrem
489 293 212 85 AEgidium:
652 293 114 85 cum
718 293 130 85 hanc
799 293 212 85 opinionem
946 293 163 85 absolute

243 372 146 40 dicant
346 372 117 40 esse
419 372 132 40 suam:
507 372 117 40 quia
580 372 88 40 ut
624 372 176 40 apparet.
756 372 88 40 2.
800 372 102 40 suo
858 372 190 40 quolibet:
1005 372 102 40 vbi
1048 372 59 40 do

236 402 118 53 ista
310 402 163 53 materia
429 402 192 53 loquitur,
576 402 118 53 ipse
650 402 133 53 ponit
739 402 222 53 quantitatem
917 402 118 53 esse
976 402 133 53 princi-

253 446 137 55 tium
338 446 325 55 indiuiduationis
612 446 120 55 cum
680 446 239 55 moderamine
868 446 256 55 supradicto,
1056 446 51 55 &

241 496 132 45 istud
329 496 191 45 euidenter
476 496 161 45 apparet
593 496 88 45 in
637 496 161 45 scripto
754 496 103 45 suo
813 496 132 45 super
901 496 88 45 2.
930 496 176 45 sententia-

235 524 123 52 rum,
312 524 108 52 vbi
373 524 185 52 expresse
512 524 139 52 ponit
604 524 185 52 materiam
743 524 123 52 esse
820 524 216 52 principium
974 524 139 52 indiui-

242 562 216 50 duationis,
412 562 77 50 &
442 562 139 50 dicit
535 562 139 50 illam
628 562 201 50 opinionem
782 562 124 50 esse
844 562 263 50 insufficientem,

248 610 122 54 quae
324 610 137 54 ponit
415 610 198 54 absolute,
567 610 122 54 quod
643 610 198 54 quantitas
796 610 107 54 sit
856 610 213 54 principium
1009 610 107 54 indi

229 639 232 48 uiduationis

282 682 115 47 Sed
347 682 164 47 quidam
462 682 164 47 illius
576 682 213 47 opinionis
740 682 98 47 de
789 682 229 47 quantitate
953 682 164 47 conantur

238 719 104 52 eam
298 719 163 52 probare
416 719 119 52 sic,
491 719 134 52 lllud
580 719 134 52 debet
669 719 178 52 attribui
803 719 208 52 quantitati
952 719 163 52 aosolute,

233 765 127 44 quod
313 765 127 44 sibi
392 765 127 44 soli
472 765 191 44 secundum
615 765 95 44 se
663 765 191 44 conuenit
806 765 207 44 separatim
965 765 143 44 etiam
1044 765 64 44 ab

233 807 129 47 omni
314 807 242 47 substantia:
507 807 113 47 sed
572 807 129 47 esse
653 807 226 47 indiuiduum
830 807 113 47 est
878 807 178 47 huiusmodi

251 841 229 53 Respondeo,
431 841 131 53 quod
512 841 131 53 haec
594 841 147 53 ratio
692 841 180 53 seipsam
823 841 180 53 videtur
937 841 164 53 impedire

238 870 126 56 quia
317 870 126 56 esse
396 870 237 56 indiuiduum,
585 870 79 56 &
617 870 126 56 esse
696 870 221 56 principium
869 870 205 56 indiuidui
1011 870 95 56 suni

245 926 193 46 oppositae
394 926 238 46 conditiones,
587 926 119 46 puta
661 926 223 46 conditiones
840 926 193 46 principij
988 926 74 46 &
1003 926 104 46 prin-

240 962 172 36 cipiati:
369 962 129 36 sicut
455 962 143 36 igitur
555 962 143 36 gratia
655 962 143 36 formae
756 962 100 36 non
813 962 129 36 esset
899 962 115 36 bona
957 962 143 36 consequi

238 994 116 45 tia,
311 994 87 45 si
355 994 174 45 dicetur,
485 994 189 45 quantitas
630 994 102 45 est
688 994 247 45 principiatum,
891 994 116 45 ergo
949 994 160 45 quantitas

229 1043 100 41 est
286 1043 229 41 principium,;
472 1043 100 41 sic
529 1043 100 41 non
586 1043 100 41 est
643 1043 114 41 bona
714 1043 229 41 consequentia
900 1043 143 41 gratia
986 1043 114 41 formae

239 1075 196 47 quantitas
390 1075 91 47 de
435 1075 91 47 se
481 1075 106 47 est
541 1075 196 47 indiuidua
692 1075 181 47 separata
828 1075 91 47 ab
873 1075 121 47 omni
934 1075 181 47 substantia

222 1112 157 46 ergo
321 1112 137 46 est
399 1112 275 46 principium
595 1112 334 46 indiuiduationis

261 1153 134 45 Item
345 1153 117 45 non
412 1153 151 45 minus
512 1153 167 45 posset
630 1153 201 45 probari,
780 1153 134 45 quod
864 1153 234 45 substantia
1031 1153 84 45 sit

234 1194 218 49 principium
406 1194 312 49 indiuiduationis:
671 1194 125 49 quia
749 1194 218 49 substantia
920 1194 187 49 separata
1045 1194 62 49 ab

228 1235 133 50 omni
311 1235 232 50 quantitate
494 1235 99 50 de
543 1235 99 50 se
593 1235 116 50 est
659 1235 232 50 indiuidua;
842 1235 232 50 substantia
1008 1235 99 50 enim

235 1270 113 39 Dei
300 1270 97 39 de
348 1270 97 39 se
397 1270 113 39 est
462 1270 227 39 indiuidua,
640 1270 81 39 &
672 1270 227 39 substantia
851 1270 243 39 cuiuscunque
1029 1270 81 39 in

191 1307 387 53 telligentiae.

278 1349 124 49 Item
356 1349 140 49 sicut
449 1349 202 49 quantitas
605 1349 93 49 in
651 1349 218 49 sacramento
822 1349 171 49 altaris
931 1349 171 49 separataa

232 1379 190 51 substantia
382 1379 122 51 panis
463 1379 81 51 de
504 1379 81 51 se
545 1379 95 51 est
599 1379 190 51 indiuidua,
748 1379 95 51 sic
803 1379 81 51 si
843 1379 109 51 Deus
911 1379 204 51 substantiam
1061 1379 54 51 pa

230 1430 109 44 nis
293 1430 248 44 conseruaret,
494 1430 78 44 &
525 1430 233 44 quantitatem
711 1430 248 44 conuerteret,
913 1430 109 44 seu
959 1430 140 44 annihi-

243 1470 145 44 areti,
345 1470 116 44 tunc
418 1470 204 44 substantia
578 1470 131 44 panis
665 1470 87 44 de
709 1470 87 44 se
752 1470 131 44 esset
840 1470 189 44 indiuidua
971 1470 145 44 separata

240 1511 81 46 a
256 1511 211 46 quantitate.

277 1547 93 42 Si
323 1547 139 42 tamen
416 1547 201 42 praedicta
570 1547 139 42 ratio
663 1547 217 42 formaretur
834 1547 139 42 modo,
926 1547 108 42 quo
988 1547 93 42 ea
1019 1547 93 42 vti-

236 1583 103 45 tur
295 1583 147 45 doctor
398 1583 161 45 noster,
515 1583 117 45 tunc
588 1583 103 45 non
647 1583 132 45 esset
735 1583 147 45 contra
838 1583 205 45 praedictam
985 1583 117 45 conclu

224 1624 166 45 sionem,
345 1624 106 45 sed
405 1624 136 45 magis
496 1624 242 45 obsequeretur
693 1624 106 45 ei,
753 1624 121 45 puta
829 1624 136 45 sicut
920 1624 151 45 illud,
1010 1624 91 45 quod

233 1666 193 41 conuenit
378 1666 161 41 alicui
491 1666 193 41 secundum
636 1666 113 41 se,
700 1666 129 41 siue
781 1666 193 41 secundum
926 1666 129 41 quod
990 1666 113 41 ipsum

239 1705 135 41 illud
329 1705 180 41 conuenit
464 1705 120 41 sibi
539 1705 135 41 primo
629 1705 75 41 &
659 1705 165 41 omnibus
779 1705 135 41 alijs
869 1705 105 41 per
929 1705 150 41 ipsum:
1034 1705 105 41 sed

239 1744 149 44 habere
343 1744 149 44 partes
447 1744 163 44 eiusdem
566 1744 193 44 rationis,
715 1744 119 44 siue
789 1744 149 44 habere
893 1744 134 44 plura
967 1744 134 44 indiui-

244 1782 110 43 lua
307 1782 94 43 in
354 1782 142 43 eadem
449 1782 157 43 specie
559 1782 220 43 existentia
732 1782 110 43 hoc
795 1782 189 43 conuenit
921 1782 189 43 quantitati

237 1823 164 50 secudum
357 1823 105 50 se:
416 1823 149 50 igitur
521 1823 164 50 omnibus
640 1823 134 50 alijs
730 1823 134 50 rebus
819 1823 254 50 materialibus,
1013 1823 90 50 quae

238 1863 218 47 naturaliter
413 1863 247 47 plurificantur
616 1863 87 47 in
659 1863 131 47 eadem
746 1863 160 47 specie,
862 1863 102 47 hoc
906 1863 203 47 originaliter

243 1900 188 51 conuenit
384 1900 78 51 a
400 1900 203 51 quantitate.

262 1940 215 51 Tlhetiam,
428 1940 116 51 qui
494 1940 165 51 tenent
609 1940 149 51 illam
709 1940 215 51 opinionem
874 1940 99 51 de
907 1940 198 51 quantitate

249 1983 88 39 id
293 1983 176 39 rationes
425 1983 220 39 praedictas,
602 1983 88 39 in
646 1983 191 39 oppositum
792 1983 161 39 possent
895 1983 191 39 respondere.

277 2022 94 43 Ad
324 2022 157 43 primum
434 2022 204 43 dicerent,
591 2022 125 43 quod
669 2022 235 43 philosophus
857 2022 188 43 loquitur
998 2022 110 43 ibi
1045 2022 63 43 de

241 2057 125 44 vno,
320 2057 125 44 quod
398 2057 235 44 conuertitur
586 2057 110 44 cum
649 2057 141 44 ente,
743 2057 110 44 non
806 2057 141 44 autem
900 2057 94 44 de
947 2057 125 44 vno,
1010 2057 94 44 quod

235 2098 108 46 est
296 2098 216 46 principium
466 2098 170 46 numeri,
589 2098 92 46 de
635 2098 108 46 quo
697 2098 139 46 forte
789 2098 123 46 ipsi
866 2098 216 46 loquuntur;
1021 2098 92 46 quia

230 2136 229 43 indiuiduum
410 2136 180 43 dicitur
540 2136 131 43 vnum
622 2136 180 43 numero,
753 2136 82 43 &
786 2136 131 43 tale
868 2136 131 43 vnum
949 2136 147 43 ortum
1031 2136 82 43 ha-

234 2175 106 45 bet
294 2175 75 45 a
324 2175 211 45 quantitate
490 2175 196 45 continua,
641 2175 121 45 quia
717 2175 91 45 ex
762 2175 196 45 decisione
913 2175 181 45 continui
1034 2175 75 45 cau

230 2216 138 43 satur
321 2216 183 43 numerus,
459 2216 92 43 vt
505 2216 138 43 patet
597 2216 92 43 3.
627 2216 199 43 physicorum.

256 2256 99 40 Ad
305 2256 198 40 secundum
453 2256 214 40 dicerent,
618 2256 132 40 quod
700 2256 214 40 quantitas
865 2256 115 40 non
931 2256 115 40 est
980 2256 132 40 poste-

239 2296 122 41 rior
315 2296 228 41 substantia,
497 2296 122 41 quia
574 2296 167 41 numquam
695 2296 198 41 separatur
847 2296 76 41 a
878 2296 183 41 materia,
1015 2296 76 41 &
1030 2296 76 41 ne-

243 2333 173 50 cessario
372 2333 187 50 praecedit
516 2333 144 50 formam
617 2333 245 50 substantialem
818 2333 86 50 in
861 2333 173 50 materia,
991 2333 86 50 vt
1020 2333 86 50 pro-

235 2370 116 45 bat
302 2370 249 45 Commentator
501 2370 100 45 in
551 2370 100 45 de
601 2370 233 45 substantia
767 2370 133 45 orbis.

289 2408 94 51 Ad
336 2408 172 51 tertium
461 2408 203 51 dicerent,
618 2408 125 51 quod
696 2408 109 51 non
758 2408 109 51 est
821 2408 235 51 impossibile
993 2408 125 51 formam

249 2449 254 44 substantialem
458 2449 149 44 recipi
563 2449 90 44 in
608 2449 164 44 materia
727 2449 120 44 sine
787 2449 194 44 quantitate.

280 2491 101 44 Ad
331 2491 185 44 quartum
465 2491 168 44 aliqui
583 2491 151 44 eorum
684 2491 219 44 dicerent,
852 2491 135 44 quod
919 2491 202 44 indiuiduum

237 2528 222 49 substantiae
415 2528 103 49 non
474 2528 103 49 est
533 2528 103 49 per
592 2528 89 49 se
636 2528 89 49 in
681 2528 266 49 praedicamento:
902 2528 118 49 quia
961 2528 148 49 includit

233 2577 91 42 in
278 2577 91 42 se
324 2577 227 42 accidentia,
505 2577 106 42 ita
565 2577 121 42 quod
641 2577 121 42 isti
716 2577 106 42 non
777 2577 211 42 reputarent
928 2577 181 42 consequens

234 2608 137 52 illud
325 2608 122 52 esse
386 2608 137 52 falsum.

236 2643 180 59 Attamen
367 2643 164 59 potest
481 2643 131 59 dici
563 2643 115 59 cum
628 2643 180 59 doctore
759 2643 164 59 nostro
874 2643 82 59 &
907 2643 180 59 melius,
1021 2643 82 59 quo

242 2686 218 46 indiuiduum
414 2686 234 46 substantiae
601 2686 109 46 non
663 2686 187 46 includit
803 2686 249 46 quantitatem,
1006 2686 109 46 sed
1053 2686 62 46 mo

245 2727 109 42 dum
308 2727 187 42 fortitum
448 2727 78 42 a
479 2727 234 42 quantitate,
666 2727 109 42 qui
729 2727 156 42 quidem
838 2727 140 42 modus
931 2727 109 42 non
994 2727 109 42 est
1041 2727 62 42 re

244 2766 191 47 differens
391 2766 74 47 a
421 2766 206 47 substantia
583 2766 206 47 indiuidui;
744 2766 103 47 nec
803 2766 103 47 est
862 2766 206 47 quantitas,
1009 2766 103 47 quam-

252 2802 103 52 uis
311 2802 118 52 esse
385 2802 103 52 non
443 2802 147 52 possit
546 2802 118 52 sine
620 2802 221 52 quantitate:
796 2802 132 52 sicut
884 2802 118 52 enim
958 2802 88 52 ad
987 2802 118 52 impres

241 2846 143 49 sionem
341 2846 158 49 sigilli
456 2846 86 49 in
499 2846 115 49 aqua
570 2846 186 49 figuratur
714 2846 129 49 aqua,
800 2846 186 49 figuratio
943 2846 129 49 tamen
1015 2846 100 49 aquae

237 2882 99 45 non
294 2882 99 45 est
350 2882 184 45 figuratio
492 2882 170 45 sigilli,
619 2882 99 45 sic
676 2882 85 45 in
719 2882 184 45 proposito
846 2882 71 45 &c.

286 2922 88 50 Et
330 2922 146 50 potest
433 2922 234 50 consimiliter
623 2922 205 50 responderi
784 2922 88 50 ad
828 2922 234 50 auctoritates
1004 2922 102 50 Doc.-

250 2955 142 57 thij,
345 2955 79 57 &
376 2955 204 57 ceterorum
533 2955 204 57 doctorum,
691 2955 126 57 quae
769 2955 189 57 videntur
911 2955 173 57 sonare,
1021 2955 94 57 quod

257 3001 205 45 ndiuiduum
415 3001 190 45 includat
557 3001 237 45 accidentia.
747 3001 142 45 Dicit
842 3001 126 45 enim
920 3001 190 45 boethius
1047 3001 63 45 in

249 3039 137 46 libro
340 3039 92 46 de
386 3039 122 46 tri.
462 3039 137 46 circa
554 3039 229 46 principium,
737 3039 122 46 quod
813 3039 92 46 in
859 3039 153 46 numero
950 3039 168 46 differen-

255 3085 113 44 tiam
325 3085 212 44 accidentium
495 3085 169 44 varietas
622 3085 141 44 facit,
720 3085 71 44 &
748 3085 155 44 subdit,
861 3085 113 44 quod
932 3085 113 44 tres
988 3085 127 44 homines

246 3117 133 46 neque
335 3117 163 46 genere,
453 3117 133 46 neque
542 3117 163 46 specle,
660 3117 103 46 sed
719 3117 118 46 suis
793 3117 236 46 accidentibus
970 3117 148 46 distant.

248 3158 97 65 Et
296 3158 146 65 Porph
394 3158 130 65 ait:
475 3158 211 65 Indiuidua
637 3158 178 65 dicimus
767 3158 227 65 huiusmodi,
946 3158 178 65 quoniam
1059 3158 65 65 ex

1160 309 266 82 roprietatibus
1379 309 203 82 consistit
1536 309 235 82 vnumquodque
1723 309 156 82 eorum,
1833 309 156 82 quarum
1927 309 78 82 col

1146 378 144 52 latio
1242 378 176 52 numquam
1370 378 96 52 in
1418 378 128 52 alio
1497 378 144 52 eadem
1577 378 96 52 est.

1192 401 88 69 Ad
1236 401 131 69 omnia
1324 401 131 69 talia
1411 401 146 69 potest
1514 401 131 69 dici,
1601 401 102 69 que
1660 401 204 69 indiuiduum
1820 401 102 69 non
1879 401 131 69 dicit
1952 401 58 69 de

1147 453 106 63 suo
1207 453 166 63 formali
1328 453 227 63 significato
1510 453 242 63 substantiam,
1707 453 76 63 &
1737 453 227 63 accidentia,
1903 453 106 63 quam-

1153 495 93 54 is
1199 495 139 54 dicat
1291 495 231 54 substantiam
1477 495 108 54 sub
1523 495 216 54 accidentibus

1161 525 167 64 Contra
1278 525 218 64 predictam
1446 525 268 64 conclusionem
1663 525 184 64 arguunt
1797 525 167 64 quidam
1898 525 117 64 etiam

1136 571 203 57 indirecte
1293 571 94 57 ex
1340 571 125 57 hoc,
1418 571 125 57 quod
1496 571 172 57 probant
1621 571 125 57 suas
1700 571 188 57 proprias
1825 571 203 57 positiones:

1141 610 127 54 sunt
1221 610 127 54 enim
1300 610 175 54 quidam,
1427 610 111 54 qui
1491 610 175 54 ponunt,
1618 610 127 54 quod
1698 610 175 54 praeter
1825 610 159 54 causam
1920 610 80 54 ex-

1149 651 190 53 trinsecam
1296 651 146 53 ipsius
1398 651 293 53 indiuiduationis,
1647 651 117 53 quae
1720 651 102 53 est
1779 651 132 53 agens
1852 651 146 53 reducens

1136 692 204 52 materiam
1289 692 102 52 de
1340 692 204 52 potentia
1492 692 102 52 ad
1543 692 153 52 actum
1645 692 187 52 vltimum
1764 692 237 52 completiuum,

1152 731 89 53 uo
1197 731 103 53 fit
1256 731 207 53 indiuiduum
1418 731 222 53 formaliter,
1595 731 103 53 est
1654 731 148 53 duplex
1758 731 177 53 negatio:
1891 731 103 53 vna
1935 731 59 53 re

1137 770 162 45 mouens
1250 770 97 45 ab
1299 770 146 45 intra
1396 770 146 45 omnem
1494 770 276 45 diuersitatem:
1721 770 130 45 alia
1802 770 195 45 remouens
1932 770 65 45 ab

1138 812 144 50 extra
1234 812 144 50 omnem
1330 812 256 50 identitatem:
1538 812 128 50 quia
1619 812 224 50 indiuiduum
1795 812 112 50 est
1859 812 96 50 in
1907 812 96 50 se
1939 812 64 50 in

1145 843 173 48 diuisum,
1274 843 72 48 &
1303 843 86 48 ab
1346 843 115 48 omni
1418 843 115 48 alio
1490 843 216 48 distinctum,
1663 843 72 48 &
1692 843 173 48 diuisum.
1821 843 130 48 lstae
1893 843 101 48 tamen

1146 886 216 47 egationes,
1315 886 93 47 vt
1361 886 170 47 dicunt,
1485 886 139 47 nihil
1577 886 108 47 rei
1639 886 154 47 addunt
1747 886 139 47 super
1824 886 185 47 essentiam,

1150 928 117 54 uam
1217 928 267 54 determinant,
1434 928 150 54 laree
1534 928 150 54 tamen
1633 928 200 54 loquendo
1783 928 183 54 possunt
1900 928 100 54 dici

1123 963 175 46 accidens

1153 984 109 72 Sed
1216 984 141 72 istud
1310 984 109 72 non
1372 984 156 72 ualet:
1481 984 125 72 quia
1560 984 156 72 nullum
1669 984 203 72 positiuum
1825 984 156 72 potest
1919 984 78 72 for

1144 1044 158 59 maliter
1259 1044 187 59 constitui
1402 1044 86 59 in
1446 1044 115 59 essc
1517 1044 173 59 completo
1647 1044 101 59 per
1704 1044 158 59 aliquod
1805 1044 187 59 priuatiuum.

1142 1077 128 55 siue
1206 1077 192 55 negatiuum.

1167 1103 116 78 Alij
1239 1103 160 78 dicunt,
1355 1103 116 78 quod
1428 1103 131 78 forma
1515 1103 102 78 rei
1573 1103 247 78 substantialis
1776 1103 102 78 est
1819 1103 174 78 principium

1111 1153 282 54 indiuiduationis.

1232 1173 115 78 quia
1304 1173 144 78 illud,
1404 1173 101 78 per
1462 1173 115 78 quod
1534 1173 101 78 res
1591 1173 129 78 habet
1678 1173 115 78 esse
1749 1173 230 78 simpliciter,
1922 1173 72 78 por

1138 1238 139 54 illud
1230 1238 139 54 habet
1323 1238 93 54 in
1370 1238 93 54 se
1416 1238 201 54 indiuisum
1571 1238 139 54 esse,
1664 1238 77 54 &
1695 1238 170 54 diuisum
1818 1238 77 54 a
1834 1238 170 54 quocumque

1141 1275 134 63 alio,
1230 1275 119 63 quod
1305 1275 104 63 est
1364 1275 119 63 esse
1438 1275 223 63 indiuiduum:
1617 1275 104 63 sed
1676 1275 104 63 per
1736 1275 149 63 formam
1825 1275 178 63 substantia

1139 1315 100 53 lem
1196 1315 100 53 res
1253 1315 129 53 habet
1340 1315 215 53 simpliciter
1512 1315 129 53 esse:
1598 1315 115 53 ergo
1655 1315 72 53 &c.

1155 1354 76 54 2
1185 1354 212 54 Praeterea,
1352 1354 212 54 indiuiduum
1519 1354 91 54 in
1564 1354 258 54 inferioribus,
1777 1354 121 54 quae
1853 1354 121 54 sunt
1913 1354 76 54 con

1135 1393 154 42 iuncta
1243 1393 200 42 materiae,
1397 1393 139 42 debet
1489 1393 139 42 fieri
1582 1393 108 42 per
1643 1393 170 42 aliquod
1751 1393 247 42 proportionatum

1135 1434 232 54 superioribus,
1326 1434 164 54 scilicet
1449 1434 68 54 a
1476 1434 150 54 materia
1586 1434 191 54 separatis:
1736 1434 96 54 sed
1790 1434 205 54 substantiae
1940 1434 55 54 se

1142 1475 160 49 paratae
1258 1475 247 49 indiuiduantur
1461 1475 102 49 per
1519 1475 116 49 suas
1591 1475 160 49 formas,
1707 1475 102 49 cum
1765 1475 102 49 eis
1823 1475 102 49 nec
1881 1475 102 49 sit
1925 1475 73 49 ma-

1137 1516 148 37 teria,
1241 1516 104 37 nec
1300 1516 178 37 accidens
1434 1516 207 37 materiale,
1596 1516 119 37 ergo
1656 1516 59 37 &c

1159 1531 75 83 3
1189 1531 209 83 Praeterea,
1353 1531 224 83 Commentator
1532 1531 90 83 2.
1577 1531 90 83 de
1622 1531 134 83 anima
1711 1531 149 83 dicit,
1816 1531 119 83 qued
1876 1531 119 83 indiui

1130 1593 130 57 duum
1211 1593 114 57 non
1276 1593 114 57 est
1341 1593 114 57 hoc
1406 1593 130 57 nisi
1487 1593 114 57 per
1552 1593 130 57 suam
1617 1593 146 57 formam.

1169 1628 115 52 Sed
1234 1628 148 52 neque
1333 1628 132 52 ista
1399 1628 214 52 concludunt.

1149 1649 74 75 1
1179 1649 119 75 Quia
1253 1649 133 75 sicut
1342 1649 89 75 se
1386 1649 133 75 habet
1475 1649 163 75 species
1594 1649 89 75 ad
1638 1649 148 75 genus,
1742 1649 104 75 sic
1801 1649 89 75 se
1846 1649 133 75 habet
1920 1649 74 75 in-

1142 1703 188 50 diuiduum
1284 1703 94 50 ad
1331 1703 188 50 speciem:
1472 1703 110 50 sed
1535 1703 173 50 formale
1661 1703 267 50 constitutiuum
1865 1703 141 50 speciei

1142 1747 151 37 nuquam
1248 1747 212 37 includitur
1414 1747 91 37 in
1460 1747 166 37 ratione
1581 1747 182 37 generis.
1717 1747 121 37 ergo
1792 1747 91 37 si
1838 1747 136 37 forma
1913 1747 91 37 sub-

1128 1785 204 52 stantialis
1289 1785 131 52 esset
1376 1785 161 52 formale
1493 1785 248 52 constitutiuum
1698 1785 204 52 indiuidui,
1858 1785 117 52 ipsa
1931 1785 102 52 non

1137 1823 238 59 includeretur
1331 1823 208 59 formaliter
1494 1823 89 59 in
1539 1823 164 59 ratione
1658 1823 179 59 speciei,
1792 1823 119 59 quod
1866 1823 104 59 est
1911 1823 89 59 sim-

1150 1863 161 51 liciter
1253 1863 132 51 falsum.

1160 1880 72 74 2
1188 1880 188 74 Preterea,
1333 1880 145 74 lllud,
1434 1880 116 74 quod
1506 1880 101 74 est
1564 1880 87 74 de
1608 1880 202 74 principali
1767 1880 217 74 significato
1926 1880 72 74 spe

1137 1943 134 57 ciei,
1226 1943 104 57 non
1286 1943 148 57 potest
1389 1943 119 57 esse
1464 1943 163 57 formale
1582 1943 252 57 constitutiuum
1790 1943 208 57 indiuidui:
1939 1943 59 57 da

1138 1982 200 55 oppositum,
1295 1982 114 55 tunc
1366 1982 114 55 idem
1438 1982 129 55 esset
1523 1982 86 55 de
1566 1982 157 55 formali
1681 1982 214 55 significato
1838 1982 157 55 vtriusque

1154 2022 109 42 uod
1217 2022 109 42 est
1279 2022 249 42 impossibile,
1481 2022 109 42 cum
1543 2022 124 42 sint
1621 2022 233 42 oppositarum
1792 2022 202 42 conditionum

1156 2059 95 48 uae
1211 2059 122 48 sunt,
1292 2059 108 48 esse
1360 2059 190 48 diuisibile
1509 2059 81 48 in
1550 2059 136 48 partes
1645 2059 217 48 subiectiuas,
1821 2059 68 48 &
1834 2059 163 48 indiuisibi

1143 2100 88 55 se
1187 2100 88 55 in
1232 2100 147 55 partes
1334 2100 235 55 subiectiuas,
1526 2100 74 55 &
1555 2100 206 55 praedicari
1717 2100 88 55 de
1761 2100 191 55 pluribus,
1908 2100 74 55 &
1922 2100 74 55 non

1146 2144 197 59 praedicari
1301 2144 84 59 de
1343 2144 183 59 pluribus:
1483 2144 98 59 sed
1539 2144 126 59 forma
1624 2144 239 59 substantialis
1820 2144 98 59 est
1877 2144 84 59 de
1905 2144 98 59 prin-

1143 2177 139 53 cipali
1241 2177 209 53 significato
1408 2177 167 53 speciei:
1533 2177 112 53 ergo
1589 2177 56 53 &c

1166 2204 76 58 3
1196 2204 213 58 Praeterea,
1363 2204 91 58 ld
1409 2204 106 58 non
1470 2204 106 58 est
1530 2204 167 58 formale
1652 2204 213 58 principium
1804 2204 197 58 constituti-

1129 2256 119 40 uum
1197 2256 239 40 indiuidui,
1385 2256 119 40 quo
1453 2256 119 40 per
1521 2256 102 40 se
1573 2256 205 40 loquendo
1726 2256 136 40 vnum
1794 2256 205 40 indiuiduum

1144 2294 182 43 conuenit
1280 2294 106 43 cum
1341 2294 121 43 alio
1416 2294 212 43 iudiuiduo,
1583 2294 121 43 quia
1658 2294 166 43 singula
1779 2294 166 43 quaeque
1885 2294 121 43 distin

1155 2336 149 52 uuntur
1259 2336 89 52 ab
1304 2336 163 52 inuicem
1423 2336 253 52 principaliter
1631 2336 119 52 suis
1705 2336 208 52 principijs
1853 2336 149 52 formali-

1145 2373 87 51 er
1188 2373 260 51 constitutiuis:
1405 2373 101 51 Sed
1463 2373 188 51 indiuidua
1607 2373 159 51 eiusdem
1723 2373 174 51 speciei,
1853 2373 130 51 sicut
1926 2373 72 51 con

1143 2423 162 45 ueniunt
1261 2423 88 45 in
1305 2423 162 45 specle,
1423 2423 103 45 sic
1482 2423 103 45 per
1541 2423 88 45 se
1585 2423 177 45 loquendo
1717 2423 206 45 conueniunt
1879 2423 88 45 in
1909 2423 88 45 for-

1141 2451 85 62 ma
1183 2451 240 62 substantiali,
1381 2451 71 62 a
1409 2451 99 62 qua
1466 2451 240 62 principaliter
1664 2451 141 62 sumpta
1763 2451 99 62 est
1819 2451 127 62 ratio
1890 2451 113 62 illius

1146 2489 172 54 peciei:
1272 2489 125 54 ergo
1334 2489 63 54 &c

1167 2516 94 67 Ad
1214 2516 157 67 primum
1324 2516 157 67 igitur
1434 2516 204 67 dicendum,
1591 2516 125 67 quod
1669 2516 94 67 si
1716 2516 172 67 accipis
1841 2516 94 67 in
1873 2516 125 67 maiori

1147 2570 170 54 diuisum
1270 2570 124 54 esse
1348 2570 77 54 a
1379 2570 186 54 quocuque
1518 2570 124 54 alio
1595 2570 108 54 tam
1657 2570 170 54 eiusdem
1781 2570 186 54 speciei,
1905 2570 93 54 quam

1144 2609 171 56 alterius
1272 2609 171 56 speciei:
1401 2609 114 56 tunc
1472 2609 129 56 maior
1558 2609 100 56 est
1615 2609 143 56 falsa:
1715 2609 129 56 forma
1801 2609 114 56 enim
1872 2609 129 56 equi,
1944 2609 57 56 vt

1146 2651 131 40 orma
1228 2651 131 40 equi
1310 2651 131 40 est,
1391 2651 115 40 non
1457 2651 229 40 distinguit
1637 2651 148 40 equum
1736 2651 98 40 ab
1785 2651 148 40 equo,
1867 2651 131 40 quamus

1139 2690 218 52 distinguat
1311 2690 140 52 equum
1404 2690 94 52 ab
1451 2690 140 52 equo,
1545 2690 94 52 vt
1592 2690 125 52 haec
1670 2690 140 52 forma
1763 2690 125 52 est:
1825 2690 172 52 huiusmodi

1137 2725 135 46 autem
1227 2725 240 46 haecceitatem
1422 2725 105 46 non
1482 2725 135 46 habet
1572 2725 180 46 praecise
1706 2725 75 46 a
1736 2725 105 46 se;
1796 2725 105 46 sed
1856 2725 135 46 ipsam
1931 2725 75 46 sor

1150 2765 129 52 titur
1236 2765 86 52 ex
1279 2765 100 52 eo,
1336 2765 115 52 quod
1407 2765 186 52 recipitur
1551 2765 86 52 in
1594 2765 100 52 hac
1651 2765 172 52 materia;
1780 2765 86 52 Et
1823 2765 115 52 ideo
1894 2765 100 52 ait
1937 2765 72 52 Con

1140 2805 193 60 mentator.
1289 2805 89 60 7.
1333 2805 119 60 met,
1407 2805 119 60 quod
1482 2805 134 60 forma
1571 2805 104 60 non
1630 2805 193 60 diuiditur
1778 2805 119 60 nisi
1853 2805 178 60 diuisio

1136 2845 97 48 ne
1168 2845 161 48 materiae

1186 2857 97 69 Ad
1234 2857 194 69 secundum
1380 2857 210 69 dicendum,
1541 2857 129 69 quod
1622 2857 113 69 cum
1687 2857 145 69 maior
1784 2857 113 69 sit
1832 2857 178 69 distantia

1136 2924 123 46 inter
1218 2924 204 46 substantias
1381 2924 191 46 separatas,
1531 2924 68 46 &
1558 2924 109 46 ista
1626 2924 191 46 inferiora,
1776 2924 109 46 quam
1844 2924 123 46 inter
1912 2924 82 46 cor-

1150 2958 122 58 pora
1226 2958 198 58 coelestia
1379 2958 76 58 &
1409 2958 214 58 inferiora:
1577 2958 76 58 &
1607 2958 137 58 tamen
1699 2958 229 58 Commentatot
1882 2958 153 58 dicit,

1160 3007 101 43 uod
1217 3007 101 43 ea,
1275 3007 116 43 quae
1348 3007 174 43 dicuntur
1478 3007 87 43 de
1521 3007 203 43 celestibus
1681 3007 72 43 &
1710 3007 246 43 inferioribus,
1898 3007 101 43 dicun

1145 3041 104 41 tur
1204 3041 207 41 aequiuoce;
1367 3041 148 41 igitur
1471 3041 104 41 non
1530 3041 207 41 requiritur
1693 3041 192 41 proportio
1841 3041 89 41 in
1871 3041 133 41 princi-

1147 3085 111 44 pio
1210 3085 300 44 indiuiduationis
1463 3085 316 44 intelligentiarum
1732 3085 79 44 &
1763 3085 190 44 corporum
1889 3085 111 44 infe-

1144 3119 168 46 riorum,
1266 3119 107 46 cum
1327 3119 199 46 totaliter
1480 3119 199 46 differant
1633 3119 153 46 genere
1740 3119 199 46 naturali,
1893 3119 76 46 &
1908 3119 107 46 solum

1153 3161 210 61 conueniant
1318 3161 90 61 in
1363 3161 150 61 genere
1469 3161 195 61 logicali.
