2458 3564
252 281 175 57 tionem,
380 281 112 57 sed
443 281 159 57 natura
555 281 175 57 bonorum
683 281 207 57 angelorum
842 281 112 57 est
906 281 128 57 bene
985 281 80 57 a
1001 281 112 57 crea-

249 323 123 51 tore
325 323 169 51 condita
448 323 77 51 &
479 323 138 51 nullo
571 323 169 51 peccato
694 323 184 51 vitiata,
832 323 123 51 ergo
909 323 92 51 in
955 323 154 51 angelo
1048 323 61 51 pe

249 359 185 51 imperium
387 359 216 51 voluntatis
557 359 139 51 nihil
650 359 154 51 ficret
758 359 154 51 contra
866 359 201 51 naturalem
1005 359 108 51 incli

254 408 192 43 nationem
398 408 144 43 suam,
494 408 80 43 &
526 408 112 43 per
590 408 224 43 consequens
767 408 176 43 angelus
895 408 144 43 primo
975 408 144 43 intelli

246 439 137 60 geret
337 439 152 60 primum
444 439 152 60 gradum
550 439 198 60 entitatis
702 439 76 60 &
733 439 259 60 perfectionis,
946 439 107 60 qui
1007 439 107 60 est
1052 439 61 60 in

240 487 193 46 vniuerso,
389 487 148 46 deinde
493 487 193 46 secundum,
641 487 74 46 &
671 487 104 46 sic
730 487 89 46 de
775 487 148 46 aliis,
878 487 134 46 vsque
968 487 89 46 ad
997 487 119 46 primam

244 521 223 61 materiam,
415 521 86 61 &
450 521 154 61 extra
552 521 137 61 hunc
638 521 189 61 ordinem
775 521 257 61 cognoscendi
964 521 154 61 angelus

240 564 178 50 numquam
369 564 242 50 declinaret,
563 564 129 50 quod
644 564 113 50 est
708 564 145 50 satis
805 564 210 50 absurdum,
967 564 81 50 &
983 564 129 50 contra

240 594 204 61 scripturam
400 594 160 61 sacram,
517 594 87 61 in
560 594 102 61 qua
619 594 131 61 saepe
706 594 160 61 legitur
822 594 87 61 de
866 594 175 61 angelis,
997 594 102 61 qui
1040 594 73 61 nec

237 637 178 58 agendo,
366 637 113 58 nec
431 637 194 58 loquendo
577 637 130 58 hunc
658 637 178 58 ordinem
788 637 227 58 seruarent:
966 637 130 58 ergo
1031 637 81 58 nec

230 672 234 54 intelligendo.

276 708 75 75 4
306 708 210 75 Praeterea,
471 708 120 75 iste
546 708 135 75 color
636 708 180 75 destruit
770 708 180 75 seipsum,
905 708 120 75 quia
980 708 105 75 cum
1025 708 75 75 bo-

242 751 114 52 num
307 751 196 52 cognitum
454 751 114 52 sit
519 751 196 52 obiectum
666 751 245 52 voluntatis,
862 751 212 52 sequitur,
1009 751 98 52 quod

244 802 97 52 nec
300 802 208 52 defiderium,
466 802 97 52 nec
521 802 166 52 imperium
646 802 194 52 voluntatis
798 802 139 52 possit
895 802 125 52 ferri
978 802 125 52 super
1048 802 55 52 re

238 830 213 66 incognita,
405 830 152 66 igitur
511 830 106 66 vno
572 830 122 66 solo
648 830 182 66 cognito,
785 830 91 66 ad
830 830 137 66 cuius
906 830 198 66 cognitionem

249 875 135 49 primo
339 875 195 49 huiusmodi
490 875 180 49 habitus,
625 875 120 49 quem
700 875 120 49 isti
775 875 165 49 ponunt,
896 875 195 49 inclinat,
1031 875 75 49 vo-

245 913 145 53 luntas
346 913 101 53 non
404 913 159 53 poterit
519 913 174 53 imperare
650 913 217 53 cognitionem
823 913 174 53 alicuius
939 913 159 53 alterius.

245 948 97 52 Da
293 948 226 52 oppositum,
471 948 129 52 tunc
551 948 145 52 actus
648 948 226 52 voluntatis
826 948 226 52 extenderet
1003 948 97 52 se
1035 948 65 52 ad

240 992 148 53 aliud
338 992 115 53 non
404 992 264 53 comprehensum
619 992 115 53 sub
685 992 214 53 adaequato
850 992 181 53 obiecto
965 992 132 53 volun-

230 1025 156 50 tatis,
340 1025 219 50 extenderet
512 1025 125 50 enim
590 1025 94 50 se
637 1025 94 50 ad
684 1025 172 50 aliquid
809 1025 110 50 non
872 1025 203 50 cognitum,
1013 1025 78 50 quo

239 1066 102 56 est
298 1066 234 56 impossibile,
488 1066 102 56 non
546 1066 131 56 solum
634 1066 117 56 ergo
707 1066 117 56 ista
780 1066 161 56 posito,
897 1066 102 56 sed
955 1066 131 56 etiam
1028 1066 73 56 con

236 1105 133 54 lores
325 1105 118 54 eius
384 1105 163 54 deficiunt

269 1145 106 51 Ad
322 1145 177 51 primam
447 1145 177 51 igitur
571 1145 213 51 rationem
730 1145 160 51 eorum
837 1145 231 51 dicendum,
996 1145 89 51 dat

228 1191 125 52 quod
306 1191 156 52 angelo
415 1191 109 52 sit
477 1191 171 52 habitus
602 1191 233 52 scientialis
789 1191 233 52 concreatus,
960 1191 140 52 propter

228 1224 104 45 hoc
288 1224 134 45 tamen
377 1224 164 45 species
496 1224 104 45 non
555 1224 134 45 erunt
645 1224 223 45 superfluae:
823 1224 119 45 quia
898 1224 164 45 habitus
1002 1224 89 45 scie

236 1269 160 39 tialis
348 1269 112 39 est
412 1269 192 39 respectu
556 1269 256 39 complexorum,
764 1269 160 39 quorum
876 1269 192 39 terminos
1004 1269 96 39 sim-

235 1308 144 49 plices
336 1308 130 49 ipsae
422 1308 159 49 species
537 1308 144 49 reprae
638 1308 173 49 sentant.
768 1308 87 49 Ad
812 1308 216 49 probationem
985 1308 101 49 cum
1028 1308 72 49 di-

227 1347 155 43 citur,
335 1347 124 43 quod
412 1347 170 43 habitus
536 1347 108 43 hos
598 1347 186 43 terminos
738 1347 248 43 sufficienter
924 1347 170 43 repraesen

238 1387 119 42 tat,
312 1387 119 42 ista
387 1387 134 42 nego:
476 1387 119 42 quia
550 1387 163 42 habitus
669 1387 104 42 non
729 1387 134 42 habet
818 1387 267 42 repraesentare,
1026 1387 74 42 sed

221 1425 152 46 potius
327 1425 136 46 cirea
418 1425 258 46 repraesentata
630 1425 197 46 potentiam
782 1425 167 46 firmare
903 1425 76 46 &
918 1425 182 46 inclinare.

259 1467 104 50 Ad
311 1467 207 50 secundum
466 1467 225 50 dicendum,
639 1467 138 50 quod
725 1467 155 50 maior
829 1467 242 50 proposito,
1002 1467 86 50 pro

237 1506 91 44 ut
282 1506 91 44 ad
328 1506 183 44 praesens
465 1506 213 44 propositum
632 1506 228 44 applicatur,
815 1506 122 44 tunc
891 1506 107 44 non
952 1506 107 44 est
998 1506 91 44 vera

230 1543 119 48 quia
305 1543 134 48 licet
394 1543 223 48 intellectus
573 1543 179 48 indigeat
707 1543 209 48 speciebus,
871 1543 149 48 quibus
960 1543 134 48 obiectu

226 1582 246 43 intelligibile
428 1582 101 43 fit
486 1582 116 43 sibi
558 1582 188 43 praesens:
703 1582 173 43 voluntas
833 1582 130 43 tamen
920 1582 101 43 his
977 1582 101 43 non
1021 1582 72 43 in-

231 1621 146 39 diget,
334 1621 117 39 quia
407 1621 175 39 obiectum
538 1621 205 39 voluntatis
699 1621 234 39 sufficienter
889 1621 117 39 sibi
948 1621 146 39 praesen-

238 1658 135 43 tatur
328 1658 105 43 per
388 1658 135 43 ipsum
478 1658 240 43 intellectum:
674 1658 120 43 ideo
749 1658 135 43 dato,
839 1658 120 43 quod
914 1658 165 43 habitus
1019 1658 75 43 si-

227 1697 95 50 ne
275 1697 159 50 specie
386 1697 222 50 voluntatem
561 1697 222 50 informante
736 1697 207 50 voluntati
894 1697 207 50 sufficiat
1037 1697 64 50 ad

224 1735 237 45 diligendum,
414 1735 111 45 hoc
477 1735 142 45 tamen
572 1735 111 45 non
635 1735 205 45 sufficiet
793 1735 237 45 intellectui
982 1735 95 45 ad
1014 1735 79 45 in

213 1771 236 56 telligendum

284 1811 78 47 o
316 1811 173 47 tertium
441 1811 204 47 dicendum,
598 1811 125 47 quod
676 1811 141 47 licet
771 1811 204 47 perfectum
912 1811 188 47 intellige-

220 1852 99 59 re
269 1852 263 59 praesupponat
483 1852 181 59 habitum
615 1852 99 59 in
664 1852 230 59 intellectu
845 1852 181 59 humano,
977 1852 115 59 qui
1026 1852 66 59 es

245 1900 190 46 potentia
387 1900 126 46 pura
466 1900 95 46 in
514 1900 158 46 genere
624 1900 316 46 intelligibilium,
893 1900 174 46 propter
1003 1900 95 46 quod

232 1938 190 46 procedit
375 1938 95 46 de
422 1938 221 46 imperfecto
596 1938 95 46 ad
643 1938 221 46 perfectum,
817 1938 142 46 tamen
912 1938 111 46 hoc
975 1938 111 46 non
1023 1938 79 46 est

244 1977 152 44 necesse
355 1977 83 44 1n
396 1977 193 44 intellectu
548 1977 179 44 angelico,
686 1977 97 44 qui
741 1977 97 44 est
796 1977 124 44 actus
879 1977 83 44 in
921 1977 138 44 genere
1003 1977 97 44 intel

236 2007 229 55 ligibilium
415 2007 114 55 non
481 2007 212 55 procedens
644 2007 98 55 de
693 2007 229 55 imperfecto
872 2007 98 55 ad
905 2007 196 55 perfectum;

241 2050 112 52 vnde
311 2050 84 52 si
353 2050 112 52 illa
423 2050 182 52 proposito
564 2050 239 52 vniuersaliter
760 2050 126 52 esset
844 2050 126 52 vera,
929 2050 112 52 tunc
999 2050 84 52 in
1027 2050 70 52 in-

230 2089 189 54 tellectu
372 2089 157 54 diuino
482 2089 204 54 oporteret
639 2089 157 54 ponere
749 2089 189 54 habitum,
891 2089 126 54 quia
969 2089 126 54 suum
1032 2089 63 54 in

228 2136 205 42 telligere
386 2136 110 42 est
449 2136 158 42 maxime
559 2136 221 42 perfectum;
733 2136 126 42 Dato
811 2136 158 42 etiam,
922 2136 126 42 quod
1000 2136 95 42 in
1032 2136 63 42 an

225 2171 133 46 gelo
309 2171 266 46 praesupponat
525 2171 200 46 habitum:
675 2171 150 46 tamen
775 2171 100 46 ex
825 2171 117 46 hoc
891 2171 117 46 non
941 2171 150 46 habetui

240 2212 120 53 quin
315 2212 135 53 etiam
405 2212 241 53 praesupponat
601 2212 180 53 species,
736 2212 105 53 cum
796 2212 165 53 habitus
917 2212 105 53 non
977 2212 105 53 sit
1022 2212 75 53 re-

222 2250 302 52 praesentatiuus
474 2250 235 52 simplicium
641 2250 201 52 terminorum

278 2286 94 55 Ad
325 2286 171 55 quartum
450 2286 203 55 dicendum,
606 2286 125 55 quod
684 2286 140 55 licet
777 2286 140 55 forma
871 2286 203 55 sufficiat
1011 2286 78 55 su-

237 2322 150 59 biecto
342 2322 90 59 ad
387 2322 180 59 agendum,
523 2322 195 59 supposita
673 2322 211 59 praesentia
838 2322 180 59 obiecti,
974 2322 90 59 in
1004 2322 90 59 quod

236 2363 118 48 est
304 2363 152 48 aptum
405 2363 152 48 natum
507 2363 152 48 agere
608 2363 203 48 secundum
761 2363 152 48 illam
862 2363 186 48 formam:
981 2363 118 48 tamen

236 2406 161 45 quando
348 2406 193 45 obiectum
493 2406 113 45 non
557 2406 113 45 est
622 2406 305 45 praesentialiter
863 2406 225 45 approximatum

231 2446 127 43 tunc
310 2446 111 43 non
374 2446 190 43 sufficit
516 2446 206 43 huiusmodi
674 2446 142 43 forma
769 2446 95 43 ad
816 2446 142 43 talem
911 2446 190 43 actionem
1038 2446 63 43 fa

222 2484 184 50 ciendam,
359 2484 122 50 nisi
436 2484 107 50 sit
497 2484 168 50 quoddam
620 2484 153 50 aliud,
727 2484 168 50 virtute
849 2484 138 50 cuius
926 2484 168 50 obiectum,

225 2520 118 46 quod
299 2520 118 46 erat
372 2520 162 46 absens,
490 2520 118 46 fiat
563 2520 191 46 praesens.
710 2520 132 46 lgnis
798 2520 118 46 enim
872 2520 132 46 iuxta
960 2520 132 46 celum
1033 2520 59 46 lu

224 2570 110 47 nae
287 2570 110 47 est
350 2570 157 47 maximi
460 2570 189 47 caloris:
602 2570 157 47 &tamen
712 2570 142 47 nihil
806 2570 204 47 calefacit
948 2570 142 47 propter

232 2600 177 57 absentiam
369 2600 164 57 obiecti,
492 2600 109 57 quod
560 2600 96 57 est
614 2600 96 57 res
669 2600 259 57 calefactibilis.
887 2600 96 57 Sic
942 2600 123 57 dato,
1010 2600 82 57 quod

232 2638 229 54 intellectus
415 2638 152 54 angeli
521 2638 198 54 sufficiat
674 2638 91 54 ad
719 2638 259 54 intelligendum
917 2638 168 54 essentian

230 2678 130 52 suam,
316 2678 72 52 &
345 2678 159 52 cetera,
460 2678 115 52 quae
532 2678 115 52 sibi
605 2678 115 52 sunt
677 2678 202 52 praesentia
835 2678 101 52 per
893 2678 159 52 seipsa:
994 2678 101 52 tamen

225 2722 91 50 ad
270 2722 258 50 intelligendum
483 2722 152 50 cetera
589 2722 167 50 indiget
710 2722 212 50 speciebus,
877 2722 152 50 quibus
968 2722 121 50 reprae

237 2753 193 52 sentantur
371 2753 119 52 talia,

274 2796 104 51 Ad
326 2796 192 51 quintum
465 2796 209 51 dicendum
622 2796 139 51 nego
709 2796 313 51 consequentiam,
953 2796 139 51 maxime

238 2834 142 52 quando
337 2834 128 52 talia
423 2834 256 52 intelligibilia
636 2834 100 52 non
693 2834 114 52 sunt
764 2834 114 52 actu
835 2834 185 52 infinita,
977 2834 100 52 sed
1020 2834 71 52 so-

227 2872 110 64 lum
290 2872 94 64 in
337 2872 188 64 potentia
479 2872 157 64 semper
588 2872 220 64 abiiciente
761 2872 157 64 actum,
871 2872 94 64 de
918 2872 157 64 quibus
1012 2872 79 64 in-

235 2914 273 52 telligibilibus
462 2914 197 52 accipitur
598 2914 182 52 antecedens

275 2950 100 45 Ad
325 2950 166 45 sextum
441 2950 133 45 nego
524 2950 249 45 antecedens.
723 2950 100 45 ad
773 2950 249 45 probationem
955 2950 133 45 dicen-

231 2983 121 56 dum,
307 2983 121 56 quod
382 2983 136 56 sicut
473 2983 182 56 dicitur,
609 2983 167 56 corpus,
731 2983 121 56 quod
806 2983 242 56 corrumpitur,
988 2983 106 56 aggra

222 3032 130 50 uiat
303 3032 178 50 animam,
433 3032 81 50 &
465 3032 195 50 deprimit
611 3032 178 50 terrena
741 3032 211 50 habitatio
903 3032 162 50 sensum
1000 3032 81 50 mul

226 3073 95 43 ta
274 3073 237 43 cogitantem:
464 3073 127 43 Ideo
543 3073 142 43 anima
638 3073 190 43 coniucta
780 3073 127 43 mole
859 3073 206 43 corporali
1002 3073 79 43 gra

232 3112 122 43 uata
308 3112 107 43 non
369 3112 152 43 potest
475 3112 91 43 se
521 3112 152 43 libere
627 3112 213 43 conuertere
795 3112 137 43 super
886 3112 183 43 seipsam,
1008 3112 76 43 nec

232 3150 99 59 per
288 3150 197 59 consequens
443 3150 127 59 super
528 3150 169 59 speciem,
654 3150 113 59 quae
725 3150 99 59 est
781 3150 85 59 in
823 3150 99 59 se:
880 3150 127 59 ergo,
964 3150 127 59 sicut
1035 3150 56 59 di

1148 299 129 68 cunt
1228 299 161 68 aliqui
1341 299 209 68 doctores,
1502 299 145 68 prima
1599 299 113 68 sui
1663 299 241 68 conuersione
1840 299 177 68 conuertit

1149 335 94 74 se
1196 335 140 74 super
1290 335 218 74 phantasma,
1461 335 94 74 vt
1508 335 187 74 mediante
1648 335 234 74 phantasmate
1835 335 172 74 species
1945 335 62 74 in

1150 386 229 60 telligibilis
1336 386 86 60 ex
1379 386 143 60 istens
1479 386 86 60 in
1522 386 158 60 memoria
1637 386 229 60 intellectiua
1824 386 86 60 in
1867 386 115 60 actu
1924 386 86 60 habi

1149 421 131 66 tuali
1237 421 73 66 &
1266 421 189 66 semipleno
1412 421 117 66 fiat
1485 421 87 66 in
1528 421 117 66 actu
1601 421 189 66 pleniori,
1747 421 73 66 &
1776 421 146 66 gignat
1878 421 117 66 suam
1936 421 73 66 si-

1142 455 228 69 militudinem
1324 455 91 69 in
1370 455 122 69 acie
1446 455 213 69 cogitantis
1598 455 244 69 intelligentiae

1183 498 102 67 Ad
1234 498 205 67 septimum
1387 498 222 67 dicendum,
1558 498 136 67 quod
1643 498 256 67 philosophus
1831 498 170 67 loquitui

1146 528 114 72 ibi
1211 528 98 72 de
1260 528 146 72 anima
1357 528 195 72 secundum
1503 528 163 72 partem
1617 528 260 72 appetitiuam,
1828 528 130 72 &non
1893 528 114 72 secun

1142 575 110 63 dum
1205 575 157 63 partem
1315 575 236 63 cognitiuam,
1504 575 94 63 in
1551 575 110 63 qua
1614 575 110 63 nos
1677 575 173 63 ponimus
1803 575 173 63 species
1913 575 79 63 vn-

1146 618 105 64 cum
1206 618 224 64 philosopho.
1385 618 90 64 3.
1430 618 90 64 de
1475 618 150 64 anima,
1580 618 105 64 vbi
1640 618 120 64 ait,
1715 618 135 64 anima
1805 618 105 64 est
1864 618 135 64 locus
1939 618 90 64 spe-

1135 659 157 58 cierum,
1249 659 100 58 non
1306 659 129 58 tota,
1392 659 100 58 sed
1449 659 229 58 intellectus:
1635 659 86 58 Et
1678 659 143 58 ibidem
1778 659 114 58 ait,
1850 659 129 58 Lapis
1936 659 100 58 non

1142 690 96 57 est
1197 690 82 57 in
1238 690 137 57 anima,
1335 690 96 57 sed
1390 690 151 57 species
1486 690 137 57 lapidis.

1142 732 124 66 Alia
1220 732 109 66 est
1282 732 171 66 opinio,
1406 732 124 66 quae
1484 732 155 66 ponit,
1593 732 124 66 quod
1670 732 233 66 intellectus
1856 732 155 66 angeli
1949 732 78 66 in-

1134 773 124 57 telli
1217 773 96 57 git
1272 773 96 57 ea,
1327 773 110 57 quae
1395 773 110 57 sunt
1464 773 124 57 extra
1546 773 96 57 se,
1601 773 96 57 non
1656 773 96 57 per
1711 773 96 57 ali
1766 773 124 57 cuius
1848 773 165 57 speciei,
1958 773 69 57 vel

1139 807 167 69 habitus
1260 807 258 69 impressionem,
1473 807 106 69 sed
1534 807 137 69 solum
1625 807 106 69 per
1685 807 121 69 hoc,
1761 807 121 69 quod
1837 807 137 69 radio
1913 807 76 69 sua

1141 857 125 56 lucis
1225 857 181 56 naturalis
1364 857 139 56 quodam
1462 857 167 56 virtuali
1587 857 167 56 contactu
1712 857 167 56 attingit
1838 857 98 56 res
1880 857 111 56 ipsas;

1143 890 108 66 uae
1204 890 124 66 sunt
1282 890 139 66 extra
1374 890 108 66 se,
1436 890 108 66 per
1498 890 124 66 quem
1575 890 201 66 contactum
1729 890 201 66 huiusmodi
1884 890 108 66 res
1930 890 62 66 po

1134 933 149 53 nuntur
1238 933 178 53 obictiue
1372 933 89 53 in
1416 933 193 53 prospectu
1565 933 223 53 intellectus
1729 933 163 53 angelici,

1144 971 106 60 Sed
1204 971 106 60 nec
1265 971 136 60 istud
1356 971 152 60 valet,
1462 971 121 60 quia
1538 971 197 60 desinente
1690 971 167 60 actuali
1796 971 197 60 inspectione

1137 1007 145 65 ipsius
1239 1007 116 65 rei,
1312 1007 116 65 tunc
1385 1007 160 65 angelus
1501 1007 102 65 non
1559 1007 131 65 magis
1646 1007 233 65 recordaretur
1835 1007 87 65 de
1879 1007 87 65 re
1908 1007 87 65 visa

1133 1052 126 59 quam
1212 1052 94 59 si
1259 1052 173 59 numquam
1385 1052 189 59 vidisset
1526 1052 126 59 eam,
1605 1052 126 59 quia
1684 1052 142 59 nihil
1778 1052 173 59 maneret
1904 1052 94 59 in
1935 1052 63 59 an

1126 1090 115 58 gelo
1197 1090 172 58 spectans
1327 1090 86 58 ad
1370 1090 172 58 notitiam
1499 1090 144 58 illius
1599 1090 100 58 rei
1657 1090 129 58 visae
1743 1090 115 58 ltem
1814 1090 100 58 hic
1872 1090 129 58 nulla
1944 1090 57 58 es

1122 1127 107 66 set
1183 1127 244 66 assimilatio,
1381 1127 76 66 &
1412 1127 137 66 tamen
1503 1127 107 66 tam
1564 1127 168 66 sancti,
1686 1127 122 66 quam
1762 1127 214 66 philosophi
1915 1127 76 66 po-

1127 1167 126 59 nunt
1206 1167 236 59 cognitionem
1395 1167 142 59 fieri
1490 1167 110 59 per
1537 1167 268 59 assimilationem.

1149 1200 168 69 Secunda
1271 1200 199 69 conclusio
1424 1200 184 69 superius
1562 1200 199 69 praemissa
1715 1200 184 69 probatur
1853 1200 123 69 sic.
1914 1200 77 69 ll-

1131 1237 119 72 lud,
1206 1237 119 72 quod
1280 1237 75 72 a
1310 1237 179 72 primordi
1445 1237 75 72 o
1474 1237 119 72 suae
1549 1237 209 72 creationis
1713 1237 119 72 fuit
1788 1237 149 72 plenum
1878 1237 119 72 sapien

1123 1282 127 55 tia,
1202 1282 79 55 &
1234 1282 206 55 perfectum
1392 1282 174 55 decore,
1519 1282 111 55 hoc
1582 1282 111 55 non
1646 1282 190 55 acquirit
1788 1282 95 55 de
1836 1282 127 55 nouo
1899 1282 95 55 ali-

1127 1317 127 66 quam
1207 1317 239 66 sapientiam,
1397 1317 111 66 qua
1461 1317 254 66 perficiatur,
1668 1317 111 66 nec
1732 1317 175 66 aliquam
1843 1317 143 66 speciem

1130 1367 278 52 intelligibilem,
1364 1367 102 52 qua
1423 1367 117 52 suus
1496 1367 219 52 intellectus
1672 1367 205 52 decoretur,
1833 1367 102 52 sed
1877 1367 102 52 ango-

1129 1394 99 69 lus
1186 1394 71 69 a
1214 1394 184 69 principio
1356 1394 113 69 suae
1427 1394 199 69 creationis
1583 1394 113 69 suit
1654 1394 142 69 plenns
1753 1394 184 69 sapientia
1895 1394 71 69 &
1909 1394 71 69 per

1128 1433 148 68 fectus
1232 1433 163 68 decore,
1351 1433 89 68 vt
1395 1433 134 68 patet
1484 1433 89 68 ex
1529 1433 148 68 glosis
1633 1433 74 68 &
1662 1433 252 68 expositonibus
1855 1433 119 68 sanctu

1130 1480 107 63 rum
1191 1480 138 63 super
1283 1480 122 63 illo
1359 1480 153 63 verbo,
1466 1480 92 63 Tu
1512 1480 214 63 signaculum
1681 1480 214 63 similitudi
1849 1480 107 63 nis
1895 1480 92 63 ple-

1122 1516 100 63 nus
1179 1516 200 63 sapientia,
1336 1516 72 63 &
1365 1516 186 63 perfectus
1508 1516 157 63 decore;
1622 1516 86 63 Et
1665 1516 114 63 haec
1737 1516 100 63 est
1794 1516 172 63 intentio
1908 1516 72 63 bea

1124 1555 88 63 ti
1168 1555 205 63 Augustini.
1329 1555 88 63 2.
1373 1555 132 63 super
1461 1555 117 63 Qene
1534 1555 102 63 vbi
1593 1555 117 63 ait,
1666 1555 102 63 ses
1725 1555 132 63 fiunt
1812 1555 88 63 in
1842 1555 146 63 mentibus

1127 1595 202 63 angelorum
1283 1595 109 63 per
1345 1595 217 63 concreatam
1515 1595 93 63 in
1562 1595 140 63 ipsis
1655 1595 233 63 sapientiam:
1841 1595 109 63 Non
1888 1595 93 63 igi-

1125 1634 107 59 tur
1186 1634 183 59 acquirit
1323 1634 167 59 angelus
1444 1634 167 59 species
1566 1634 76 59 a
1597 1634 152 59 rebus:
1703 1634 107 59 sed
1764 1634 152 59 omnium
1855 1634 122 59 rerum,

1130 1677 155 67 quarum
1239 1677 202 67 naturalem
1394 1677 140 67 habet
1487 1677 186 67 notitiam
1627 1677 78 67 a
1658 1677 202 67 principio
1813 1677 155 67 habuit
1906 1677 78 67 spe

1125 1708 118 46 cies
1184 1708 191 46 concreatas.

1163 1748 111 67 Sed
1226 1748 158 67 contra
1337 1748 142 67 istam
1432 1748 253 67 conclusionem
1638 1748 127 67 sunt
1717 1748 127 67 duae
1796 1748 222 67 opiniones,

1127 1796 160 58 quarum
1239 1796 112 58 vna
1303 1796 112 58 est
1367 1796 192 58 antiqua,
1511 1796 80 58 &
1543 1796 160 58 ponit,
1656 1796 128 58 quod
1736 1796 176 58 angelus
1848 1796 128 58 nullan

1126 1839 165 49 peciem
1242 1839 165 49 habuit
1358 1839 248 49 concreatam,
1556 1839 116 49 sed
1622 1839 215 49 huiusmodi
1787 1839 182 49 speciem
1902 1839 83 49 pro

1129 1876 119 49 pter
1203 1876 163 49 vigorem
1322 1876 104 49 sui
1381 1876 222 49 intellectus
1559 1876 193 49 abstraxit
1707 1876 74 49 a
1737 1876 148 49 rebus:
1841 1876 104 49 nam
1885 1876 89 49 lum;

1122 1911 105 53 sui
1182 1911 225 53 intellectus
1362 1911 105 53 est
1422 1911 210 53 vigorosius
1586 1911 150 53 lumine
1691 1911 150 53 nostri
1781 1911 195 53 intellectus

1120 1948 182 55 agentis,
1257 1948 122 55 ergo
1333 1948 106 55 non
1393 1948 137 55 minus
1485 1948 152 55 potest
1591 1948 213 55 abstrahere
1758 1948 182 55 species,
1895 1948 122 55 quam

1128 1981 221 53 intellectus
1290 1981 103 53 agens

1143 2028 109 52 Sed
1206 2028 140 52 istud
1299 2028 109 52 non
1361 2028 155 52 valet:
1470 2028 124 52 quia
1548 2028 202 52 huiusmodi
1703 2028 171 52 species
1812 2028 171 52 abstracta

1121 2063 105 63 non
1181 2063 134 63 ducit
1270 2063 119 63 nisi
1345 2063 90 63 in
1390 2063 224 63 cognitionem
1569 2063 224 63 quidditatis
1748 2063 90 63 in
1793 2063 224 63 vniuersali:
1957 2063 60 63 qu

1128 2110 175 50 numquam
1255 2110 127 50 enim
1335 2110 238 50 intellectus
1525 2110 159 50 posset
1636 2110 222 50 cognoscere
1811 2110 207 50 particula

1120 2146 86 57 re
1163 2146 157 57 virtute
1277 2146 200 57 abstractae
1434 2146 171 57 speciei,
1562 2146 114 57 nisi
1633 2146 214 57 conuertendo
1805 2146 86 57 se
1848 2146 86 57 ad
1876 2146 100 57 phan-

1116 2182 170 61 tasma:
1235 2182 136 61 ergo
1320 2182 187 61 angelus
1456 2182 119 61 cum
1524 2182 170 61 careat
1643 2182 238 61 phantasia,
1830 2182 187 61 numquam

1124 2228 111 62 per
1187 2228 206 62 huiusmodi
1346 2228 174 62 speciem
1472 2228 206 62 deueniret
1631 2228 95 62 in
1678 2228 237 62 cognitionem
1852 2228 127 62 alicu-

1129 2256 94 53 ius
1169 2256 202 53 particularis.

1160 2301 122 60 Alia
1236 2301 106 60 est
1297 2301 152 60 opinio
1403 2301 137 60 magis
1494 2301 182 60 moderna,
1631 2301 122 60 quae
1707 2301 152 60 ponit,
1813 2301 122 60 quod
1874 2301 106 60 licet

1128 2334 172 70 angelus
1253 2334 78 70 a
1284 2334 203 70 principio
1440 2334 187 70 habuerit
1581 2334 218 70 concreatas
1753 2334 172 70 species
1862 2334 109 70 rerun

1133 2381 256 51 perpetuarum:
1341 2381 176 51 species
1469 2381 144 51 tamen
1565 2381 272 51 contingentium
1788 2381 80 51 &
1804 2381 176 51 corrupti-

1123 2421 141 56 bilium
1222 2421 197 56 abstrahit,
1377 2421 99 56 vel
1433 2421 169 56 acquirit
1560 2421 127 56 tunc,
1645 2421 141 56 quando
1743 2421 127 56 tales
1828 2421 99 56 res
1884 2421 85 56 in
1913 2421 71 56 es-

1115 2451 95 51 se
1147 2451 253 51 progrediuntur.

1145 2507 78 51 1
1177 2507 125 51 Quia
1254 2507 93 51 si
1301 2507 156 51 talium
1410 2507 140 51 rerum
1503 2507 171 51 species
1628 2507 78 51 a
1659 2507 202 51 principio
1799 2507 187 51 habuissent

1113 2540 223 50 concreatas,
1292 2540 119 50 tunc
1366 2540 283 50 praesciuissent,
1605 2540 74 50 &
1634 2540 134 50 adhuc
1724 2540 223 50 praescirent
1888 2540 104 50 omnia

1122 2569 158 55 futura
1217 2569 222 55 contingentia

1137 2617 77 61 2
1167 2617 215 61 Praeterea,
1337 2617 123 61 tunc
1414 2617 108 61 non
1475 2617 231 61 proficerent
1660 2617 92 61 in
1706 2617 154 61 aliqua
1814 2617 200 61 cognitio

1128 2654 105 58 ne,
1188 2654 135 58 cuius
1278 2654 196 58 oppositum
1429 2654 166 58 asserit
1549 2654 151 58 beatus
1655 2654 196 58 Ambrosius
1805 2654 90 58 in
1851 2654 135 58 libro
1926 2654 60 58 de

1116 2690 117 65 side
1189 2690 160 65 dicens,
1306 2690 146 65 Angeli
1408 2690 219 65 profecerunt
1583 2690 88 65 in
1627 2690 190 65 scientia,
1773 2690 73 65 &
1787 2690 190 65 capacitate.

1115 2731 123 52 quia
1192 2731 139 52 neque
1284 2731 200 52 sciuerunt
1438 2731 139 52 omnia
1531 2731 77 52 a
1562 2731 200 52 principio
1700 2731 139 52 seculi.

1155 2766 90 71 Et
1200 2766 135 71 super
1290 2766 120 71 illo
1365 2766 150 71 verbo,
1470 2766 90 71 vt
1515 2766 210 71 innotescat
1680 2766 225 71 principibus
1860 2766 75 71 &
1875 2766 90 71 pote

1121 2802 168 78 statibus
1247 2802 98 78 per
1303 2802 182 78 ecclesiam
1444 2802 211 78 multiformis
1612 2802 182 78 sapientia
1752 2802 112 78 Dei,
1823 2802 126 78 dicit
1893 2802 70 78 glo

1109 2843 107 64 sa,
1170 2843 123 64 quod
1247 2843 153 64 angeli
1354 2843 138 64 multa
1446 2843 215 64 didicerunt
1615 2843 107 64 per
1661 2843 169 64 ecclestam

1158 2888 105 66 Sed
1218 2888 105 66 nec
1278 2888 135 66 istud
1368 2888 150 66 valet:
1474 2888 120 66 quia
1549 2888 165 66 corpora
1669 2888 195 66 superiora
1820 2888 105 66 non
1865 2888 105 66 acci-

1129 2919 127 71 piunt
1214 2919 155 71 aliquid
1327 2919 85 71 ab
1369 2919 240 71 inferioribus,
1567 2919 99 71 quo
1624 2919 198 71 intrinsece
1765 2919 212 71 perficiantur;

1110 2972 102 62 nam
1169 2972 73 62 a
1198 2972 190 62 principio
1344 2972 117 62 suae
1417 2972 204 62 creationis
1577 2972 117 62 sunt
1650 2972 161 62 sociata
1767 2972 161 62 formis:
1869 2972 117 62 igitur

1109 3002 147 62 multo
1207 3002 147 62 minus
1305 3002 164 62 angeli
1420 3002 82 62 a
1452 3002 147 62 rebus
1551 3002 311 62 corruptibilibus
1812 3002 82 62 &
1829 3002 147 62 contin-

1125 3049 185 60 gentibus
1263 3049 201 60 accipient
1418 3049 201 60 immediate
1572 3049 185 60 species,
1711 3049 154 60 quibus
1803 3049 170 60 intrinse-

1120 3090 92 50 ce
1166 3090 261 50 perficiantur,
1381 3090 169 50 tamquan
1503 3090 215 50 immediatis
1672 3090 215 50 principijs
1841 3090 123 50 suae
1902 3090 77 50 co-

1117 3120 233 69 gnitionis.
1300 3120 233 69 Antecedens
1484 3120 166 69 patet;
1600 3120 133 69 quia
1683 3120 183 69 corpora
1800 3120 183 69 superiora

1127 3169 114 63 non
1192 3169 131 63 sunt
1274 3169 213 63 receptiua
1437 3169 229 63 perrgtinae
1617 3169 278 63 impressionis,
1830 3169 147 63 propter
