2367 3554
395 251 120 76 quod
470 251 180 76 influunt
605 251 90 76 in
650 251 120 76 haec
725 251 210 76 inferiora,
889 251 75 76 &
919 251 105 76 non
979 251 210 76 econuerso,
1129 251 120 76 conse-

402 310 163 56 quentia
521 310 133 56 etiam
609 310 148 56 patet,
713 310 118 56 quia
787 310 104 56 non
846 310 133 56 minus
935 310 133 56 viget
1023 310 118 56 ordo
1097 310 89 56 in
1127 310 133 56 spiriti

385 354 137 58 bus,
471 354 137 58 quam
557 354 103 58 in
591 354 223 58 corporibus.

427 391 83 49 Et
469 391 83 49 si
510 391 124 49 datur
592 391 179 49 instantia
730 391 83 49 de
771 391 124 49 anima
854 391 193 49 rationali,
1005 391 110 49 quae
1074 391 96 49 est
1115 391 138 49 substam-

391 432 100 46 tia
448 432 228 46 spiritualis:
633 432 71 46 &
661 432 128 46 tamen
747 432 114 46 eius
818 432 214 46 intellectus
989 432 199 46 perficitur
1131 432 128 46 specie-

393 470 98 45 bus
449 470 196 45 abstractis
603 470 70 45 a
631 470 126 45 rebus
702 470 210 45 sensibilibus,

432 506 205 45 Dicendum,
590 506 126 45 quod
669 506 110 45 non
732 506 110 45 est
795 506 174 45 simile;
922 506 126 45 quia
1000 506 110 45 cum
1064 506 142 45 anima
1143 506 110 45 ratio

394 552 131 44 nalis
482 552 102 44 sit
540 552 160 44 infimum
656 552 87 44 in
700 552 146 44 genere
802 552 291 44 intelligibilium;
1049 552 116 44 ideo
1107 552 146 44 secundum

390 589 165 51 ordinem
510 589 180 51 vniuersi
646 589 120 51 ipsa
721 589 135 51 debet
811 589 165 51 attingi
931 589 75 51 a
961 589 165 51 supremo
1067 589 180 51 sensibiliu

381 628 121 42 quod
457 628 106 42 est
517 628 121 42 ipsa
593 628 197 42 fantasia,
744 628 91 42 vt
789 628 106 42 sic
850 628 151 42 infima
956 628 212 42 supremorum
1107 628 136 42 coniun-

382 668 159 46 gantur
493 668 111 46 cum
557 668 190 46 supremis
699 668 222 46 infimorum,
874 668 143 46 iuxta
969 668 238 46 senitentiam
1159 668 127 46 Dio.

380 709 97 48 de
428 709 193 48 angelica
573 709 241 48 hierarchia.
766 709 129 48 Vnde
847 709 113 48 non
911 709 113 48 est
975 709 241 48 imaginadum,
1152 709 97 48 quod

380 751 145 44 anima
477 751 226 44 rationalis
654 751 177 44 aliquid
783 751 193 44 recipiat
928 751 193 44 secundum
1073 751 209 44 naturalem

392 780 126 56 suum
471 780 158 56 cursum
581 780 205 56 immediate
739 780 79 56 a
770 780 142 56 rebus
865 780 268 56 exterioribus:
1085 780 110 56 sed
1133 780 110 56 primo

391 821 149 48 sensus
496 821 239 48 particulares
690 821 194 48 recipiunt
839 821 164 48 species
958 821 134 48 rerum
1048 821 119 48 sine
1108 821 149 48 materia,

384 861 84 41 vt
426 861 140 41 patet.
524 861 84 41 2.
566 861 84 41 de
608 861 140 41 anima:
706 861 140 41 deinde
804 861 70 41 a
833 861 140 41 specie
931 861 154 41 recepta
1043 861 84 41 in
1085 861 126 41 sensu
1155 861 84 41 par-

387 902 179 45 ticulari
521 902 179 45 gignitur
656 902 164 45 species
775 902 134 45 magis
865 902 119 45 pura
939 902 90 45 in
984 902 119 45 ipso
1059 902 134 45 sensu
1134 902 105 45 commi

381 943 104 47 ni,
441 943 74 47 &
470 943 104 47 sic
530 943 179 47 deinceps
664 943 164 47 species
783 943 149 47 semper
887 943 193 47 deputatur
1036 943 104 47 per
1095 943 134 47 omnes
1170 943 74 47 sen

389 979 100 48 sus
446 979 201 48 interiores
604 979 129 48 vsque
690 979 86 48 ad
733 979 129 48 phant
819 979 129 48 asia:
905 979 72 48 &
934 979 115 48 tunc
1006 979 86 48 in
1049 979 158 48 virtute
1150 979 100 48 lumi-

387 1019 106 46 nis
448 1019 228 46 intellectus
630 1019 167 46 agentis
751 1019 197 46 deriuatur
903 1019 76 46 a
933 1019 228 46 phantasmate
1115 1019 121 46 spec
1176 1019 76 46 ies

389 1057 254 47 intelligibilis
601 1057 127 47 vsque
685 1057 85 47 ad
728 1057 212 47 intellectum
897 1057 212 47 possibilem:
1066 1057 184 47 phantasia
1194 1057 56 47 au

383 1096 117 50 tem
450 1096 117 50 non
517 1096 151 50 habet
618 1096 234 50 immediatum
802 1096 184 50 ordinem
936 1096 100 50 ad
986 1096 251 50 intellectum
1170 1096 84 50 an-

379 1146 129 42 geli:
464 1146 114 42 ergo
536 1146 86 42 si
579 1146 157 42 angelus
693 1146 186 42 reciperet
836 1146 157 42 species
950 1146 71 42 a
979 1146 243 42 sensibilibus,
1164 1146 86 42 tunc

377 1182 219 42 simmediate
550 1182 204 42 reciperet
706 1182 94 42 ab
753 1182 125 42 eis,
832 1182 78 42 &
863 1182 110 42 sic
926 1182 188 42 secundum
1067 1182 172 42 ordinem
1176 1182 63 42 vn

377 1213 134 55 uersi
467 1213 164 55 angelus
586 1213 134 55 esset
676 1213 209 55 deterioris
840 1213 239 55 conditionis,
1034 1213 119 55 quam
1109 1213 134 55 anima
1183 1213 60 55 ra

376 1255 206 46 tionalis,
535 1255 95 46 eo
582 1255 127 46 quod
661 1255 143 46 talem
757 1255 174 46 ordinem
883 1255 174 46 haberet
1010 1255 95 46 ad
1042 1255 206 46 sensibilia,

389 1293 156 49 qualem
499 1293 156 49 habent
608 1293 156 49 sensus
717 1293 265 49 particulares,
935 1293 109 49 qui
998 1293 203 49 immediate
1138 1293 109 49 reci-

377 1330 143 62 piunt
473 1330 255 62 impressiones
680 1330 143 62 rerum
759 1330 223 62 sensibilium,

421 1373 98 48 Ad
470 1373 164 48 primam
585 1373 197 48 rationem
732 1373 180 48 istorum
864 1373 213 48 dicendum,
1028 1373 131 48 quod
1093 1373 148 48 species

377 1409 96 50 in
425 1409 192 50 mentibus
569 1409 208 50 angelorum
729 1409 96 50 ab
777 1409 160 50 eisdem
888 1409 144 50 ldeis
984 1409 176 50 ereatae
1112 1409 144 50 sunt,
1192 1409 48 50 a

372 1450 155 40 quibus
480 1450 108 40 res
542 1450 201 40 huiusmodi
696 1450 201 40 speciebus
851 1450 278 40 representatae,
1067 1450 170 40 proceduni

372 1487 92 48 in
418 1487 138 48 esse;
510 1487 77 48 &
541 1487 123 48 ideo
618 1487 169 48 species
741 1487 92 48 in
787 1487 138 48 mente
879 1487 154 48 angeli
987 1487 246 48 representant
1171 1487 77 48 res

376 1527 121 44 non
445 1527 155 44 solum
548 1527 190 44 quantum
686 1527 103 44 ad
738 1527 155 44 rerum
841 1527 276 44 quidditatem:
1066 1527 121 44 sed
1117 1527 121 44 etiam

378 1572 185 44 quantum
513 1572 101 44 ad
563 1572 135 44 esse
648 1572 84 44 &
681 1572 101 44 ad
732 1572 152 44 modum
833 1572 202 44 essendi,
984 1572 135 44 quem
1069 1572 185 44 habent:
1186 1572 51 44 &

388 1614 111 41 quia
457 1614 166 41 quelibet
582 1614 97 41 res
637 1614 97 41 dum
693 1614 152 41 presens
804 1614 111 41 est,
873 1614 69 41 &
901 1614 194 41 actualiter
1053 1614 166 41 existit,
1164 1614 83 41 tumc

377 1646 142 46 habet
472 1646 127 46 esse
551 1646 222 46 necessario
725 1646 79 46 &
757 1646 253 46 determinate:
963 1646 111 46 dum
1026 1646 142 46 autem
1105 1646 127 46 futur.

372 1687 123 46 est,
448 1687 107 46 non
510 1687 138 46 habet
602 1687 123 46 esse
678 1687 260 46 determinatum,
893 1687 153 46 maxime
1000 1687 92 46 si
1046 1687 107 46 est
1107 1687 107 46 res
1153 1687 92 46 con-

382 1724 175 49 tingens:
514 1724 117 49 quia
587 1724 131 49 licet
674 1724 131 49 omne,
762 1724 117 49 quod
835 1724 117 49 est,
908 1724 146 49 quando
1010 1724 102 49 est
1069 1724 161 49 necesse
1171 1724 73 49 sit

381 1763 134 51 esse,
471 1763 89 51 vt
515 1763 164 51 dicitur
635 1763 134 51 primo
724 1763 268 51 perihermenias,
948 1763 134 51 tamen
1037 1763 89 51 de
1067 1763 164 51 singulari

381 1803 109 47 bus
444 1803 78 47 &
475 1803 171 47 futuris
599 1803 279 47 contingentibus
832 1803 109 47 non
894 1803 109 47 est
956 1803 233 47 determinata
1126 1803 109 47 veri-

383 1841 109 50 tas,
452 1841 82 50 vt
493 1841 150 50 dicitur
602 1841 150 50 ibidem;
711 1841 109 50 ideo
779 1841 150 50 species
889 1841 82 50 in
930 1841 191 50 intellectu
1080 1841 137 50 angeli
1162 1841 68 50 re-

382 1880 219 50 praesentant
558 1880 102 50 res
616 1880 234 50 determinate,
806 1880 102 50 dum
865 1880 205 50 actualiter
1025 1880 190 50 existunt:
1157 1880 73 50 sec

377 1918 113 51 res
441 1918 194 51 futuras,
587 1918 81 51 &
619 1918 161 51 maxime
732 1918 258 51 contingentes
942 1918 113 51 non
1006 1918 194 51 habentes
1135 1918 97 51 cau-

374 1956 105 45 sas
434 1956 165 45 certas,
554 1956 75 45 &
584 1956 256 45 determinatas,
795 1956 241 45 representant
990 1956 165 45 incerte
1111 1956 75 45 &
1126 1956 105 45 inde-

381 1998 226 46 terminate,
558 1998 81 46 &
590 1998 113 46 per
655 1998 226 46 consequens
832 1998 177 46 angelus
961 1998 226 46 cognitione
1122 1998 113 46 natu-

368 2036 158 41 rali,
474 2036 141 41 quam
562 2036 158 41 habet
667 2036 263 41 mediantibus
878 2036 228 41 huiusmodi
1036 2036 193 41 speciebus

372 2082 114 43 non
437 2082 147 43 habet
535 2082 179 43 aliquam
665 2082 163 43 certam
779 2082 195 43 notitiam
926 2082 98 43 de
974 2082 179 43 futuris
1088 2082 147 43 contin-

372 2123 220 44 gentibus;
541 2123 186 44 Neganda
677 2123 118 44 est
744 2123 135 44 ergo
829 2123 271 44 consequentia
1032 2123 203 44 praedictae

355 2154 154 54 rationis

405 2190 92 50 Et
451 2190 107 50 per
512 2190 107 50 hoc
573 2190 137 50 patet
664 2190 137 50 etiam
756 2190 92 50 ad
802 2190 122 50 alia
878 2190 107 50 duo
939 2190 214 50 argumenta:
1107 2190 122 50 quia
1168 2190 61 50 ex

365 2245 198 40 progressu
517 2245 137 40 rerum
608 2245 91 40 in
654 2245 122 40 esse
730 2245 152 40 angeli
836 2245 91 40 in
881 2245 213 40 cognitione
1033 2245 198 40 proficiunt;

374 2281 125 40 quia
453 2281 110 40 cum
515 2281 110 40 res
578 2281 235 40 determinate
766 2281 172 40 capiunt
892 2281 141 40 esse,
986 2281 125 40 tunc
1049 2281 172 40 determina

365 2310 90 46 te
410 2310 75 46 a
440 2310 194 46 speciebus
589 2310 134 46 illis
679 2310 299 46 repraesentantur,
932 2310 75 46 &
962 2310 105 46 per
1022 2310 209 46 consequens
1171 2310 60 46 ab

365 2350 158 51 angelo
476 2350 316 51 certitudinaliter
728 2350 237 51 cognoscuntur,

401 2394 208 45 Conclusio
561 2394 160 45 tertia
672 2394 192 45 superius
816 2394 192 45 promissa
960 2394 176 45 indiget
1087 2394 144 45 magna
1167 2394 80 45 de-

365 2428 220 47 claratione
538 2428 79 47 &
569 2428 188 47 multarum
711 2428 204 47 opinionum
868 2428 251 47 recitatione;
1072 2428 157 47 igitur
1166 2428 63 47 ne

360 2471 214 48 praesentem
528 2471 229 48 quaestionem
711 2471 138 48 nimis
803 2471 107 48 diu
864 2471 168 48 teneam,
986 2471 92 48 de
1032 2471 122 48 ipsa
1109 2471 92 48 ad
1139 2471 92 48 prae

359 2515 122 43 sens
435 2515 138 43 nihil
527 2515 138 43 dico;
619 2515 77 43 &
649 2515 153 43 spero,
757 2515 122 43 quod
833 2515 107 43 eam
894 2515 107 43 rem
956 2515 138 43 sumam
1047 2515 92 43 in
1093 2515 92 43 4.
1139 2515 122 43 lib

360 2545 138 46 dist.
452 2545 108 46 45.
513 2545 108 46 ibi
575 2545 123 46 enim
652 2545 200 46 tractatur
805 2545 169 46 quomodo
928 2545 154 46 angeli
1020 2545 200 46 intercedunt

369 2583 103 54 pro
428 2583 147 54 nobis,
531 2583 73 54 &
560 2583 191 54 orationes
707 2583 161 54 nostras
824 2583 176 54 offerunt
956 2583 117 54 ipsi
1015 2583 88 54 Deo.

390 2627 104 50 Ad
442 2627 243 50 argumentum
632 2627 243 50 principale
823 2627 225 50 dicendum,
996 2627 139 50 quod
1066 2627 121 50 homi-

437 2667 110 45 nes
500 2667 110 45 non
563 2667 157 45 habent
673 2667 79 45 a
705 2667 173 45 natura,
830 2667 126 45 quod
909 2667 220 45 restaurent
1066 2667 79 45 il-

469 2702 119 46 lam
537 2702 221 46 angelorum
707 2702 170 46 ruinam
827 2702 119 46 sed
895 2702 153 46 solum
997 2702 102 46 ex
1031 2702 85 46 Dei

519 2741 170 56 gratia:
642 2741 77 56 &
673 2741 123 56 ideo
750 2741 108 56 non
811 2741 170 56 oportet
919 2741 139 56 huiusmo

548 2785 93 43 di
594 2785 124 43 esse
671 2785 247 43 proportionem
857 2785 170 43 similitu,

581 2819 163 52 dinis
689 2819 199 52 hominum
834 2819 90 52 &
852 2819 127 52 ange-

628 2855 148 56 lorum
726 2855 99 56 in
759 2855 181 56 naturali-

667 2897 125 59 bus,
745 2897 109 59 sed
792 2897 109 59 solum

695 2936 95 54 in
727 2936 143 54 gratui

725 2979 110 53 tis.

1347 321 500 74 DISTINCTIO
1740 321 285 74 IIIL
1883 321 178 74 &V.

1351 418 218 77 Perspicua
1519 418 151 77 biius
1619 418 285 77 distinctionis
1854 418 184 77 diuisio
1988 418 84 77 n
2004 418 84 77 qua

1431 478 230 55 angelorum
1608 478 194 55 gloria,
1750 478 124 55 net
1820 478 124 55 non
1873 478 124 55 eorum

1538 518 174 73 miseria
1665 518 237 73 mnquiritur.

1596 621 319 47 OSTMACVI
1835 621 266 47 DRNDVM
1995 621 159 47 EST.

1620 662 205 44 Postquam
1774 662 205 44 Magister
1910 662 239 44 determinauit

1613 699 94 44 de
1660 699 235 44 differentia
1849 699 78 44 &
1880 699 251 44 conuenientia
2069 699 78 44 an-

1626 748 182 43 gelorum,
1762 748 106 43 hic
1823 748 182 43 inquirit
1959 748 91 43 de
2005 748 151 43 gloria
2111 748 76 43 &

1613 779 165 50 miseria
1733 779 180 50 ipsorum,
1868 779 75 50 &
1898 779 195 50 diuiditur
2048 779 75 50 i
2063 779 90 50 tres

1617 825 163 42 partes:
1736 825 104 42 nam
1795 825 133 42 primo
1884 825 193 42 ostendit,
2032 825 119 42 quod
2092 825 59 42 an

1603 857 110 55 geli
1672 857 96 55 nec
1727 857 151 55 miseri,
1836 857 110 55 nioc
1905 857 123 55 beati
1987 857 151 55 fuerunt
2083 857 68 55 pri

1550 864 97 78 Ei
1598 864 97 78 mo
1647 864 178 78 creati.
1777 864 178 78 Secundo
1906 864 211 78 ostendit,
2052 864 97 78 quo-

1273 940 121 52 modo
1348 940 75 52 &
1379 940 106 52 per
1439 940 121 52 quid
1514 940 151 52 aliqui
1620 940 136 52 facti
1710 940 121 52 sunt
1786 940 166 52 miseri,
1907 940 75 52 &
1937 940 151 52 aliqui
2027 940 121 52 beati,

1279 972 153 54 Tertio
1386 972 230 54 prosequitur
1570 972 199 54 distincte
1723 972 153 54 modum,
1830 972 107 54 quo
1891 972 153 54 miseri
1998 972 122 54 sunt
2059 972 77 54 dam

1279 1013 138 47 nati,
1371 1013 123 47 alij
1448 1013 123 47 vero
1524 1013 184 47 secundum
1663 1013 138 47 nouem
1755 1013 154 47 choros
1862 1013 200 47 feliciter
2001 1013 138 47 ordina-

1273 1057 99 44 ti.
1329 1057 155 44 Secunda
1442 1057 155 44 incipit
1555 1057 113 44 ibi,
1625 1057 113 44 Post
1696 1057 113 44 haec
1766 1057 240 44 consideratio.
1964 1057 141 44 Tertia
2062 1057 113 44 ibi,

1277 1089 188 59 Praeterea
1421 1089 130 59 scire
1508 1089 173 59 oportet.
1638 1089 145 59 Primae
1739 1089 116 59 duae
1811 1089 145 59 partes
1913 1089 116 59 sint
1971 1089 173 59 praesentis

1279 1125 214 65 lectionis,
1447 1125 153 65 quarum
1553 1125 137 65 prima
1645 1125 198 65 diuiditur
1797 1125 92 65 in
1843 1125 122 65 duas
1919 1125 168 65 partes,
2026 1125 107 65 secun

1272 1168 127 52 dum,
1351 1168 127 52 quod
1431 1168 190 52 Magister
1573 1168 206 52 respondet
1731 1168 158 52 duabus
1842 1168 285 52 quaestionibus,
2064 1168 79 52 qua

1280 1209 101 51 rum
1337 1209 130 51 prima
1424 1209 116 51 est,
1497 1209 130 51 Vtrum
1583 1209 145 51 angeli
1685 1209 159 51 fuerunt
1801 1209 145 51 creati
1902 1209 159 51 miseri,
2018 1209 101 51 vel
2061 1209 87 51 bea-

1278 1251 103 47 ti;
1337 1251 177 47 Secunda,
1470 1251 133 47 Vtrum
1559 1251 162 47 fuerunt
1677 1251 148 47 creati
1780 1251 177 47 perfecti
1913 1251 103 47 vel
1958 1251 177 47 imperfecti

1270 1288 173 57 Secunda
1396 1288 125 57 ibi;
1474 1288 94 57 Ad
1521 1288 110 57 hoc
1584 1288 141 57 autem
1678 1288 110 57 &c.
1741 1288 141 57 Prima
1835 1288 94 57 in
1882 1288 141 57 tres;
1976 1288 110 57 nam
2023 1288 110 57 primo

1273 1328 101 45 ad
1324 1328 168 45 primam
1442 1328 253 45 quaestionem
1644 1328 219 45 respondet
1812 1328 236 45 opinatiue;
1980 1328 152 45 Secundo

1273 1364 196 58 respondet
1424 1364 272 58 determinatiue,
1650 1364 75 58 &
1680 1364 151 58 tertio
1786 1364 196 58 praedicta
1937 1364 166 58 resumit
2042 1364 91 58 epi-

1277 1404 185 60 logatiue.
1419 1404 157 60 Secunda
1533 1404 114 60 ibi,
1604 1404 100 60 Sed
1661 1404 114 60 haec
1732 1404 142 60 magis,
1832 1404 142 60 Tertia
1932 1404 114 60 ibi,
2003 1404 85 60 Ex
2031 1404 114 60 praedi

1274 1444 115 48 cti;
1346 1444 101 48 &c.
1403 1444 173 48 Sequitur
1533 1444 216 48 distinctio.
1706 1444 87 48 5.
1750 1444 115 48 Post
1822 1444 115 48 haec
1894 1444 101 48 &c.
1951 1444 87 48 In
1995 1444 101 48 qua
2038 1444 101 48 Magi-

1266 1478 121 55 ster
1341 1478 181 55 ostendit
1477 1478 166 55 quomodo
1597 1478 75 55 &
1628 1478 105 55 per
1688 1478 121 55 quid
1763 1478 151 55 aliqui
1869 1478 151 55 angeli
1974 1478 136 55 facti
2050 1478 90 55 sunt

1281 1521 164 61 miseri,
1401 1521 75 61 &
1431 1521 149 61 aliqui
1535 1521 149 61 beati;
1640 1521 135 61 circa
1729 1521 120 61 quod
1804 1521 105 61 est
1864 1521 239 61 aduertendum,
2043 1521 90 61 quod

1274 1565 174 44 amorosa
1401 1565 206 44 conuersio
1559 1565 95 44 ad
1607 1565 127 44 Deum
1686 1565 79 44 &
1718 1565 158 44 odiosa
1829 1565 174 44 auersio
1956 1565 79 44 a
1987 1565 127 44 Deo,
2051 1565 79 44 fuc

1270 1609 124 46 runt
1347 1609 155 46 causae
1455 1609 248 46 separationis
1657 1609 170 46 ipsorum
1781 1609 201 46 angelorum
1936 1609 186 46 secundum
2060 1609 77 46 mi-

1268 1639 174 56 seriam,
1395 1639 79 56 &
1426 1639 190 56 gloriam.
1569 1639 127 56 Mox.
1648 1639 79 56 n
1679 1639 111 56 cum
1743 1639 95 56 ij
1790 1639 111 56 per
1853 1639 206 56 caritatem
2011 1639 111 56 Deo
2059 1639 79 56 ad-

1282 1678 193 57 neserunt,
1431 1678 74 57 &
1460 1678 119 57 alij
1535 1678 104 57 per
1594 1678 134 57 odium
1683 1678 74 57 a
1713 1678 104 57 Deo
1773 1678 89 57 se
1817 1678 223 57 auerterunt,
1995 1678 119 57 tunc
2055 1678 89 57 illi

1266 1715 169 55 fuerunt
1389 1715 184 55 damnati,
1527 1715 123 55 isti
1604 1715 138 55 autem
1696 1715 154 55 beati.
1803 1715 154 55 lgitur
1911 1715 184 55 Magister
2034 1715 108 55 circa

1279 1756 122 60 stam
1355 1756 183 60 materiam
1492 1756 107 60 duo
1553 1756 153 60 facit:
1660 1756 122 60 quia
1736 1756 137 60 primo
1828 1756 168 60 tractat
1950 1756 92 60 de
1996 1756 122 60 actu
2057 1756 76 60 con

1268 1804 209 41 uersionis
1429 1804 97 41 ad
1477 1804 129 41 Deum
1558 1804 80 41 &
1590 1804 225 41 auersionis
1767 1804 80 41 a
1799 1804 129 41 Deo,
1879 1804 177 41 Secundo
2008 1804 97 41 de
2040 1804 97 41 con-

1276 1830 182 61 uertendi
1412 1830 76 61 &
1442 1830 197 61 auertendi
1594 1830 197 61 principio
1745 1830 242 61 potestatiuo,
1942 1830 121 61 puta
2018 1830 91 61 de
2048 1830 91 61 libe

1270 1877 96 58 ro
1318 1877 191 58 arbitrio
1461 1877 127 58 ibi,
1541 1877 191 58 Habebant
1684 1877 127 58 enim
1764 1877 143 58 omnes
1859 1877 111 58 &c.
1939 1877 111 58 nec
2003 1877 96 58 in
2034 1877 96 58 duas

1277 1920 129 54 quia
1357 1920 145 54 primo
1454 1920 161 54 tangit
1566 1920 96 54 de
1615 1920 209 54 huiusmodi
1775 1920 161 54 libera
1888 1920 161 54 omnium
1984 1920 145 54 angelo-

1268 1956 112 49 rum
1332 1956 208 49 potentia;
1492 1956 176 49 Secundo
1620 1956 208 49 ostendit,
1781 1956 176 49 quomodo
1909 1956 144 49 bonis
1989 1956 144 49 angelis

1271 1992 202 57 superaddita
1432 1992 108 57 fuit
1500 1992 148 57 gratia,
1607 1992 108 57 ibi,
1675 1992 81 57 Si
1715 1992 121 57 autem
1796 1992 175 57 queritur;
1931 1992 67 57 &
1958 1992 108 57 haec
2025 1992 67 57 i
2039 1992 94 57 duas;

1272 2038 130 53 quia
1353 2038 146 53 primo
1450 2038 195 53 ostendit
1596 2038 179 53 quomodo
1726 2038 211 53 huiusmodi
1889 2038 162 53 angeli
1986 2038 146 53 recepe-

1266 2080 127 50 runt
1345 2080 190 50 gratiam:
1488 2080 174 50 Secundo
1615 2080 190 50 inquirit
1758 2080 95 50 an
1805 2080 206 50 meruerint
1948 2080 190 50 beatitudi-

1274 2119 98 53 nis
1330 2119 112 53 suae
1400 2119 168 53 gloriam,
1527 2119 112 53 ibi;
1597 2119 98 53 Hic
1653 2119 140 53 quaeri
1751 2119 140 53 solet:
1849 2119 126 53 Prima
1934 2119 84 53 in
1976 2119 126 53 duas:
2046 2119 84 53 quia

1259 2152 140 60 primo
1353 2152 218 60 manifestat
1524 2152 171 60 quomodo
1649 2152 171 60 angeli;
1774 2152 109 60 qui
1836 2152 265 60 perstiterunt,
2039 2152 93 60 gra-

1258 2197 115 40 tia
1323 2197 229 40 cooperante
1503 2197 180 40 fuerunt
1634 2197 180 40 dotatis
1765 2197 180 40 Secundo
1896 2197 180 40 quomodo
2010 2197 115 40 ange-

1262 2224 99 65 li,
1319 2224 99 65 qui
1375 2224 241 65 superbierunt,
1574 2224 184 65 huiusmodi
1716 2224 142 65 gratia
1815 2224 156 65 fuerunt
1928 2224 170 65 priuati,
2042 2224 85 65 ibi-

1269 2263 169 63 ldeoque
1391 2263 77 63 a
1422 2263 215 63 quibusdam,
1591 2263 77 63 &
1621 2263 123 63 haec
1698 2263 92 63 in
1744 2263 138 63 duas:
1836 2263 107 63 nam
1897 2263 138 63 primo
1974 2263 153 63 excludit

1264 2303 234 56 quorumduam
1448 2303 167 56 falsam
1565 2303 300 56 credulitatem,;
1815 2303 183 56 Secundo
1932 2303 183 56 determina

1268 2355 198 51 veritatem,
1423 2355 113 51 ibi,
1494 2355 113 51 Quia
1564 2355 113 51 vero
1635 2355 127 51 alijs
1720 2355 99 51 &c.
1776 2355 113 51 Haec
1847 2355 99 51 est
1903 2355 184 51 sententia
2030 2355 99 51 ista-

1266 2394 108 50 rum
1327 2394 154 50 duarum
1435 2394 262 50 distinctionum
1651 2394 93 50 in
1698 2394 201 50 generali,
1852 2394 139 50 circa
1944 2394 123 50 quas
2006 2394 108 50 quaer

1262 2421 81 54 in
1303 2421 176 54 speciali.

1534 2504 352 87 Quastio.
1768 2504 88 87 I

1410 2608 105 71 An
1463 2608 175 71 angeli
1586 2608 193 71 fuerunt
1726 2608 175 71 creati
1831 2608 140 71 beati.

1304 3019 143 56 VTRVM
1400 3019 159 56 angeli
1511 3019 175 56 fuerunt
1638 3019 159 56 creati
1749 3019 159 56 beati.
1861 3019 95 56 Et
1908 3019 175 56 videtur
2020 3019 95 56 quod

1262 3021 135 85 sic:
1347 3021 135 85 quia
1431 3021 152 85 clare
1532 3021 135 85 Deum
1617 3021 169 85 videre
1735 3021 118 85 est
1803 3021 135 85 esse
1887 3021 186 85 beatum:
2006 3021 101 85 quii

1240 3094 191 53 secundum
1383 3094 207 53 Augustin
1542 3094 143 53 primo
1637 3094 95 53 de
1685 3094 127 53 trin
1764 3094 143 53 visio
1860 3094 111 53 est
1923 3094 127 53 tota
1987 3094 127 53 merces
