2230 3584
458 300 106 71 Sed
518 300 212 71 contrarium
685 300 152 71 istius
791 300 243 71 conclusionis
989 300 152 71 tenent
1095 300 152 71 aliqui
1201 300 136 71 solem

444 360 105 57 nes
504 360 195 57 doctores,
654 360 120 57 quod
728 360 165 57 probant
833 360 90 57 sic.

451 402 82 54 1
483 402 98 54 In
533 402 148 54 primo
631 402 213 54 principio
795 402 229 54 creationis
975 402 148 54 omnia
1074 402 180 54 fuerunt
1188 402 115 54 simul

443 443 155 49 creata,
556 443 99 49 vel
612 443 85 49 in
655 443 99 49 se,
711 443 127 49 veFin
796 443 113 49 suis
866 443 198 49 rationibus
1022 443 226 49 seminalibus:
1205 443 99 49 sed
1248 443 56 49 in

449 481 101 47 llo
506 481 130 47 primo
593 481 173 47 instanti
722 481 144 47 gloria
823 481 187 47 angelorum
967 481 101 47 non
1025 481 115 47 fuit
1097 481 144 47 creata
1198 481 86 47 in
1227 481 72 47 se:

438 522 109 47 quia
506 522 109 47 tunc
574 522 136 47 angeli
670 522 163 47 fuissent
792 522 136 47 creati
887 522 136 47 beati:
982 522 109 47 ergo
1050 522 122 47 talis
1132 522 136 47 gloria
1213 522 82 47 fuit

438 559 138 46 creata
535 559 83 46 in
576 559 97 46 suo
632 559 193 46 seminario,
784 559 111 46 quod
853 559 97 46 est
908 559 111 46 ipsa
977 559 138 46 gratia
1074 559 138 46 gratum
1157 559 138 46 faciens;

441 599 133 55 ergo
508 599 83 55 &c.

452 638 79 41 2
484 638 222 41 Praeterea,
658 638 111 41 non
722 638 143 41 magis
817 638 222 41 retardauit
992 638 127 41 Deus
1071 638 175 41 ornatum
1182 638 111 41 crea-

441 680 132 41 turae
529 680 234 41 spiritualis,
719 680 117 41 quam
793 680 219 41 corporalis:
968 680 102 41 sed
1027 680 161 41 corpora
1129 680 161 41 caelesti-

437 720 197 46 principio
588 720 121 46 suae
664 720 212 46 creationis
831 720 197 46 immediate
982 720 121 46 Deus
1058 720 167 46 ornauit
1179 720 121 46 suis
1239 720 61 46 lu

433 758 185 50 minibus:
571 758 123 50 ergo
648 758 77 50 &
679 758 200 50 creaturam
833 758 231 50 spiritualem
1018 758 170 50 ornauit
1142 758 154 50 gratia
1250 758 77 50 &

327 794 780 45 virtutibus.

444 827 77 55 3
474 827 215 55 Praeterea,
643 827 153 55 diuina
750 827 230 55 liberalitas
934 827 153 55 semper
1042 827 153 55 parata
1149 827 107 55 est
1195 827 92 55 dare

436 876 173 46 gratiam,
565 876 101 46 vbi
623 876 144 46 obicem
723 876 101 46 non
781 876 158 46 inuenit
896 876 86 46 ex
939 876 129 46 parte
1025 876 244 46 suscipientis:
1212 876 72 46 set

435 913 149 41 angeli
539 913 89 41 in
584 913 134 41 primo
673 913 179 41 instanti
807 913 119 41 suae
882 913 209 41 creationis
1046 913 149 41 nullum
1135 913 164 41 habuerunt

428 950 94 47 in
475 950 94 47 se
522 950 251 47 impedimentum
726 950 172 47 gratiae
836 950 235 47 suscipiendae.

447 988 78 48 4
479 988 217 48 Praeterea,
649 988 109 48 cum
711 988 171 48 pronior
836 988 109 48 sit
898 988 124 48 Deus
975 988 93 48 ad
1022 988 233 48 miserendum,
1193 988 93 48 quam

433 1032 98 43 ad
482 1032 278 43 condemnandum,
711 1032 114 43 non
776 1032 147 43 minus
874 1032 229 43 concreauit
1054 1032 180 43 angelis
1169 1032 114 43 princ

438 1069 136 38 pium
523 1069 204 38 merendi,
676 1069 136 38 quam
761 1069 238 38 principium
947 1069 238 38 demerendi:
1134 1069 119 38 sed
1185 1069 102 38 Deus

429 1107 217 52 concreauit
599 1107 170 52 angelis
723 1107 170 52 liberum
847 1107 217 52 arbitrium,
1017 1107 108 52 quo
1079 1107 201 52 potuerunt
1218 1107 62 52 di

433 1141 164 50 mereri:
553 1141 149 50 igitur
657 1141 75 50 &
687 1141 209 50 concreauit
851 1141 105 50 eis
911 1141 179 50 gratiam,
1045 1141 105 50 qua
1105 1141 119 50 sola
1165 1141 119 50 potue-

425 1185 130 51 runt
490 1185 146 51 mereri.

439 1200 78 78 3
471 1200 204 78 Preterea,
627 1200 157 78 arguit
737 1200 141 78 quida
831 1200 141 78 alius
925 1200 94 78 ad
972 1200 125 78 idem
1051 1200 125 78 sic,
1129 1200 125 78 Homo
1192 1200 94 78 fuit

433 1263 161 50 creatus
550 1263 88 50 in
594 1263 161 50 gratia:
711 1263 117 50 ergo
784 1263 73 50 &
813 1263 161 50 angelus
930 1263 234 50 consequentia
1120 1263 146 50 patet:
1207 1263 88 50 quia

432 1305 109 44 non
494 1305 171 44 minoris
618 1305 217 44 dignitatis
788 1305 171 44 fuerunt
912 1305 171 44 angeli,
1036 1305 124 44 quam
1114 1305 155 44 primus
1207 1305 78 44 ho-

426 1345 109 39 mo.
488 1345 217 39 Antecedens
658 1345 202 39 probatur,
813 1345 124 39 quia
891 1345 124 39 homo
968 1345 124 39 fuit
1046 1345 171 39 creatus
1170 1345 93 39 in
1201 1345 78 39 iu-

419 1379 145 50 stitia
521 1379 203 50 originali:
681 1379 116 50 quae
754 1379 145 50 quidem
856 1379 174 50 iustitia
986 1379 189 50 origmalis
1132 1379 102 50 non
1175 1379 102 50 vide-

421 1427 97 41 tur
476 1427 138 41 fuisse
573 1427 111 41 sine
642 1427 138 41 gratia
739 1427 235 41 concomitante,
933 1427 111 41 quia
1002 1427 207 41 consistebat
1167 1427 83 41 in
1195 1427 83 41 per-

420 1464 138 44 fecta
512 1464 215 44 obedientia
681 1464 184 44 corporis
819 1464 92 44 ad
865 1464 169 44 animam,
988 1464 77 44 &
1019 1464 154 44 virium
1126 1464 184 44 inferio

429 1496 107 46 rum
490 1496 92 46 ad
536 1496 230 46 superiores,
720 1496 77 46 &
751 1496 92 46 in
797 1496 230 46 rectitudine
981 1496 215 46 voluntatis
1149 1496 92 46 ad
1180 1496 92 46 Deum

419 1539 161 47 quorum,
536 1539 131 47 sicut
624 1539 102 47 duo
682 1539 131 47 prima
770 1539 102 47 non
828 1539 175 47 videntur
960 1539 117 47 esse
1033 1539 117 47 sine
1106 1539 146 47 gratia
1193 1539 88 47 gra-

417 1581 103 41 tis
476 1581 133 41 data,
565 1581 103 41 ita
624 1581 162 41 tertium
742 1581 103 41 non
801 1581 162 41 videtur
919 1581 148 41 fuisse
1022 1581 118 41 sine
1096 1581 148 41 gratia
1184 1581 89 41 gra-

422 1612 131 54 tum
478 1612 206 54 faciente.

434 1653 80 49 4
466 1653 223 49 Praeterea,
641 1653 111 49 hoc
704 1653 127 49 idem
784 1653 175 49 probant
911 1653 286 49 auctoritatibus
1134 1653 143 49 sancto-

416 1689 120 52 rum:
491 1689 105 52 nam
551 1689 150 52 Deatus
655 1689 165 52 August.
775 1689 105 52 12.
835 1689 90 52 de
880 1689 135 52 ciui.
970 1689 105 52 Dei
1030 1689 165 52 loquens
1149 1689 90 52 de
1179 1689 90 52 cre:

418 1736 142 47 tione
513 1736 205 47 angelorum
670 1736 126 47 ait,
749 1736 126 47 quod
827 1736 126 47 Deus
906 1736 142 47 simul
1000 1736 126 47 erat
1079 1736 173 47 condens
1189 1736 79 47 na-

415 1766 141 46 turam
509 1766 78 46 &
541 1766 188 46 largiens
682 1766 188 46 gratiam.
823 1766 94 46 Et
870 1766 157 46 ibidem
979 1766 125 46 ait,
1058 1766 141 46 Nonam
1136 1766 141 46 volunta

421 1811 92 39 tem
473 1811 105 39 quis
539 1811 144 39 fecerat
644 1811 79 39 in
683 1811 157 39 angelis,
801 1811 105 39 nisi
867 1811 118 39 ille,
945 1811 92 39 qui
998 1811 92 39 eos
1050 1811 92 39 cum
1103 1811 105 39 bona
1155 1811 118 39 volunta

416 1849 106 51 te,
477 1849 91 51 id
522 1849 122 51 est,
598 1849 106 51 cum
659 1849 137 51 amore
750 1849 137 51 casto
841 1849 182 51 creauit:
978 1849 122 51 Item
1054 1849 213 51 Hicronymus
1206 1849 61 51 in

422 1887 141 60 Olosa
517 1887 141 60 super
611 1887 126 60 Osea
689 1887 126 60 ait,
768 1887 126 60 quod
847 1887 173 60 demones
972 1887 94 60 in
1020 1887 141 60 magna
1098 1887 173 60 pinguedi-

410 1924 108 48 ne
464 1924 216 48 spiritus
626 1924 180 48 sancti
753 1924 180 48 creati
879 1924 162 48 sunt.

442 1968 110 56 Sed
505 1968 141 56 istis
599 1968 110 56 non
662 1968 235 56 obstantibus
850 1968 141 56 teneo
944 1968 251 56 conclusionem
1133 1968 141 56 praedi-

416 2004 141 47 ctam,
511 2004 79 47 &
542 2004 189 47 confirmo
684 2004 110 47 eam
731 2004 94 47 sic.

489 2044 148 48 lllud,
593 2044 118 48 quod
666 2044 148 48 crcato
770 2044 103 48 est
829 2044 221 48 concreatum,
1006 2044 162 48 videtur
1124 2044 118 48 esse
1183 2044 89 48 natu

410 2085 105 59 rale
476 2085 105 59 ipsi
541 2085 145 59 creato;
647 2085 132 59 igitur
739 2085 79 59 si
778 2085 145 59 angelis
883 2085 132 59 gratia
976 2085 145 59 fuisset
1081 2085 184 59 concreata,
1212 2085 53 59 ip

401 2122 92 43 si
447 2122 153 43 angeli
553 2122 214 43 potuissent
721 2122 168 43 gratiam
843 2122 198 43 reputasse
980 2122 153 43 naturam.

414 2161 77 46 2
444 2161 214 46 Praeterea,
613 2161 260 46 complacentia,
827 2161 107 46 qua
888 2161 184 46 creatura
1026 2161 184 46 existens
1149 2161 107 46 ingra

414 2205 99 44 tia
470 2205 141 44 gratum
569 2205 170 44 faciente
697 2205 184 44 complacet
838 2205 113 44 sibi
909 2205 113 44 ipsi
979 2205 85 44 ex
1022 2205 99 44 eo,
1078 2205 113 44 quod
1149 2205 113 44 est.
1205 2205 57 44 in

408 2243 151 44 gratia,
518 2243 96 44 est
573 2243 123 44 actus
655 2243 192 44 meritorius
806 2243 123 44 vitae
888 2243 178 44 aeternae:
1025 2243 110 44 quia
1094 2243 123 44 sicut
1162 2243 96 44 ange-

411 2281 113 47 lus,
482 2281 99 47 vel
538 2281 199 47 quaecunque
695 2281 170 47 creatura
822 2281 184 47 demeretur
964 2281 113 47 sibi
1035 2281 113 47 ipsi
1106 2281 128 47 nimis
1177 2281 85 47 con-

420 2321 176 46 placendo
552 2321 88 46 in
596 2321 234 46 naturalibus,
786 2321 102 46 sic
845 2321 161 46 meretur
962 2321 117 46 sibi
1035 2321 117 46 ipsi
1093 2321 161 46 complacen

409 2359 85 48 do
451 2359 85 48 in
494 2359 198 48 gratuitis:
649 2359 99 48 sed
705 2359 184 48 quicunque
847 2359 155 48 angelus
960 2359 85 48 se
1002 2359 155 48 vdisset
1115 2359 85 48 in
1143 2359 113 48 pulchr

403 2395 141 46 tudine
501 2395 155 46 gratiae
614 2395 141 46 gratum
712 2395 197 46 facientis,
867 2395 197 46 necessario
1021 2395 112 46 sibi
1091 2395 112 46 ipsi
1162 2395 84 46 in
1190 2395 70 46 hoc

401 2433 355 48 complacuisset:igitur
711 2433 133 48 vitam
800 2433 177 48 aeternam
933 2433 207 48 meruisset,
1096 2433 74 48 &
1125 2433 103 48 per
1169 2433 89 48 con-

414 2472 170 54 sequens
537 2472 155 54 nullus
645 2472 170 54 fuisset
753 2472 155 54 damnatus

444 2514 88 42 Ad
488 2514 146 42 primam
591 2514 146 42 igitur
693 2514 307 42 rationendicendum,
956 2514 117 42 quod
1029 2514 132 42 dato,
1117 2514 117 42 quod
1175 2514 88 42 illa

402 2554 139 49 maior
494 2554 108 49 sit
556 2554 123 49 vera
633 2554 170 49 quantum
756 2554 93 49 ad
802 2554 216 49 naturalia,
972 2554 139 49 tamen
1065 2554 108 49 non
1126 2554 108 49 est
1172 2554 93 49 vera

420 2590 164 61 uantum
534 2590 98 61 ad
584 2590 213 61 gratuita:
748 2590 115 61 Nam
813 2590 197 61 secundum
961 2590 148 61 Augu.
1059 2590 115 61 Qui
1108 2590 148 61 creauis

400 2630 118 54 nos
468 2630 135 54 sine
552 2630 169 54 nobis,
670 2630 118 54 non
738 2630 270 54 iustificabit
958 2630 118 54 nos
1025 2630 135 54 sine
1093 2630 135 54 nobis.

424 2675 98 42 Ad
473 2675 195 42 secundam
619 2675 130 42 nego
700 2675 179 42 maiore:
831 2675 114 42 nam
896 2675 179 42 ornatus
1026 2675 179 42 naturae
1140 2675 114 42 corpe

405 2709 131 48 ralis
493 2709 102 48 est
551 2709 160 48 eiusdem
667 2709 145 48 status
769 2709 102 48 cum
827 2709 102 48 sua
885 2709 160 48 natura:
1001 2709 189 48 huiusmodi
1147 2709 73 48 n
1161 2709 102 48 orna-

392 2755 123 42 tus,
468 2755 77 42 &
499 2755 123 42 ipsa
576 2755 169 42 natura,
699 2755 123 42 quam
775 2755 153 42 ornat,
883 2755 230 42 constituunt
1067 2755 123 42 vnum
1128 2755 123 42 statum

405 2786 111 48 puta
475 2786 139 48 statum
572 2786 167 48 naturae:
697 2786 97 48 sed
753 2786 125 48 alter
836 2786 97 48 est
892 2786 139 48 status
989 2786 153 48 naturae
1086 2786 167 48 quauiscuqu

410 2825 206 50 piritualis,
575 2825 69 50 &
603 2825 124 50 alter
685 2825 137 50 status
781 2825 165 50 gratiae:
905 2825 69 50 &
932 2825 110 50 ideo
1001 2825 137 50 natura
1083 2825 179 50 spiritualis

395 2870 142 40 debet
490 2870 222 40 praecedere
664 2870 190 40 gratiam,
807 2870 95 40 ne
854 2870 158 40 gratia
965 2870 190 40 videatur
1091 2870 127 40 natura

446 2903 96 50 Ad
494 2903 176 50 tertiam
622 2903 208 50 dicendum,
782 2903 128 50 quod
861 2903 176 50 quamuis
989 2903 96 50 in
1037 2903 144 50 primo
1117 2903 128 50 instan

401 2946 96 42 ti
449 2946 128 42 suae
529 2946 224 42 creationis
705 2946 112 42 non
769 2946 208 42 habuerint
928 2946 256 42 impedimentum
1136 2946 96 42 ad
1168 2946 80 42 gra

400 2983 141 52 tiam,
494 2983 188 52 loquendo
636 2983 94 52 de
683 2983 235 52 impedimento
871 2983 204 52 contrarie
1028 2983 110 52 vel
1075 2983 173 52 priuatiue

396 3022 115 46 quod
468 3022 101 46 est
525 3022 173 46 auertere
654 3022 86 46 se
698 3022 72 46 a
726 3022 158 46 gratia,
841 3022 101 46 vel
899 3022 173 46 refutare
1028 3022 173 46 gratiam,
1143 3022 101 46 habue

393 3067 141 47 cunt
482 3067 159 47 tamen
587 3067 300 47 impedimentum,
834 3067 212 47 loquendo
993 3067 106 47 de
1028 3067 229 47 impedimento

392 3100 197 44 negatiue,
544 3100 121 44 quod
620 3100 106 44 est
680 3100 106 44 non
741 3100 213 44 conuertete
908 3100 91 44 se
953 3100 91 44 ad
999 3100 182 44 gratiam:
1136 3100 121 44 quia
1196 3100 61 44 an

402 3140 83 47 te
444 3140 125 47 illud
527 3140 152 47 instans
638 3140 97 47 non
693 3140 111 47 fuit
762 3140 83 47 in
804 3140 97 47 eis
859 3140 111 47 vsus
929 3140 139 47 liberi
1026 3140 180 47 arbitrii,
1164 3140 97 47 quo
1206 3140 55 47 se

1316 306 99 75 ad
1365 306 181 75 gratiam
1497 306 247 75 affectandam
1678 306 247 75 conuerterent.

1361 338 93 85 Ad
1408 338 171 85 quartam
1533 338 202 85 dicendum,
1688 338 125 85 quod
1766 338 93 85 in
1813 338 109 85 hoc
1875 338 202 85 relucebat
2015 338 109 85 magna

1326 402 161 56 bonitas
1443 402 117 56 Dei,
1517 402 117 56 quod
1590 402 132 56 dedit
1678 402 102 56 eis
1736 402 161 56 naturam
1853 402 205 56 inclinatam
2015 402 88 56 ad
2044 402 73 56 vrt

1334 444 100 55 tem
1391 444 114 55 sine
1462 444 114 55 omni
1533 444 214 55 incitamento
1704 444 214 55 intrinseco,
1875 444 100 55 vel
1932 444 200 55 extrinseco
2075 444 57 55 ad

1328 489 165 51 vitium,
1448 489 105 51 seu
1508 489 90 51 ad
1553 489 195 51 peccatum:
1703 489 195 51 habuerunt
1852 489 135 51 etiam
1942 489 135 51 omnes
2017 489 105 51 angel

1323 523 207 56 sufficiens
1486 523 221 56 principium,
1663 523 103 56 quo
1722 523 148 56 saltem
1825 523 89 56 de
1869 523 162 56 congruo
1973 523 162 56 mereripo-

1333 568 174 48 tuerunt,
1463 568 72 48 &
1492 568 174 48 virtuose
1622 568 217 48 persistere,
1796 568 130 48 donec
1883 568 101 48 eis
1941 568 116 48 Deus
1999 568 130 48 gratiam

1323 601 223 61 infudisset,
1502 601 104 61 qua
1561 601 179 61 mediante
1695 601 134 61 etiam
1785 601 89 61 de
1829 601 179 61 condigno
1963 601 119 61 suam
2023 601 104 61 beati

1329 636 200 51 tudinem
1456 636 218 51 meruissent

1362 682 88 45 Ad
1406 682 161 45 quintam
1523 682 117 45 nego
1597 682 220 45 antecedens:
1772 682 205 45 oppositum.
1933 682 88 45 n,
1977 682 161 45 probaui
2079 682 59 45 su

1326 723 147 51 perius
1429 723 103 51 per
1488 723 147 51 dictum
1592 723 118 51 Aug.
1665 723 74 51 &
1695 723 192 51 Magistri.
1842 723 88 51 Ad
1886 723 221 51 probationem
2049 723 88 51 dico

1323 760 116 50 quod
1396 760 116 50 illa
1469 760 189 50 rectitudo
1614 760 204 50 voluntatis
1774 760 87 50 ad
1818 760 116 50 Deum
1891 760 204 50 consistere
2036 760 102 50 pote-

1321 801 100 50 rat
1378 801 86 50 in
1421 801 129 50 amore
1507 801 186 50 naturali,
1650 801 100 50 qui
1707 801 115 50 erat
1779 801 143 50 gratia
1879 801 143 50 gratis
1965 801 86 50 data

1367 836 89 52 Ad
1412 836 148 52 sextam
1515 836 192 52 dicendum,
1663 836 118 52 quod
1736 836 133 52 sicut
1825 836 162 52 propter
1943 836 192 52 bonitatem
2076 836 59 52 mo

1320 878 146 37 rulae,
1423 878 117 37 quae
1496 878 117 37 fuit
1569 878 131 37 inter
1656 878 204 37 creationem
1817 878 204 37 angelorum,
1977 878 73 37 &
2007 878 131 37 casum
2080 878 58 37 ma

1319 913 149 48 lorum,
1423 913 194 48 quandoque
1572 913 134 48 malus
1662 913 164 48 angelus
1781 913 164 48 dicitur
1900 913 134 48 malus
1989 913 89 48 ab
2019 913 119 48 initio

1319 954 161 48 quamuis
1436 954 102 48 non
1495 954 146 48 fuerit
1597 954 161 48 creatus
1715 954 88 48 in
1758 954 176 48 peccato,
1890 954 102 48 nec
1949 954 88 48 in
1993 954 132 48 primo
2066 954 73 48 in-

1324 987 134 59 stanti
1417 987 174 59 peccauit,
1551 987 80 59 vt
1591 987 120 59 infra
1671 987 160 59 patebit,
1791 987 93 59 sic
1844 987 80 59 in
1884 987 174 59 proposito
2018 987 93 59 &c.
2058 987 80 59 Quos

1317 1032 119 63 cnim
1392 1032 164 63 modicum
1511 1032 164 63 distat,
1631 1032 104 63 pro
1690 1032 149 63 nihilo
1795 1032 164 63 reputat
1914 1032 239 63 intellectus,
2093 1032 45 63 u

1322 1067 139 55 patet
1414 1067 92 55 3.
1445 1067 200 55 physicorum.

1347 1106 148 56 Potest
1451 1106 133 56 etiam
1540 1106 119 56 dici
1614 1106 89 56 ad
1659 1106 133 56 omnes
1748 1106 133 56 illas
1837 1106 74 56 &
1866 1106 163 56 ceteras
1970 1106 178 56 auctorita-

1321 1151 97 41 tes
1376 1151 207 41 consimiles,
1542 1151 111 41 quod
1612 1151 111 41 ille
1681 1151 111 41 amor
1750 1151 111 41 fuit
1819 1151 194 41 naturalis;
1971 1151 152 41 attamen
2068 1151 83 41 quia

1322 1188 137 50 valde
1413 1188 152 50 magnum
1520 1188 76 50 &
1550 1188 152 50 nobile
1657 1188 137 50 donum
1748 1188 137 50 fuit:
1839 1188 122 50 ideo
1916 1188 152 50 potest
2007 1188 137 50 dicica-

1311 1226 115 53 stus
1383 1226 115 53 amor
1455 1226 72 53 &
1484 1226 173 53 pinguedo
1613 1226 173 53 spiritus
1743 1226 159 53 sancti,
1859 1226 115 53 siue
1931 1226 159 53 gratia;
2032 1226 115 53 vtiquo

1317 1266 122 53 enim
1393 1266 153 53 gratia
1500 1266 122 53 fuit
1576 1266 168 53 quamuis
1698 1266 153 53 gratis
1805 1266 137 53 data,
1897 1266 76 53 &
1927 1266 153 53 nondum
2019 1266 137 53 merito-

1314 1302 108 58 rie
1375 1302 154 58 gratum
1468 1302 139 58 faciens

1409 1398 562 64 ARTICVLVS
1798 1398 259 64 III.

1311 1461 160 94 Vtrum
1418 1461 177 94 Angeli
1542 1461 266 94 indiguerint
1755 1461 177 94 gratia
1879 1461 106 94 ad
1932 1461 124 94 hoc
2003 1461 106 94 vt
2039 1461 106 94 Deum

1541 1528 230 67 meritorie
1701 1528 212 67 diligerent

1382 1615 175 58 VANTVM
1505 1615 105 58 ad
1558 1615 193 58 tertium
1698 1615 228 58 articulum
1873 1615 228 58 dicendum,
2030 1615 123 58 quoda

1308 1655 137 44 hoc,
1393 1655 137 44 quod
1479 1655 154 44 actus
1581 1655 256 44 cuiuscumque
1786 1655 222 44 creaturae
1956 1655 119 44 sit
2008 1655 137 44 meriti

1296 1703 126 50 rius,
1380 1703 196 50 necessario
1533 1703 196 50 requiritur
1687 1703 140 50 gratia
1785 1703 140 50 gratum
1883 1703 154 50 facies:
1994 1703 112 50 quia
2050 1703 98 50 actus

1295 1743 170 38 naturam
1418 1743 186 38 excedens
1558 1743 217 38 necessario
1728 1743 201 38 innititur
1883 1743 155 38 alicui
1976 1743 186 38 supernatum

1304 1777 90 54 li
1349 1777 209 54 principio,
1513 1777 105 54 quo
1573 1777 149 54 natura
1678 1777 299 54 supernaturaliter
1932 1777 209 54 adiuuetur,
2081 1777 75 54 sed

1294 1824 140 40 omnis
1388 1824 140 40 actus
1481 1824 217 40 meritorius
1651 1824 140 40 vitae
1744 1824 186 40 aeternae
1884 1824 93 40 de
1930 1824 186 40 condigno
2054 1824 109 40 exces

1305 1853 97 51 dit
1360 1853 152 51 naturam
1471 1853 166 51 creatam:
1595 1853 111 51 Iste
1664 1853 111 51 enim
1734 1853 111 51 fuit
1803 1853 124 51 error
1886 1853 166 51 Pelagij,
2010 1853 111 51 quod
2079 1853 83 51 ex
2107 1853 55 51 pu

1300 1894 111 55 ris
1364 1894 239 55 naturalibus
1555 1894 191 55 possemus
1698 1894 159 55 mereri
1810 1894 143 55 vitam
1905 1894 207 55 aeternam.
2049 1894 111 55 Patel

1302 1928 135 61 etiam
1392 1928 120 61 ista
1467 1928 135 61 minor
1557 1928 180 61 ratione;
1692 1928 120 61 Quia
1766 1928 150 61 quando
1871 1928 165 61 aliquis
1991 1928 135 61 finis
2066 1928 105 61 excen

1298 1968 107 56 dit
1359 1968 184 56 naturam,
1497 1968 123 56 tunc
1574 1968 153 56 actus,
1681 1968 107 56 qui
1742 1968 92 56 de
1788 1968 184 56 condigno
1926 1968 184 56 meretur,
2064 1968 77 56 &
2079 1968 77 56 con

1303 2007 170 56 sequitur
1431 2007 128 56 talem
1516 2007 128 56 fine,
1601 2007 199 56 necessario
1757 2007 156 56 excedit
1871 2007 170 56 naturam:
1999 2007 99 56 sed
2055 2007 142 56 finis.

1293 2055 113 50 qui
1357 2055 113 50 est
1422 2055 177 50 aeterna
1550 2055 225 50 beatitudo,
1727 2055 177 50 excedit
1856 2055 145 50 omnem
1953 2055 177 50 naturam
2065 2055 113 50 crea-

1293 2095 118 45 tam,
1367 2095 133 45 solus
1456 2095 118 45 enim
1530 2095 163 45 creator
1648 2095 103 45 est
1707 2095 89 45 ex
1751 2095 89 45 se
1796 2095 222 45 naturaliter
1973 2095 177 45 perfecte
2091 2095 74 45 bea

1291 2130 130 44 tus:
1372 2130 211 44 huiusmodi
1534 2130 146 44 autem
1632 2130 146 44 finem
1729 2130 114 44 per
1794 2130 146 44 actum
1892 2130 227 44 meritorium
2054 2130 114 44 crea-

1287 2164 119 59 tura
1362 2164 223 59 consequitur
1540 2164 89 59 de
1585 2164 283 59 condigno:igitur
1823 2164 164 59 necesse
1942 2164 119 59 est,
2016 2164 89 59 vt
2061 2164 89 59 in
2091 2164 89 59 tali

1296 2212 122 47 actu
1372 2212 198 47 innitatur
1525 2212 259 47 supernaturali
1738 2212 214 47 principio,
1906 2212 122 47 ergo
1967 2212 76 47 &c.

1316 2224 123 83 Sed
1387 2224 158 83 vtrum
1492 2224 105 83 ad
1545 2224 281 83 consequendam
1773 2224 228 83 huiusmodi
1948 2224 211 83 gratiam,
2088 2224 88 83 qud

1285 2286 188 56 mediante
1426 2286 188 56 meremur,
1567 2286 203 56 sufficiat
1723 2286 141 56 solum
1817 2286 172 56 liberum
1942 2286 219 56 arbitrium,
2099 2286 78 56 vel

1301 2329 216 45 cequiratur
1470 2329 123 45 alia
1547 2329 170 45 praeuia
1671 2329 278 45 supernaturalis
1902 2329 216 45 disposito,
2072 2329 93 45 de
2103 2329 77 45 noc

1290 2358 162 56 sunt
1371 2358 242 56 opiniones.

1331 2381 163 83 Doctor
1445 2381 195 83 communis
1591 2381 147 83 ponit
1689 2381 114 83 hic
1754 2381 98 83 in
1803 2381 195 83 scripro,
1950 2381 130 83 quod
2015 2381 179 83 sufficiat

1279 2443 145 59 solum
1376 2443 178 59 liberum
1505 2443 226 59 arbitrium;
1682 2443 129 59 Quia
1763 2443 97 59 si
1812 2443 129 59 homo
1892 2443 161 59 facit,
2005 2443 129 59 quod
2086 2443 97 59 in
2118 2443 65 59 se

1285 2484 125 57 est,
1363 2484 125 57 Deus
1441 2484 109 57 dat
1504 2484 93 57 ei
1550 2484 187 57 gratiam,
1690 2484 109 57 sed
1753 2484 109 57 per
1815 2484 140 57 solum
1909 2484 171 57 liberum
2018 2484 171 57 arbitriom

1289 2515 119 61 homo
1364 2515 149 61 potest
1468 2515 164 61 facere,
1587 2515 119 61 quod
1662 2515 89 61 in
1706 2515 89 61 se
1751 2515 119 61 est;
1825 2515 134 61 immo,
1915 2515 89 61 vt
1960 2515 149 61 dicit,
2049 2515 134 61 videtur

1291 2565 314 55 contradictionem
1556 2565 231 55 implicare,
1737 2565 132 55 quod
1820 2565 99 55 ad
1869 2565 231 55 faciendum,
2051 2565 132 55 quod
2117 2565 66 55 in

1282 2592 94 60 se
1329 2592 125 60 est,
1408 2592 220 60 requiratur
1580 2592 173 60 aliquid
1706 2592 157 60 aliud,
1816 2592 125 60 quam
1894 2592 173 60 liberum
2004 2592 188 60 arbitrium;

1297 2642 133 66 quia
1381 2642 116 66 hoc
1447 2642 116 66 non
1514 2642 116 66 est
1580 2642 100 66 in
1630 2642 183 66 homine,
1763 2642 100 66 ad
1813 2642 133 66 quod
1896 2642 233 66 requiritur
2063 2642 133 66 aliud,

1292 2672 127 57 quam
1371 2672 174 57 liberum
1498 2672 127 57 eius
1562 2672 190 57 arbitrium.

1315 2701 113 70 Sed
1380 2701 146 70 salua
1477 2701 146 70 tanti
1574 2701 194 70 doctoris
1719 2701 227 70 sanctitate
1897 2701 81 70 &
1930 2701 227 70 reuerentia
2092 2701 113 70 istud

1297 2751 90 49 ad
1342 2751 180 49 praesens
1477 2751 105 49 non
1521 2751 165 49 intelligo

1314 2766 85 94 1
1348 2766 135 94 Quia
1433 2766 220 94 quicumque
1602 2766 102 94 ex
1653 2766 102 94 se
1703 2766 118 94 est
1771 2766 237 94 sufficiens
1957 2766 102 94 ad
2008 2766 186 94 aliquod
2126 2766 68 94 me

1294 2826 132 56 dium
1376 2826 281 56 consequendum,
1607 2826 132 56 ille
1690 2826 149 56 etiam
1789 2826 99 56 ex
1838 2826 99 56 se
1888 2826 198 56 sufficit
2036 2826 99 56 ad
2069 2826 132 56 conse-

1282 2875 194 58 quendum
1424 2875 141 58 omne
1512 2875 177 58 illud,
1636 2875 141 58 quod
1724 2875 141 58 tali
1812 2875 159 58 medio
1918 2875 212 58 consequi
2060 2875 141 58 potess

1292 2913 105 45 dc
1345 2913 228 45 condigno,
1520 2913 123 45 sed
1590 2913 175 45 habens
1713 2913 193 45 gratiam
1853 2913 105 45 de
1906 2913 210 45 condigno
2046 2913 158 45 meretur

1294 2950 157 65 vitam
1398 2950 226 65 aeternam;
1572 2950 174 65 igitur
1694 2950 104 65 si
1746 2950 104 65 ad
1798 2950 278 65 consequendum
2024 2950 191 65 gratiam
2146 2950 87 65 sum

1290 2991 152 53 ceret
1392 2991 152 53 solum
1493 2991 186 53 liberum
1629 2991 237 53 arbitrium,
1815 2991 237 53 sequeretur
2001 2991 102 53 de
2052 2991 152 53 primo
2136 2991 68 53 ad

1286 3029 221 59 vltimum,
1451 3029 147 59 quod
1543 3029 110 59 ad
1598 3029 294 59 consequendam
1837 3029 202 59 gloriam
1984 3029 110 59 de
2021 3029 184 59 condigno

1278 3061 218 62 sufficeret
1449 3061 140 62 solum
1543 3061 171 62 liberum
1651 3061 187 62 arbitrium.

1362 3089 215 81 Praeterea,
1530 3089 138 81 ille,
1622 3089 107 81 qui
1684 3089 92 81 ex
1730 3089 107 81 suo
1791 3089 153 81 libero
1898 3089 184 81 arbitrio
2036 3089 107 81 non
2082 3089 123 81 potess

1287 3144 162 61 habere
1400 3144 146 61 bonam
1498 3144 276 61 cogitationem,
1725 3144 114 61 hic
1789 3144 114 61 non
1854 3144 114 61 pot
1919 3144 114 61 est
1984 3144 97 61 ex
2033 3144 114 61 suo
2081 3144 130 61 sibero
