2404 3537
438 299 102 75 non
497 299 160 75 fuisset
613 299 131 75 allis
701 299 160 75 occasio
817 299 189 75 peccandi;
963 299 102 75 sed
1021 299 131 75 magis
1109 299 160 75 fuisset
1211 299 102 75 prae-

430 360 191 52 munitio,
573 360 95 52 ne
605 360 175 52 peccatent

472 387 202 64 Dicendum,
628 387 124 64 quod
706 387 109 64 ibi
768 387 109 64 non
830 387 124 64 fuit
908 387 202 64 prioritas
1064 387 202 64 temporis,
1219 387 109 64 sed

439 442 124 44 solum
522 442 179 44 prioritas
660 442 165 44 naturae,
783 442 96 44 seu
838 442 179 44 originis,
976 442 69 44 &
1004 442 96 44 hoc
1059 442 165 44 sufficit
1183 442 83 44 ad
1210 442 69 44 ra-

432 474 147 60 tionem
535 474 147 60 causae
638 474 73 60 &
667 474 220 60 occasionis:
843 474 132 60 causa
931 474 88 60 ni
975 474 103 60 non
1034 474 147 60 semper
1136 474 103 60 est
1180 474 103 60 prior

421 516 200 53 tempore,
571 516 117 53 sed
622 516 133 53 natura

473 553 94 51 Ad
520 553 220 51 argumentum
693 553 220 51 principale
865 553 141 51 patet
960 553 94 51 ex
1007 553 173 51 dictis.
1132 553 110 51 Nam
1179 553 110 51 agens

433 594 200 43 naturale
583 594 117 43 vel
650 594 217 43 reducitur
817 594 117 43 quo
883 594 100 43 ad
933 594 167 43 primum
1050 594 133 43 suum
1133 594 150 43 motum
1216 594 67 43 in

431 637 139 44 ipsum
523 637 185 44 generas,
662 637 77 44 &
693 637 108 44 tuc
755 637 216 44 similitudo
924 637 154 44 aliquo
1032 637 123 44 modo
1109 637 170 44 currit.
1217 637 62 44 ve

432 677 122 52 non:
508 677 76 52 &
539 677 122 52 tunc
615 677 107 52 non
676 677 107 52 est
737 677 168 52 simile:
859 677 122 52 quia
935 677 153 52 primus
1042 677 137 52 motus
1133 677 153 52 angeli
1225 677 61 52 re

428 713 188 55 ducitur
565 713 103 55 in
616 713 154 55 ipsum
701 713 103 55 Deum

467 790 683 55 DISTINCTIO
955 790 244 55 VII

427 880 136 60 ctara
517 880 136 60 buius
608 880 257 60 distinctionis
819 880 181 60 diuisio,
955 880 91 60 in
1000 880 106 60 qua
1061 880 91 60 de
1106 880 211 60 depressio¬

571 923 100 76 ne
621 923 217 76 angelorum
788 923 234 76 spirituali
955 923 184 76 perspicue

725 974 252 70 pertractatur.

738 1066 274 49 VPRADICTVM
954 1066 137 49 est
1032 1066 137 49 &c.
1090 1066 196 49 Postquam

747 1106 200 56 Magister
897 1106 266 56 determinauit
1114 1106 100 56 de
1147 1106 133 56 malori

742 1146 201 55 angelorum
896 1146 124 55 casu
973 1146 170 55 locali,
1097 1146 108 55 hic
1143 1146 139 55 tractai

749 1184 89 53 de
794 1184 134 53 eorum
883 1184 134 53 casu,
972 1184 74 53 &
1002 1184 223 53 depressione
1166 1184 119 53 spiri-

757 1229 137 47 tuali,
853 1229 69 47 &
881 1229 178 47 diuiditur
1018 1229 82 47 in
1059 1229 110 47 tres
1128 1229 151 47 partes:
1224 1229 55 47 nm

756 1270 135 50 primo
846 1270 195 50 ostendit,
996 1270 180 50 qualiter
1130 1270 120 50 ipsi
1190 1270 105 50 defi-

761 1302 140 45 ciunt
855 1302 94 45 in
902 1302 172 45 volendi
1027 1302 203 45 bonitate,
1167 1302 125 45 Secun-

754 1337 86 59 do
797 1337 86 59 in
840 1337 216 59 cognoscendi
1013 1337 201 59 claritate,
1171 1337 86 59 Et
1200 1337 86 59 ter-

442 1377 101 51 tio
499 1377 87 51 in
543 1377 145 51 agendi
644 1377 203 51 potestate.
803 1377 159 51 Secunda
919 1377 116 51 ibi,
991 1377 87 51 Et
1035 1377 130 51 licet
1121 1377 116 51 mali
1179 1377 116 51 angeli

432 1422 155 45 Tertia
541 1422 124 45 ibi,
619 1422 109 45 Nec
681 1422 186 45 putandum
821 1422 124 45 est.
899 1422 140 45 Prima
992 1422 93 45 in
1038 1422 140 45 tres:
1132 1422 109 45 nam
1178 1422 109 45 primo

436 1462 192 48 ostendit,
584 1462 118 48 quod
658 1462 133 48 sicut
746 1462 118 48 honi
820 1462 103 48 ita
879 1462 118 48 sunt
953 1462 89 48 in
998 1462 118 48 bono
1071 1462 192 48 proposito
1204 1462 89 48 con-

435 1496 180 49 firmati,
570 1496 120 49 quod
645 1496 135 49 eorum
735 1496 180 49 voluntas
870 1496 105 49 non
929 1496 150 49 potest
1034 1496 150 49 flecti
1139 1496 90 49 in
1169 1496 120 49 malum;

432 1535 106 50 sic
492 1535 197 50 econuerso
644 1535 121 50 mali
720 1535 106 50 ita
780 1535 121 50 sunt
856 1535 91 50 in
901 1535 121 50 malo
977 1535 197 50 proposito
1113 1535 167 50 obstinati

435 1573 127 50 quod
515 1573 143 50 eorum
610 1573 191 50 voluntas
753 1573 111 50 non
817 1573 159 50 potest
928 1573 159 50 flecti
1040 1573 95 50 ad
1087 1573 159 50 bonum.
1183 1573 111 50 Secun

428 1616 94 54 do
475 1616 110 54 per
538 1616 126 54 hoc,
617 1616 126 54 quod
695 1616 110 54 tam
758 1616 141 54 boni,
853 1616 126 54 quam
931 1616 126 54 mali
1010 1616 126 54 sunt
1088 1616 157 54 liberi
1183 1616 94 54 arbi

435 1654 132 52 trii,
523 1654 162 52 obiicit
641 1654 88 52 in
685 1654 220 52 contrarium.
861 1654 147 52 Tertio
964 1654 132 52 saluo
1052 1654 147 52 libero
1140 1654 147 52 arbitrio

432 1699 220 45 vtrorumque
605 1699 204 45 respondet
762 1699 94 45 ad
809 1699 204 45 obiectum.
966 1699 173 45 Secunda
1092 1699 126 45 ibi,
1170 1699 110 45 Sed
1217 1699 63 45 ci

430 1745 94 42 nec
483 1745 120 42 boni.
563 1745 134 42 Tertia
657 1745 107 42 ibi,
724 1745 80 42 Ad
764 1745 120 42 quoed
844 1745 160 42 dicimus:
964 1745 67 42 &
991 1745 107 42 haec
1058 1745 80 42 in
1098 1745 120 42 tres:
1178 1745 107 42 quia
1232 1745 53 42 pr

431 1772 98 52 mo
480 1772 211 52 ostendit,
642 1772 130 52 quod
723 1772 179 52 quamuis
853 1772 130 52 mali
935 1772 179 52 habeant
1065 1772 179 52 liberum
1178 1772 114 52 arbi-

425 1816 153 48 trium,
532 1816 107 48 hoc
593 1816 138 48 tamen
685 1816 168 48 propter
807 1816 260 48 obstinationis
1022 1816 122 48 suae
1098 1816 184 48 malitiam
1221 1816 61 48 es

437 1863 215 36 corruptum
603 1863 83 36 &
636 1863 248 36 deprauatum.
835 1863 182 36 Secundo
967 1863 199 36 ostendit
1116 1863 182 36 liberum
1232 1863 50 36 a

431 1892 180 51 bitrium
562 1892 180 51 bonorum
693 1892 98 51 in
742 1892 115 51 sua
808 1892 213 51 libertate
972 1892 131 51 esse
1054 1892 131 51 quam
1119 1892 164 51 plurimum

423 1933 233 53 emendatum,
607 1933 100 53 Et
657 1933 167 53 tertio
773 1933 100 53 ex
823 1933 117 53 his
890 1933 217 53 concludit
1057 1933 233 53 propositum
1240 1933 83 53 &

420 1971 215 46 respondet
586 1971 99 46 ad
636 1971 232 46 argumentum
818 1971 182 46 Secunda
951 1971 133 46 ibi,
1033 1971 133 46 boni
1116 1971 149 46 vero.
1199 1971 83 46 Tei

432 2009 104 51 tia
491 2009 118 51 ibi,
565 2009 104 51 Non
625 2009 118 51 ergo
699 2009 118 51 post
773 2009 281 51 confirmationem.
1010 2009 178 51 Sequitur
1143 2009 118 51 illa
1202 2009 74 51 par

432 2050 87 50 Et
476 2050 131 50 licet
563 2050 116 50 mali
636 2050 160 50 angeli:
752 2050 73 50 &
781 2050 189 50 diuiditur
926 2050 87 50 in
970 2050 131 50 duas:
1057 2050 102 50 nam
1115 2050 131 50 primo
1187 2050 102 50 osten

426 2086 124 51 dit,
503 2086 124 51 quod
580 2086 170 51 quamuis
704 2086 124 51 mali
781 2086 155 51 angeli
890 2086 124 51 sint
967 2086 186 51 viciati,
1106 2086 139 51 tamen
1184 2086 108 51 adhuc

440 2129 150 42 vigent
545 2129 225 42 subtilitate
725 2129 180 42 naturae,
860 2129 75 42 &
891 2129 180 42 temporum
1026 2129 240 42 experientia.
1206 2129 75 42 Se.

427 2178 142 35 cundo
522 2178 173 35 innuit,
648 2178 126 35 quod
726 2178 173 35 magicae
852 2178 142 35 artes
947 2178 220 35 exercentur
1120 2178 142 35 eorum
1199 2178 94 35 vir-

443 2210 121 43 tute
518 2210 76 43 &
549 2210 181 43 scientia
685 2210 121 43 ibi,
760 2210 151 43 Quorum
866 2210 181 43 scientia
1002 2210 106 43 &c.
1062 2210 181 43 Sequitur
1198 2210 121 43 illa

441 2244 137 54 pars,
532 2244 106 54 Nec
593 2244 182 54 putandum
729 2244 121 54 est:
805 2244 76 54 &
836 2244 197 54 diuiditur
987 2244 91 54 in
1033 2244 137 54 duas:
1124 2244 106 54 nam
1170 2244 106 54 prim;

437 2289 189 41 ostendit
579 2289 173 41 angelos
704 2289 141 41 omnes
799 2289 267 41 vniuersaliter
1019 2289 94 41 in
1066 2289 157 41 agendo
1160 2289 126 41 habere

432 2321 257 46 limitationem:
644 2321 242 46 intrinsecam.
841 2321 167 46 Secundo
962 2321 182 46 ostendit
1083 2321 197 46 specialiter

426 2363 148 50 malos
524 2363 181 50 angelos
655 2363 164 50 habere
770 2363 263 50 limitationem
984 2363 246 50 extrinsecam
1164 2363 115 50 ibi,I

432 2401 105 43 lud
492 2401 150 43 quoque
597 2401 195 43 sciendum.
748 2401 135 43 Prima
838 2401 90 43 in
883 2401 135 43 tres;
973 2401 120 43 quia
1048 2401 135 43 primo
1139 2401 135 43 ponit
1214 2401 60 43 al

437 2442 141 57 gelos
531 2442 110 57 non
594 2442 125 57 esse
672 2442 219 57 creatores,
845 2442 188 57 Secundo,
985 2442 125 57 quod
1064 2442 188 57 interdum
1189 2442 94 57 sunt

431 2480 172 49 seminum
556 2480 265 49 coniunctores,
775 2480 94 49 Et
822 2480 172 49 tertio,
947 2480 125 49 quod
1025 2480 172 49 possunt
1150 2480 125 49 esse
1212 2480 78 49 Dei

421 2519 257 55 cooperatores.
633 2519 166 55 Secunda
754 2519 121 55 ibi,
829 2519 136 55 Sicut
920 2519 121 55 ergo
996 2519 106 55 nec
1056 2519 106 55 &c.
1117 2519 151 55 Tertia
1207 2519 76 55 ibi

432 2560 76 52 1
462 2560 136 52 Sicut
553 2560 121 52 ergo
628 2560 151 52 mentem
734 2560 166 52 nostram
855 2560 242 52 iustificando
1036 2560 76 52 &c.

705 2637 353 64 Quaestio

514 2723 118 75 An
573 2723 235 75 daemones
750 2723 216 75 occulta
907 2723 216 75 cordium
1044 2723 137 75 homi-

687 2778 139 70 num
747 2778 257 70 cognoscant.

411 3071 183 94 VVTRVM
539 3071 219 94 daemones
703 3071 256 94 cognoscant
904 3071 201 94 occulta
1050 3071 219 94 cordium,
1196 3071 73 94 si

394 3153 102 61 tV
445 3153 102 61 ue
496 3153 271 61 cogitationes
716 3153 169 61 mentis
834 3153 203 61 humanae.
986 3153 102 61 Et
1037 3153 203 61 videtur,
1172 3153 102 61 quod

1286 287 124 89 sic:
1364 287 124 89 quia
1442 287 155 89 daemon
1550 287 202 89 cognoscit
1705 287 140 89 omnia
1799 287 171 89 peccata
1923 287 171 89 nostra,
2047 287 109 89 pro
2093 287 78 89 qui

1315 356 100 41 bus
1372 356 143 41 puniri
1472 356 172 41 debemus,
1601 356 100 41 cum
1658 356 115 41 ipse
1730 356 100 41 sit
1787 356 186 41 exsecutor
1931 356 172 41 iudicis:
2059 356 100 41 sed
2102 356 72 41 mul

1316 395 85 49 ta
1358 395 113 49 sunt
1429 395 170 49 peccata,
1556 395 99 49 pro
1613 395 142 49 quibus
1712 395 170 49 puniendi
1839 395 142 49 sumus,
1939 395 113 49 quae
1995 395 170 49 consistunt

1318 441 119 43 sola
1392 441 238 43 cogitatione,
1585 441 74 43 &
1615 441 89 43 in
1660 441 163 43 occulto
1778 441 163 43 cordis;
1897 441 119 43 ergo
1957 441 59 43 &c

1316 484 189 45 Contra,
1453 484 103 45 si
1505 484 154 45 demon
1608 484 257 45 cognosceret
1814 484 189 45 occulta
1951 484 172 45 mentis
2054 484 120 45 huma-

1317 516 127 45 nae,
1397 516 127 45 tunc
1476 516 159 45 daemon
1587 516 238 45 illaberetur
1778 516 143 45 menti
1873 516 175 45 humanae
1984 516 191 45 consequens

1308 552 112 48 est
1372 552 177 48 salsum:
1501 552 128 48 quia
1581 552 128 48 hunc
1661 552 177 48 honorem
1790 552 193 48 secundum
1934 552 128 48 Aug.
2014 552 128 48 Deus
2079 552 80 48 sib

1317 595 123 42 soli
1393 595 230 42 reseruauit.
1577 595 107 42 Hic
1639 595 184 42 quattuor
1776 595 123 42 sunt
1853 595 184 42 videnda.
1991 595 138 42 Primo
2068 595 107 42 vtrum

1308 639 184 44 daemones
1446 639 169 44 possint
1569 639 154 44 illabi
1676 639 154 44 animae
1784 639 200 44 rationali
1938 639 184 44 Secundo,
2060 639 108 44 vtrum

1306 672 224 45 cognoscant
1482 672 176 45 nostras
1610 672 272 45 cogitationes,
1835 672 176 45 Tertio,
1963 672 144 45 vtrum
2043 672 128 45 cogno-

1319 709 141 44 scant
1413 709 173 44 futura.
1539 709 94 44 Et
1586 709 173 44 quarto,
1712 709 141 44 vtrum
1806 709 283 44 diuinationibus
2026 709 141 44 demonum

1310 751 137 53 sit
1368 751 234 53 credendum.

1469 831 419 64 RESO
1678 831 367 64 LVTIO

1304 914 81 78 Et
1344 914 81 78 si
1384 914 148 78 angelus
1492 914 81 78 in
1533 914 175 78 quocumque
1667 914 148 78 corpore
1775 914 94 78 vna
1829 914 94 78 cum
1883 914 121 78 anima
1964 914 108 78 esse
2031 914 148 78 possit,
2125 914 54 78 co

1355 974 89 55 git
1406 974 140 55 ationes
1508 974 114 55 quoed
1584 974 140 55 nostras
1685 974 89 55 quo
1736 974 76 55 ad
1774 974 178 55 terminorum
1914 974 241 55 significationem
2104 974 76 55 opti

1348 1013 86 53 me
1391 1013 201 53 cognoltat,
1549 1013 129 53 horum
1635 1013 129 53 tamen
1721 1013 244 53 complexionem,
1922 1013 101 53 quo
1980 1013 86 53 ad
2023 1013 144 53 certam
2109 1013 72 53 af-

1339 1057 112 61 firm
1409 1057 168 61 ationem,
1535 1057 70 61 &
1563 1057 196 61 negationem
1717 1057 154 61 penitus
1815 1057 154 61 ignorant.

1415 1123 639 93 ARTICVLVS
1857 1123 197 93 II

1431 1226 158 88 Vtrum
1537 1226 193 88 Demones
1677 1226 193 88 possint
1817 1226 175 88 illabi
1922 1226 123 88 amima

1638 1293 185 62 rationali-

1384 1362 112 60 VA
1440 1362 150 60 NTVM
1534 1362 112 60 ad
1590 1362 187 60 primum
1721 1362 169 60 ponam
1834 1362 150 60 tres
1909 1362 262 60 conclusiones

1422 1420 146 45 Prima
1519 1420 130 45 est,
1600 1420 130 45 quod
1682 1420 179 45 daemon,
1812 1420 114 45 vel
1877 1420 211 45 quicumque
2023 1420 146 45 angclus

1320 1461 152 45 potest
1426 1461 122 45 esse
1502 1461 91 45 in
1548 1461 198 45 quocumque
1700 1461 182 45 corpore,
1837 1461 122 45 nisi
1913 1461 228 45 prohibeatur
2095 1461 76 45 a
2110 1461 61 45 su

1321 1500 163 48 periori
1440 1500 207 48 potestate.
1602 1500 163 48 Secunda
1721 1500 118 48 est,
1795 1500 118 48 quod
1869 1500 163 48 daemon,
1987 1500 104 48 seu
2032 1500 133 48 angelus

1317 1537 155 49 potest
1425 1537 124 49 esse
1503 1537 93 49 in
1549 1537 140 49 eodem
1642 1537 171 49 corpore
1766 1537 109 49 cum
1828 1537 140 49 anima
1921 1537 217 49 rationali.
2076 1537 93 49 Ter-

1317 1579 104 41 tia
1377 1579 119 41 est,
1451 1579 119 41 quod
1525 1579 149 41 demon,
1630 1579 119 41 siue
1704 1579 164 41 angelus
1823 1579 104 41 non
1882 1579 149 41 potest
1987 1579 119 41 esse
2061 1579 89 41 in
2091 1579 89 41 ani-

1315 1617 90 51 ma
1360 1617 209 51 rationali,
1524 1617 105 51 nec
1584 1617 105 51 per
1644 1617 209 51 consequens
1808 1617 194 51 illabitur
1942 1617 60 51 ei

1337 1653 131 50 Dico
1419 1653 131 50 ergo
1501 1653 164 50 primo,
1616 1653 131 50 quod
1698 1653 181 50 daemoni
1829 1653 115 50 non
1895 1653 197 50 repugnat
2043 1653 131 50 esse
2108 1653 66 50 in

1318 1697 232 62 quocumque
1479 1697 161 62 corpore

1335 1737 82 50 1
1367 1737 132 50 Quia
1450 1737 115 50 non
1516 1737 132 50 plus
1598 1737 198 50 repugnat
1746 1737 198 50 spiritui
1894 1737 132 50 esse
1976 1737 99 50 in
2009 1737 165 50 corpore,

1315 1775 114 45 quam
1386 1775 143 45 alicui
1486 1775 157 45 corpori
1601 1775 114 45 esse
1672 1775 86 45 in
1715 1775 114 45 alio
1787 1775 172 45 corpore,
1916 1775 100 45 sed
1973 1775 157 45 corpori
2087 1775 114 45 glo¬

1306 1818 193 52 rificato
1451 1818 113 52 non
1515 1818 193 52 repugnat
1660 1818 129 52 esse
1740 1818 96 52 in
1788 1818 209 52 quocumque
1949 1818 193 52 corpore,
2078 1818 96 52 quod

1325 1856 134 50 patet
1415 1856 89 50 de
1459 1856 209 50 corporibus
1623 1856 164 50 spherae
1743 1856 194 50 actiuorum
1892 1856 75 50 &
1922 1856 224 50 passiuorum:
2086 1856 89 50 quia

1317 1893 144 42 intrat
1417 1893 72 42 &
1446 1893 115 42 exit
1518 1893 144 42 ianuis
1619 1893 173 42 clausis,
1748 1893 86 42 vt
1791 1893 173 42 apparuit
1921 1893 86 42 de
1964 1893 158 42 corpore
2064 1893 101 42 Chri-

1315 1931 113 49 sti,
1385 1931 127 49 etiam
1470 1931 127 49 patet
1555 1931 85 49 de
1597 1931 155 49 corpore
1710 1931 183 49 caelesti:
1851 1931 113 49 quia
1921 1931 155 49 corpora
2020 1931 155 49 glorifica

1320 1971 88 48 ta
1364 1971 190 48 transeunt
1511 1971 132 48 omnes
1598 1971 132 48 celos
1686 1971 219 48 inferiores,
1862 1971 73 48 &
1891 1971 219 48 requiescunt
2067 1971 88 48 in
2096 1971 73 48 con

1321 2008 140 53 pore
1408 2008 157 53 caeli
1495 2008 175 53 empyrei.

1318 2045 75 58 2
1348 2045 211 58 Praeterea,
1514 2045 166 58 quamuis
1635 2045 181 58 extensum
1771 2045 91 58 vt
1816 2045 181 58 extensum
1952 2045 121 58 est,
2027 2045 106 58 non
2072 2045 106 58 compa

1316 2088 152 52 tiatur
1422 2088 91 52 in
1468 2088 91 52 se
1513 2088 137 52 aliud
1604 2088 182 52 extensum
1741 2088 243 52 naturaliter,
1938 2088 91 52 eo
1984 2088 121 52 quod
2044 2088 137 52 dimesio

1314 2131 181 42 resistat
1449 2131 211 42 dimesioni;
1615 2131 135 42 tamen
1705 2131 120 42 sine
1781 2131 226 42 repugnantia
1961 2131 181 42 extensum
2082 2131 90 42 con-

1321 2168 164 46 patitur
1440 2168 149 46 secum,
1545 2168 89 46 ac
1589 2168 134 46 etiam
1679 2168 89 46 in
1724 2168 89 46 se
1768 2168 104 46 non
1828 2168 194 46 extensum:
1977 2168 104 46 sed
2022 2168 149 46 substan-

1321 2210 98 47 tia
1377 2210 168 47 angelica
1503 2210 98 47 non
1559 2210 98 47 est
1615 2210 168 47 extensa,
1741 2210 112 47 quia
1810 2210 98 47 nec
1866 2210 98 47 est
1922 2210 140 47 quanta
2020 2210 84 47 de
2062 2210 98 47 se,
2104 2210 70 47 si-

1318 2250 101 49 cut
1375 2250 159 49 corpus,
1491 2250 101 49 nec
1549 2250 188 49 coniuncta
1694 2250 217 49 quantitati,
1868 2250 130 49 sicut
1955 2250 203 49 substantia
2100 2250 72 49 rei

1314 2289 222 58 corporalis:
1492 2289 104 58 nec
1551 2289 104 58 est
1611 2289 193 58 coniuncta
1759 2289 163 58 quanto,
1878 2289 133 58 sicut
1966 2289 133 58 anima
2041 2289 133 58 rationa

1311 2323 127 42 lis,
1390 2323 127 42 quae
1469 2323 111 42 est
1533 2323 142 42 actus
1628 2323 190 42 corporis
1770 2323 174 42 physici
1896 2323 190 42 organici
2023 2323 79 42 &c.

1350 2368 80 46 3
1382 2368 223 46 Praeterea,
1557 2368 223 46 incorporea
1732 2368 159 46 natura
1843 2368 111 46 ibi
1907 2368 175 46 nimirum
2034 2368 127 46 est,
2097 2368 80 46 vbi

1317 2407 198 45 operatur,
1469 2407 91 45 vt
1514 2407 106 45 ait
1575 2407 213 45 Damaslibro
1742 2407 152 45 primo,
1849 2407 106 45 sed
1910 2407 167 45 angelus
2016 2407 152 45 operatui

1313 2454 84 48 in
1355 2454 209 48 corporibus:
1522 2454 139 48 igitur
1620 2454 98 48 dum
1675 2454 139 48 operat
1773 2454 84 48 in
1815 2454 111 48 eis,
1884 2454 98 48 est
1940 2454 84 48 in
1982 2454 111 48 eis;
2052 2454 111 48 ergo
2107 2454 56 48 &c

1335 2482 81 54 4
1367 2482 228 54 Praeterea,
1546 2482 114 54 non
1611 2482 195 54 apparet,
1758 2482 147 54 quare
1856 2482 163 54 angelo
1970 2482 147 54 magis
2051 2482 114 54 repu-

1319 2520 116 57 gnet
1391 2520 116 57 esse
1464 2520 87 57 in
1507 2520 174 57 corpore,
1638 2520 116 57 quam
1710 2520 145 57 animae
1812 2520 203 57 rationali;
1971 2520 102 57 sed
2029 2520 145 57 amimae
2116 2520 58 57 ra

1314 2559 179 50 tionali
1444 2559 114 50 non
1493 2559 163 50 repugnat

1356 2601 109 57 Sed
1419 2601 125 57 huic
1497 2601 234 57 conclusioni
1684 2601 171 57 videtur
1808 2601 171 57 obuiare
1933 2601 140 57 Qlosa
2027 2601 140 57 super
2104 2601 94 57 Aba.

1318 2640 112 49 cuc.
1388 2640 84 49 2.
1430 2640 98 49 ca.
1485 2640 112 49 quae
1555 2640 140 49 dicit,
1653 2640 112 49 quod
1723 2640 167 49 spiritus
1848 2640 167 49 immundus
1974 2640 140 49 potest
2057 2640 140 49 assiste,

1312 2676 86 50 re
1355 2676 215 50 simulacris;
1527 2676 100 50 sed
1584 2676 215 50 intrinsecus
1756 2676 115 50 esse
1828 2676 100 50 non
1871 2676 115 50 potest

1339 2715 220 60 Respondeo,
1512 2715 126 60 quod
1591 2715 110 60 per
1654 2715 141 60 talia
1748 2715 141 60 verba
1842 2715 141 60 Closa
1936 2715 189 60 intendit
2062 2715 110 60 exclu

1308 2758 144 57 sionem
1408 2758 101 57 non
1466 2758 173 57 localem,
1595 2758 101 57 sed
1653 2758 230 57 essentialem,
1840 2758 115 57 vult
1912 2758 115 57 enim
1984 2758 158 57 dicere,
2085 2758 86 57 quod

1316 2797 152 68 daemon
1422 2797 106 68 cum
1483 2797 121 68 ipso
1559 2797 197 68 simulacro
1711 2797 106 68 non
1771 2797 137 68 facit
1862 2797 121 68 vnum
1938 2797 106 68 per
1984 2797 182 68 essentiam,

1306 2833 148 51 sicut
1404 2833 180 51 materia
1535 2833 115 51 cum
1584 2833 115 51 forma

1344 2855 175 79 Secundo
1471 2855 143 79 dico,
1566 2855 127 79 quod
1646 2855 175 79 angelus
1773 2855 159 79 potest
1884 2855 127 79 esse
1963 2855 111 79 cum
2027 2855 143 79 anima
2106 2855 48 79 r

1304 2912 172 59 tionali
1429 2912 94 59 in
1476 2912 141 59 eodem
1570 2912 188 59 corpore,
1711 2912 141 59 nisia
1805 2912 109 59 Deo
1852 2912 203 59 prohibeatur

1398 2940 121 70 Quia
1473 2940 166 70 quamuis
1594 2940 121 70 duae
1670 2940 227 70 substantiae
1851 2940 227 70 spirituales
2032 2940 106 70 non
2077 2940 91 70 pos-

1307 2990 133 64 sint
1391 2990 133 64 esse
1474 2990 150 64 eodem
1573 2990 133 64 modo
1657 2990 100 64 in
1706 2990 166 64 eodem,
1823 2990 200 64 diuersis
1972 2990 150 64 tamen
2056 2990 116 64 modis

1312 3032 139 59 nihil
1404 3032 186 59 repugnat
1543 3032 108 59 eis
1605 3032 124 59 esse
1683 3032 93 59 in
1729 3032 247 59 eodem:igitur
1930 3032 93 59 in
1976 3032 139 59 eodem
2054 3032 108 59 corpo

1309 3080 101 44 re,
1366 3080 87 44 in
1410 3080 101 44 quo
1467 3080 101 44 est
1525 3080 130 44 anima
1612 3080 202 44 rationalis
1770 3080 101 44 per
1828 3080 260 44 informationem,
2030 3080 130 44 poterit

1312 3119 121 39 esse
1388 3119 182 39 angelus,
1524 3119 121 39 siue
1599 3119 151 39 bonus,
1705 3119 121 39 siue
1781 3119 136 39 malus
1872 3119 106 39 per
1917 3119 212 39 operationem.

1318 3152 83 69 2
1352 3152 234 69 Praeterea,
1535 3152 200 69 daemones
1685 3152 167 69 fuisse
1802 3152 100 69 in
1852 3152 183 69 humanis
1969 3152 200 69 corporibus
