2388 3553
244 296 130 85 tura,
330 296 115 85 siue
402 296 230 85 contingentia
589 296 130 85 sint,
676 296 115 85 siue
748 296 216 85 necessaria,
920 296 101 85 cum
978 296 130 85 eorum
1050 296 72 85 re-

255 357 239 56 presentatiua
449 357 149 56 semper
554 357 224 56 intellectui
733 357 179 56 angelico
867 357 119 56 sint
927 357 179 56 praesentia

253 395 114 54 Sed
318 395 212 54 instantia
481 395 147 54 ista,
578 395 179 54 quamuis
709 395 163 54 multum
823 395 114 54 sit
888 395 212 54 apparens;
1035 395 81 54 non

243 439 139 54 tamen
335 439 217 54 concludit:
506 439 124 54 quia
583 439 93 54 si
630 439 248 54 concluderet,
831 439 124 54 tunc
893 439 217 54 renelationes

240 472 147 62 nullae
343 472 162 62 fierent
461 472 236 62 superioribus
653 472 162 62 angelis
771 472 88 62 ab
815 472 118 62 ipso
889 472 118 62 Deo,
963 472 74 62 &
977 472 133 62 inferio

236 507 134 62 ribus
325 507 104 62 per
385 507 223 62 superiores.
563 507 238 62 consequentia
757 507 149 62 patet:
861 507 119 62 quia
935 507 104 62 per
980 507 134 62 huiusmo

243 548 88 65 di
287 548 160 65 species
404 548 160 65 scirent
521 548 131 65 omnia
608 548 160 65 futura:
725 548 102 65 Sed
783 548 175 65 falsitas
900 548 204 65 consequentis

240 592 190 51 manifeste
387 592 132 51 patet
475 592 88 51 ex
518 592 146 51 dictis
621 592 205 51 sanctorum,
782 592 73 51 &
811 592 88 51 ex
855 592 190 51 scriptura
987 592 117 51 sacra,

245 636 84 55 vt
287 636 126 55 patet
371 636 84 55 in
413 636 168 55 Daniele,
540 636 98 55 vbi
596 636 168 55 angelus,
722 636 98 55 qui
778 636 112 55 fuit
848 636 168 55 princeps
961 636 140 55 Persarum

231 678 136 50 adhuc
322 678 181 50 nesciuit
457 678 242 50 liberationem
654 678 151 50 populi
760 678 166 50 lsrael.
880 678 166 50 Periret
1001 678 136 50 etiam

227 713 145 51 omnis
324 713 242 51 illuminatio
517 713 226 51 inferiorum
695 713 210 51 angelorum
856 713 81 51 a
872 713 226 51 superioribus

228 751 173 61 quantum
354 751 94 61 ad
401 751 236 61 cognitionem
590 751 220 61 futurorum,
764 751 126 61 quod
842 751 110 61 est
905 751 157 61 contra
1016 751 126 61 Dio.

235 782 86 55 in
278 782 144 55 multis
379 782 115 55 suis
436 782 130 55 libris.

271 822 99 63 Ad
320 822 214 63 soluendam
485 822 148 63 autem
583 822 231 63 praedictam
765 822 231 63 instantiam
946 822 148 63 multi
1028 822 66 63 no

240 872 153 48 garent
347 872 183 48 maiorem,
484 872 122 48 quia
560 872 168 48 dicunt,
682 872 122 48 quod
758 872 153 48 angeli
865 872 214 48 cognoscunt
1018 872 76 48 om-

234 913 99 46 nia
290 913 99 46 per
347 913 155 46 species
460 913 212 46 acquisitas.
629 913 113 46 Alij
699 913 169 46 negarent
826 913 99 46 eam
883 913 85 46 in
925 913 141 46 parte,
1009 913 85 46 quam

238 947 105 47 uis
298 947 105 47 non
358 947 90 47 in
403 947 135 47 toto:
493 947 120 47 quia
568 947 165 47 dicunt,
688 947 120 47 quod
763 947 150 47 angeli
868 947 210 47 cognoscunt
1018 947 75 47 vni

237 984 179 51 uersalia
371 984 104 51 per
431 984 164 51 species
550 984 223 51 concreatas,
729 984 238 51 particularia
922 984 119 51 vero
982 984 119 51 cogno-

234 1017 158 59 scunt
340 1017 123 59 per
410 1017 193 59 species
533 1017 211 59 acquisitas

249 1070 113 55 Sed
313 1070 145 55 istae
410 1070 129 55 duae
490 1070 209 55 opiniones
651 1070 209 55 dissonant
812 1070 80 55 a
844 1070 161 55 dictis
940 1070 161 55 magnorum

226 1094 193 72 doctorum,
375 1094 74 72 &
405 1094 223 72 specialiter
583 1094 74 72 a
613 1094 149 72 dictis
717 1094 134 72 Deati
806 1094 193 72 Augustini
955 1094 134 72 super
1029 1094 60 72 Oe

212 1136 300 57 nesaad
392 1136 330 57 litteram.

256 1174 119 66 Ideo
330 1174 149 66 aliter
434 1174 208 66 respondeo:
598 1174 163 66 Propter
717 1174 119 66 quod
791 1174 193 66 sciendum,
939 1174 119 66 quod
999 1174 89 66 spe-

227 1208 129 72 cies
308 1208 97 72 in
356 1208 145 72 mente
453 1208 177 72 angeli,
582 1208 113 72 cum
646 1208 113 72 per
711 1208 145 72 ipsam
808 1208 210 72 cognoscit
953 1208 145 72 angelus

225 1263 222 53 actualiter,
403 1263 118 53 tunc
477 1263 133 53 ducit
565 1263 163 53 angelum
684 1263 89 53 in
728 1263 192 53 perfectam
876 1263 192 53 nontitiam
1009 1263 89 53 rei,

219 1306 132 47 cuius
307 1306 103 47 est
366 1306 176 47 species:
498 1306 73 47 &
527 1306 117 47 ideo
601 1306 161 47 quamuis
718 1306 147 47 primo,
821 1306 73 47 &
850 1306 103 47 per
909 1306 88 47 se
953 1306 132 47 ducat
1026 1306 59 47 in

224 1337 238 49 cognitionem
414 1337 190 49 naturae,
557 1337 143 49 tamen
652 1337 174 49 propter
779 1337 254 49 perfectionem
969 1337 127 49 illius

218 1378 239 58 cognitionis
410 1378 144 58 ducit
505 1378 96 58 in
553 1378 239 58 cognitionem
745 1378 160 58 omnium
857 1378 192 58 illorum,
984 1378 96 58 qui-

230 1418 101 51 bus
287 1418 145 51 natura
389 1418 116 51 illa
461 1418 101 51 est
519 1418 203 51 coniuncta:
678 1418 72 51 &
707 1418 116 51 quia
780 1418 145 51 natura
881 1418 116 51 illa
939 1418 159 51 comiuncta

226 1459 104 59 est
285 1459 237 59 praesentibus
478 1459 267 59 particularibus
700 1459 74 59 &
730 1459 104 59 non
789 1459 178 59 futuris;
922 1459 118 59 ideo
981 1459 104 59 ducit

222 1489 99 60 in
272 1489 198 60 notitiam
421 1489 248 60 praesentium
619 1489 83 60 &
652 1489 116 60 non
702 1489 198 60 futurorum.

255 1533 138 54 Forte
346 1533 183 54 dicetur,
484 1533 122 54 quod
560 1533 92 54 si
606 1533 168 54 species
728 1533 92 54 in
774 1533 138 54 mente
866 1533 153 54 angeli
973 1533 107 54 non
1019 1533 76 54 pos

223 1566 98 65 set
279 1566 140 65 ducete
377 1566 112 65 nisi
448 1566 84 65 in
490 1566 169 65 notitiam
616 1566 98 65 rei
673 1566 211 65 praesentis,
841 1566 112 65 tunc
911 1566 126 65 esset
982 1566 112 65 inino-

225 1615 104 55 ris
285 1615 194 55 virtutis,
434 1615 119 55 quam
508 1615 164 55 species
627 1615 149 55 humani
732 1615 238 55 intellectus,
925 1615 119 55 quae
985 1615 104 55 aeque

231 1654 176 57 perfecte
363 1654 132 57 ducit
451 1654 88 57 in
495 1654 220 57 cognitionem
671 1654 132 57 rosae
760 1654 103 57 non
818 1654 220 57 existentis,
994 1654 132 57 sicut

194 1685 269 53 existentis

240 1734 231 49 Respondeo,
422 1734 132 49 quod
505 1734 149 49 istud
604 1734 116 49 non
670 1734 165 49 arguit
786 1734 297 49 imperfectionem
1017 1734 66 49 in

228 1775 139 44 pecie
320 1775 170 44 angeli,
444 1775 108 44 sed
506 1775 154 44 magnam
614 1775 263 44 perfectionem:
830 1775 124 44 quia
907 1775 154 44 causat
1000 1775 77 44 per

219 1812 192 49 fectiorem
367 1812 192 49 notitiam.
514 1812 103 49 nec
573 1812 103 49 est
632 1812 147 49 simile
735 1812 88 49 de
779 1812 192 49 speciebus
927 1812 162 49 nostris
1045 1812 74 49 &

227 1852 203 44 angelicis:
386 1852 102 44 nam
444 1852 174 44 cognitio
575 1852 145 44 nostra
676 1852 174 44 causatur
807 1852 73 44 a
836 1852 189 44 speciebus
966 1852 116 44 abstra

223 1887 114 48 ctis
294 1887 71 48 a
323 1887 271 48 phantasmatibus,
551 1887 114 48 quae
623 1887 171 48 remanent
751 1887 86 48 in
794 1887 129 48 phant
880 1887 129 48 asia,
966 1887 86 48 vt
994 1887 86 48 dici

230 1933 106 42 tur
290 1933 91 42 2.
336 1933 91 42 de
381 1933 151 42 anima;
487 1933 121 42 ideo
562 1933 106 42 per
623 1933 91 42 se
668 1933 181 42 obiectum
804 1933 257 42 representatum
1000 1933 76 42 per

224 1967 155 54 nostram
337 1967 155 54 speciem
450 1967 99 54 est
506 1967 113 54 sola
577 1967 184 54 quidditas
718 1967 198 54 abstracta,
873 1967 85 54 vt
916 1967 127 54 patet
1000 1967 85 54 3.
1029 1967 56 54 de

216 2010 169 48 anima.
334 2010 186 48 Species
469 2010 152 48 autem
571 2010 101 48 in
621 2010 203 48 mentibus
773 2010 219 48 angelorum
925 2010 152 48 causata

215 2043 113 59 sunt
286 2043 85 59 ab
328 2043 141 59 eisdem
427 2043 155 59 diuinis
540 2043 141 59 ideis,
639 2043 71 59 a
667 2043 141 59 quibus
766 2043 99 59 res
823 2043 85 59 in
865 2043 113 59 esse
922 2043 155 59 producum-

213 2085 125 45 tur,
291 2085 156 45 quarum
401 2085 140 45 rerum
494 2085 203 45 huiusmodi
650 2085 172 45 species
775 2085 125 45 sunt
837 2085 234 45 representati-

212 2124 112 48 uae
276 2124 96 48 in
324 2124 192 48 mentibus
468 2124 224 48 angelorum,
644 2124 80 48 &
676 2124 192 48 secundum
820 2124 128 48 quod
900 2124 144 48 ideae
980 2124 96 48 diui

213 2168 103 41 nae
272 2168 132 41 rerum
360 2168 117 41 sunt
433 2168 235 41 productiuae,
624 2168 103 41 sic
683 2168 161 41 species
800 2168 191 41 angelorum
932 2168 147 41 earunden

210 2201 134 44 rerum
299 2201 119 44 sunt
374 2201 298 44 representatiuae.
627 2201 89 44 Et
671 2201 119 44 ideo
746 2201 119 44 quia
820 2201 134 44 ideae
909 2201 119 44 sunt
969 2201 104 44 rerum

216 2246 226 49 productiuae
397 2246 106 49 non
457 2246 181 49 secundum
593 2246 211 49 abstractas
759 2246 241 49 quidditates,
955 2246 106 49 sed
1001 2246 75 49 se-

220 2284 150 43 cundum
325 2284 226 43 quidditates
506 2284 105 43 cum
566 2284 105 43 suo
626 2284 165 43 actuali
746 2284 135 43 esse:
836 2284 120 43 ideo
912 2284 165 43 species
1017 2284 60 43 in

216 2316 144 57 mente
312 2316 160 57 angeli
424 2316 144 57 ipsas
520 2316 256 57 representant
729 2316 112 57 non
793 2316 192 57 secundum
937 2316 128 57 esse
1001 2316 64 57 ab

207 2358 201 53 stractum,
361 2358 108 53 sed
423 2358 248 53 representant
624 2358 139 53 ipsam
717 2358 186 53 naturam,
856 2358 93 53 vt
887 2358 186 53 determina-

214 2400 85 42 ta
256 2400 99 42 est
313 2400 99 42 per
370 2400 114 42 suum
441 2400 156 42 actuale
555 2400 128 42 esse,
640 2400 71 42 &
668 2400 99 42 per
725 2400 199 42 consequens
881 2400 170 42 naturali
995 2400 71 42 com

220 2440 175 50 gnitione
352 2440 73 50 &
381 2440 146 50 certa,
483 2440 146 50 futura
585 2440 248 50 contingentia,
789 2440 117 50 quae
861 2440 102 50 non
920 2440 131 50 habet
993 2440 87 50 esse

211 2484 244 44 determinatum
409 2484 91 44 in
454 2484 122 44 suis
531 2484 168 44 causis,
653 2484 122 44 ipse
729 2484 168 44 angelus
851 2484 107 44 non
911 2484 152 44 potest
1003 2484 76 44 co-

208 2519 194 55 gnoscere,
357 2519 119 55 nisi
432 2519 134 55 eorum
522 2519 149 55 natura
626 2519 105 55 sit
686 2519 209 55 actualiter
850 2519 90 55 in
895 2519 119 55 esse
955 2519 119 55 produ-

195 2541 224 71 cta:
335 2541 224 71 ergo
447 2541 140 71 &c.

318 2639 549 58 ARTICVLVS
698 2639 253 58 IIIL

335 2713 167 88 Vtrum
446 2713 333 88 diuinationibus
723 2713 204 88 demonum
853 2713 93 88 sit

493 2782 268 63 credendum

221 2843 210 87 SVAGTVM
373 2843 114 87 ad
431 2843 210 87 quartum
583 2843 248 87 articulum
774 2843 172 87 patet
888 2843 114 87 ex
946 2843 133 87 iam
1003 2843 76 87 di

231 2918 133 45 ctis
314 2918 133 45 quid
398 2918 117 45 sit
464 2918 217 45 dicendum:
631 2918 117 45 nam
697 2918 100 45 si
747 2918 217 45 diuinatio
897 2918 167 45 attendi-

213 2951 104 42 tur
272 2951 163 42 quantum
391 2951 89 42 ad
436 2951 163 42 futura,
554 2951 89 42 si
599 2951 133 42 talia
688 2951 119 42 sint
762 2951 252 42 contingentia,
954 2951 119 42 daemon

207 2992 148 45 potest
311 2992 192 45 aliquando
458 2992 148 45 dicere
561 2992 148 45 aliqua
665 2992 118 45 vera
738 2992 89 45 ex
783 2992 192 45 aliquibus
930 2992 148 45 signis
1019 2992 44 45 &

214 3030 221 44 coiecturis,
391 3030 103 44 quo
450 3030 118 44 modo
524 3030 133 44 etiam
613 3030 148 44 potest
716 3030 177 44 diuinare
849 3030 89 44 de
893 3030 162 44 nostris
996 3030 74 44 com

221 3070 230 47 gitationibus.
411 3070 81 47 In
451 3070 149 47 talibus
559 3070 122 47 tamen
640 3070 135 47 dictis
735 3070 108 47 suis
803 3070 122 47 nulla
884 3070 122 47 fides
965 3070 95 47 est
1005 3070 68 47 ad-

220 3108 174 51 nibenda;
350 3108 116 51 quia
422 3108 87 51 si
465 3108 130 51 semel
552 3108 130 51 verum
639 3108 145 51 dicit,
740 3108 159 51 saepius
856 3108 130 51 tamen
943 3108 130 51 falli
1015 3108 58 51 po

211 3148 136 61 test.
301 3148 91 61 Si
347 3148 136 61 autem
437 3148 196 61 diuinatio
588 3148 211 61 attenditur
754 3148 166 61 quantum
875 3148 91 61 ad
920 3148 136 61 talia
996 3148 75 61 fu

1157 317 121 70 tura,
1237 317 107 70 quae
1304 317 107 70 sunt
1371 317 80 70 in
1411 317 107 70 suis
1478 317 134 70 causis
1572 317 214 70 necessarijs,
1746 317 94 70 sic
1800 317 107 70 nisi
1867 317 67 70 a
1893 317 94 70 Deo
1934 317 80 70 pro-

1153 369 186 61 hibeatur,
1296 369 100 61 vel
1353 369 100 61 per
1410 369 143 61 nimias
1510 369 114 61 suas
1581 369 143 61 poenas
1681 369 186 61 afflictus
1824 369 129 61 tales
1896 369 114 61 causas

1143 413 102 59 non
1202 413 219 59 consideret,
1377 413 117 59 ipse
1449 413 87 59 de
1493 413 160 59 omnibus
1610 413 175 59 talibus,
1741 413 87 59 si
1784 413 160 59 vellet,
1886 413 117 59 posset

1150 457 218 54 praedicere
1322 457 202 54 veritatem
1477 457 140 54 iuxta
1570 457 202 54 notitiam,
1726 457 124 54 quam
1804 457 140 54 habet
1897 457 93 54 de
1928 457 78 54 ta-

1138 489 128 59 libus
1223 489 157 59 causis,
1337 489 128 59 modo,
1423 489 100 59 quo
1480 489 143 59 dictum
1580 489 114 59 est.
1651 489 100 59 Nec
1708 489 128 59 ctiam
1793 489 86 59 in
1836 489 114 59 tali
1907 489 128 59 diui

1146 532 164 47 natione
1266 532 105 47 est
1325 532 194 47 credendum
1475 532 149 47 dictis
1580 532 149 47 ipsius
1684 532 194 47 daemonis;
1834 532 120 47 quia
1908 532 120 47 quam

1132 568 109 55 uis
1195 568 94 55 ex
1242 568 125 55 suis
1320 568 234 55 naturalibus
1507 568 125 55 ipse
1585 568 187 55 perfecte
1726 568 266 55 comprehendere
1929 568 78 55 pos

1145 603 112 58 sit
1209 603 144 58 tales
1305 603 176 58 causas:
1433 603 144 58 tamen
1529 603 96 58 ad
1578 603 112 58 sui
1642 603 240 58 confusionem
1818 603 176 58 credendum

1131 642 119 66 est,
1206 642 119 66 quod
1280 642 149 66 diuino
1384 642 164 66 iudicio
1503 642 164 66 saepius
1622 642 223 66 impediatur,
1801 642 89 66 ne
1845 642 134 66 tales
1920 642 74 66 ve-

1137 682 159 58 ritates
1252 682 145 58 debite
1354 682 232 58 apprehendat,
1542 682 174 58 quatenus
1672 682 87 58 si
1716 682 246 58 praenosticare
1904 682 87 58 vel-

1137 720 119 65 let,
1211 720 74 65 &
1241 720 104 65 per
1300 720 104 65 hoc
1360 720 163 65 homines
1478 720 193 65 allicere,
1626 720 178 65 ignorans
1760 720 119 65 esse
1834 720 193 65 probetur,

1134 758 91 62 &:
1179 758 106 62 per
1240 758 211 62 consequens
1406 758 121 62 eius
1481 758 226 62 vaticinatio
1662 758 211 62 spernatur,
1828 758 75 62 &
1843 758 151 62 deridea-

1130 809 121 53 tur,
1205 809 136 53 iuxta
1296 809 136 53 illud
1387 809 151 53 Psalm.
1492 809 136 53 Draco
1583 809 136 53 iste,
1674 809 121 53 quem
1749 809 181 53 formasti
1885 809 91 53 ad
1915 809 76 53 il-

1133 836 224 51 ludendum
1283 836 93 51 ei.

1175 879 94 51 Ad
1222 879 219 51 argumentum
1394 879 219 51 principale
1566 879 203 51 dicendum,
1722 879 125 51 quod
1800 879 156 51 nostra
1894 879 94 51 pec-

1129 917 118 54 cata
1203 917 191 54 cognoscit
1350 917 88 54 ex
1394 917 147 54 signis
1497 917 74 54 &
1526 917 235 54 coniecturis,
1717 917 103 54 vel
1776 917 132 54 etiam
1864 917 103 54 Deo
1908 917 74 54 re-

1130 961 177 56 aclante
1259 961 177 56 tamquam
1388 961 161 56 tortor
1501 961 258 56 malesactorum
1711 961 210 56 percipere
1856 961 129 56 potest

1125 1003 68 66 a
1153 1003 150 66 iudice,
1262 1003 96 66 seu
1317 1003 68 66 a
1344 1003 150 66 nunciis
1454 1003 164 66 iudicis,
1577 1003 164 66 scilicet
1700 1003 68 66 a
1727 1003 123 66 bonis
1809 1003 150 66 angelis
1905 1003 82 66 pec-

1116 1035 148 53 cata
1190 1035 241 53 poniendorum

1174 1139 662 81 DISTINCTIO
1646 1139 331 81 VIIt.

1160 1279 217 75 Preuissima
1330 1279 139 75 huius
1423 1279 263 75 distinctionis
1640 1279 186 75 diuisio,
1779 1279 93 75 in
1826 1279 108 75 qua
1872 1279 62 75 de

1234 1326 255 78 angelorum
1431 1326 118 78 in
1490 1326 275 78 corporibus
1686 1326 275 78 apparitione.

1349 1387 215 65 distincte
1497 1387 264 65 determinatuir.

1375 1507 118 54 SO1
1443 1507 101 54 ET
1493 1507 152 54 etiam
1595 1507 101 54 in
1646 1507 237 54 quaestione
1815 1507 169 54 Postquam

1414 1552 206 54 Magister
1568 1552 275 54 determinauit
1791 1552 103 54 de
1826 1552 154 54 malorum

1420 1589 214 59 angelorum
1584 1589 132 59 casu
1666 1589 82 59 &
1699 1589 263 59 depressione,
1897 1589 82 59 hic

1425 1631 243 49 prosequitur
1619 1631 97 49 de
1668 1631 195 49 corporum
1798 1631 178 49 assumptio

1417 1675 110 46 ne,
1480 1675 110 46 seu
1543 1675 94 46 de
1590 1675 204 46 angelorum
1747 1675 94 46 in
1778 1675 188 46 corporibus

1415 1717 237 41 apparitione,
1608 1717 74 41 &
1638 1717 193 41 diuiditur
1786 1717 89 41 in
1831 1717 119 41 duas
1890 1717 74 41 pai

1416 1746 117 53 tes:
1489 1746 117 53 quia
1562 1746 131 53 primo
1650 1746 189 53 inquirit,
1795 1746 131 53 vtrum
1868 1746 102 53 talia

1414 1788 148 53 corpora
1521 1788 121 53 ipsis
1602 1788 161 53 angelis)
1722 1788 228 53 essentialiter
1897 1788 67 53 com

1128 1816 194 54 ulentur.
1273 1816 178 54 Secundo
1403 1816 146 54 vtrum
1500 1816 129 54 ipsi
1581 1816 194 54 daemones
1726 1816 178 54 humanis
1840 1816 129 54 corpo-

1113 1867 155 43 ribus,
1221 1867 124 43 siue
1299 1867 186 43 animabus
1438 1867 109 43 hom
1500 1867 124 43 inum
1578 1867 295 43 substantialiter
1810 1867 155 43 illaban-

1112 1902 103 52 tur
1171 1902 117 52 ibi,
1244 1902 132 52 lllud
1332 1902 146 52 etiam.
1435 1902 132 52 Prima
1523 1902 88 52 in
1566 1902 132 52 duas:
1654 1902 103 52 nam
1713 1902 132 52 primo
1801 1902 190 52 inquirit,

1109 1945 90 43 an
1154 1945 181 43 corpora,
1290 1945 90 43 in
1335 1945 151 43 quibus
1441 1945 196 43 quandoque
1591 1945 181 43 apparent
1727 1945 166 43 angeli,
1847 1945 121 43 sint
1908 1945 60 43 de

1118 1984 110 49 nouo
1187 1984 179 49 assumpta,
1325 1984 97 49 vel
1380 1984 110 49 sint
1449 1984 97 49 eis
1505 1984 207 49 naturaliter
1670 1984 138 49 vnita.
1767 1984 152 49 Secundo
1863 1984 97 49 osten

1112 2021 128 55 dit,
1192 2021 176 55 quomodo
1320 2021 144 55 etiam
1416 2021 96 55 in
1464 2021 176 55 corpore
1592 2021 208 55 quandoque
1752 2021 176 55 apparet
1864 2021 96 55 per-

1108 2057 120 52 sona
1183 2057 165 52 diuina,
1303 2057 105 52 Nec
1362 2057 210 52 dubitandum
1527 2057 120 52 est,
1602 2057 75 52 &
1632 2057 120 52 haec
1707 2057 90 52 in
1752 2057 135 52 duas:
1841 2057 105 52 nam
1886 2057 75 52 pri

1117 2101 98 47 mo
1166 2101 211 47 ostendit,
1328 2101 130 47 quod
1409 2101 179 47 persona
1539 2101 163 47 diuina
1653 2101 211 47 quandoque
1799 2101 163 47 apparuit

1115 2134 94 55 in
1162 2134 204 55 corporali
1319 2134 235 55 substantia,
1507 2134 172 55 Secundo
1632 2134 172 55 probat,
1757 2134 125 55 quod
1836 2134 125 55 Deus
1898 2134 63 55 in

1108 2169 96 56 hac
1163 2169 151 56 mortali
1273 2169 110 56 vita
1342 2169 206 56 inuisibilis
1506 2169 96 56 est
1561 2169 82 56 in
1602 2169 151 56 propria
1712 2169 96 56 sua
1767 2169 165 56 essentia
1877 2169 82 56 ibi,

1112 2210 174 65 Ceterum
1239 2210 142 65 haec:
1333 2210 142 65 Circa
1428 2210 142 65 istam
1523 2210 205 65 lectionem
1681 2210 158 65 quaero
1791 2210 126 65 hanc
1854 2210 111 65 quae

1087 2251 171 48 stionem.

1345 2330 321 76 Quastio

1182 2400 110 91 An
1237 2400 201 91 angelus
1383 2400 165 91 motum
1493 2400 201 91 causare
1639 2400 183 91 possit
1767 2400 110 91 in
1804 2400 91 91 rem

1390 2461 265 76 exteriorem.

1339 2840 145 48 TRVM
1429 2840 199 48 angelus
1574 2840 181 48 possit
1701 2840 199 48 causare
1827 2840 127 48 motum

1355 2884 233 53 transeuntem
1542 2884 93 53 in
1588 2884 109 53 rem
1650 2884 233 53 exteriorem.
1837 2884 93 53 Et
1868 2884 93 53 vide

1346 2925 125 51 tur,
1425 2925 125 51 quod
1503 2925 125 51 non:
1581 2925 125 51 Quia
1659 2925 141 51 omnis
1753 2925 188 51 potentia
1878 2925 78 51 an-

1356 2967 134 41 geli,
1445 2967 104 41 qua
1505 2967 164 41 angelus
1624 2967 149 41 potest
1729 2967 134 41 actum
1818 2967 164 41 aliquem

1351 3005 219 46 principiare,
1529 3005 96 46 aut
1584 3005 96 46 est
1639 3005 219 46 intellectus,
1817 3005 96 46 aut
1858 3005 109 46 volum-

1346 3041 117 51 tas:
1419 3041 102 51 sed
1478 3041 146 51 neutro
1580 3041 161 51 istorum
1697 3041 146 51 potest
1785 3041 175 51 principia-

1103 3079 107 42 re
1157 3079 160 42 actum
1263 3079 284 42 transeuntem,
1494 3079 124 42 sed
1565 3079 160 42 solum
1654 3079 213 42 immauentem

1148 3110 175 48 Contra,
1275 3110 127 48 quia
1355 3110 111 48 tam
1418 3110 191 48 secundum
1562 3110 223 48 theologos,
1736 3110 127 48 quam
1800 3110 159 48 secundum

1118 3152 235 63 philosophos
1306 3152 157 63 aliqui
1416 3152 157 63 angeli
1526 3152 188 63 ponuntur
1666 3152 125 63 esse
1745 3152 172 63 motores
1854 3152 110 63 cale
