2377 3504
386 230 189 68 operatio
528 230 126 68 eius
607 230 221 68 terminatur
780 230 110 68 sic
843 230 95 68 ad
891 230 110 68 rem
954 230 158 68 extra,
1064 230 126 68 quod
1127 230 126 68 nullum

386 295 195 42 obiectum
532 295 211 42 primarium
694 295 178 42 habebit
824 295 97 42 ab
873 295 162 42 intra,
986 295 81 42 &
1019 295 114 42 per
1067 295 195 42 consequens

387 324 225 62 specificatur
570 324 70 62 a
598 324 85 62 re
641 324 141 62 extra:
739 324 113 62 ergo
796 324 70 62 &c.

467 368 216 43 Praeterea,
636 368 123 43 Hugo
713 368 93 43 in
760 368 139 43 libro
852 368 93 43 de
898 368 231 43 sacramentis
1083 368 170 43 loquens
1191 368 62 43 de

393 400 146 54 diuina
496 400 190 54 voluntate
642 400 117 54 ait,
715 400 117 54 Haec
788 400 117 54 sola
861 400 117 54 est,
934 400 117 54 vnde
1007 400 132 54 ortum
1095 400 132 54 habet
1168 400 88 54 quic

392 445 118 51 quid
466 445 118 51 est,
540 445 89 51 Et
585 445 178 51 Anselmus
718 445 89 51 in
762 445 133 51 libro
851 445 89 51 2.
896 445 104 51 Cur
955 445 118 51 Deus
1029 445 133 51 homo,
1118 445 118 51 ait,
1177 445 74 51 Non

399 480 90 50 st
444 480 90 50 in
489 480 105 50 Deo
548 480 119 50 vlla
623 480 179 50 faciendi
757 480 224 50 necessitas,
937 480 105 50 aut
996 480 105 50 non
1056 480 179 50 faciendi
1175 480 75 50 im-

397 521 252 55 possibilitas,
604 521 118 55 quia
679 521 118 55 sola
753 521 89 55 in
797 521 89 55 eo
841 521 178 55 operatur
975 521 192 55 voluntas:
1123 521 89 55 Et
1152 521 104 55 istud

389 559 139 50 ctiam
481 559 170 50 probaui
589 559 170 50 superius.

426 587 102 58 Ad
477 587 170 58 primum
596 587 136 58 nego
680 587 254 58 antecedens.
884 587 102 58 Ad
935 587 254 58 probationem
1138 587 153 58 dico,

390 645 116 46 quod
463 645 131 46 creat
551 645 87 46 vt
594 645 160 46 diuina,
711 645 116 46 quia
783 645 131 46 posse
871 645 146 46 creare
973 645 116 46 soli
1045 645 102 46 Deo
1089 645 160 46 conuenit,

393 690 103 38 nec
452 690 176 38 sequitur
584 690 132 38 illud
672 690 249 38 inconueniens,
877 690 117 38 quod
950 690 88 38 tu
994 690 161 38 infers,
1111 690 103 38 sed
1155 690 88 38 bend

391 713 184 47 sequitur,
533 713 85 47 si
575 713 170 47 voluntas
703 713 142 47 diuina
802 713 99 47 est
859 713 199 47 principium
1015 713 184 47 creaturae
1157 713 85 47 vt
1185 713 71 47 di-

382 767 109 41 uina
451 767 109 41 est,
519 767 109 41 quod
587 767 123 41 nihil
669 767 137 41 possit
765 767 150 41 create,
874 767 109 41 nisi
942 767 96 41 sit
997 767 123 41 Deus:
1079 767 123 41 sicut
1161 767 82 41 si
1188 767 55 41 e-

392 801 204 48 quilaterus
553 801 131 48 habet
640 801 117 48 tres
713 801 160 48 angulos
830 801 248 48 aequiualentes
1034 801 146 48 duobus
1122 801 131 48 rectis;

384 845 76 43 m
414 845 167 43 quantum
536 845 106 43 est
596 845 228 43 triangulus,
778 845 182 43 sequitur
915 845 121 43 quod
991 845 137 43 nihil
1082 845 152 43 possit
1173 845 76 43 ha-

383 873 113 44 bere
454 873 113 44 tres
524 873 156 44 angulos
638 873 241 44 aequiualentes
836 873 142 44 duobus
935 873 156 44 rectis,
1049 873 113 44 nisi
1119 873 99 44 sit
1162 873 99 44 trian

386 916 132 51 gulus
474 916 102 51 vel
533 916 88 51 si
576 916 146 51 animal
679 916 102 51 non
737 916 102 51 est
796 916 190 51 risibile,
942 916 117 51 nisi
1015 916 190 51 inquantum
1147 916 102 51 homo;

385 958 112 45 tunc
455 958 112 45 bene
525 958 140 45 potest
622 958 167 45 inferri,
748 958 112 45 quod
818 958 112 45 homo
887 958 140 45 primo,
985 958 70 45 &
1013 958 98 45 per
1069 958 84 45 se
1110 958 98 45 est
1152 958 98 45 risi-

395 991 129 44 bilis;
485 991 64 44 &
511 991 103 44 quoe
575 991 116 44 nihil
652 991 129 44 potest
742 991 103 44 esse
807 991 167 44 risibile,
935 991 103 44 nisi
999 991 90 44 sit
1051 991 116 44 homo,
1128 991 90 44 sic
1167 991 51 44 &c

429 1031 97 46 Ad
477 1031 194 46 secundum
623 1031 178 46 patebit
752 1031 162 46 infra,
865 1031 226 46 ostendetur
1043 1031 129 46 enim
1124 1031 113 46 ibi
1172 1031 81 46 quo

393 1071 120 48 modo
468 1071 165 48 creatio
588 1071 135 48 actio
679 1071 150 48 potest
784 1071 120 48 dici
859 1071 135 48 noua,
949 1071 75 48 &
979 1071 211 48 transiens:
1145 1071 75 48 &
1160 1071 75 48 quo

395 1110 126 51 modo
474 1110 157 51 manens
584 1110 94 51 in
631 1110 173 51 agente.
757 1110 142 51 Etiam
852 1110 94 51 ad
899 1110 189 51 virtutem
1040 1110 157 51 istius
1135 1110 110 51 argu-

382 1150 135 49 menti
472 1150 195 49 responsum
621 1150 105 49 est
681 1150 180 49 supertus
816 1150 135 49 dist.
906 1150 135 49 prima
996 1150 90 49 in
1040 1150 195 49 solutione
1175 1150 75 49 ra-

391 1186 160 50 tionum
503 1186 192 50 Auerrois
647 1186 96 50 de
695 1186 160 50 aetern
806 1186 128 50 tate
870 1186 128 50 mundi-

435 1218 88 50 Ad
479 1218 161 50 tertium
596 1218 146 50 potest
698 1218 117 50 dici
771 1218 88 50 ad
815 1218 175 50 maiorem,
946 1218 117 50 quod
1019 1218 88 50 ex
1063 1218 219 50 distinctio

386 1265 94 46 ne
433 1265 157 46 talium
543 1265 219 46 obiectorum
715 1265 110 46 non
778 1265 172 46 oportet
903 1265 125 46 dare
982 1265 157 46 plures
1076 1265 172 46 potentias

392 1306 196 44 formaliter
546 1306 210 44 distinctas,
714 1306 98 44 sed
770 1306 182 44 sufficit,
909 1306 112 44 quod
979 1306 98 44 vna
1035 1306 140 44 detur,
1133 1306 112 44 quae
1189 1306 70 44 est

388 1348 230 52 virtualiter
571 1348 168 52 plurium
694 1348 230 52 contentiua.
878 1348 153 52 Potest
985 1348 138 52 etiam
1077 1348 153 52 negari
1168 1348 77 52 mi-

389 1391 118 41 nor,
463 1391 118 41 quia
536 1391 132 41 sicut
624 1391 176 41 inferius
757 1391 73 41 &
786 1391 176 41 speciale
918 1391 103 41 non
977 1391 235 41 distinguitur
1153 1391 103 41 forma

390 1427 126 41 liter
474 1427 140 41 contra
572 1427 182 41 superius,
713 1427 70 41 &
741 1427 126 41 cone;
825 1427 98 41 sic
881 1427 168 41 creabile
1007 1427 98 41 non
1064 1427 98 41 est
1106 1427 140 41 obiectum

386 1463 209 53 formaliter
550 1463 209 53 distinctum
714 1463 149 53 contra
818 1463 179 53 volibile
953 1463 75 53 &
967 1463 239 53 intelligibile-

431 1504 99 48 Ad
480 1504 181 48 quartum
611 1504 214 48 dicendum,
776 1504 131 48 quod
858 1504 148 48 illud
956 1504 164 48 dictum
1055 1504 197 48 philosophi

387 1543 105 44 fic
447 1543 180 44 absolute
582 1543 180 44 acceptum
717 1543 105 44 non
777 1543 105 44 est
837 1543 150 44 verum:
942 1543 120 44 quia
1017 1543 90 44 ex
1062 1543 165 44 actibus
1182 1543 105 44 tam

392 1586 239 48 intellectus,
586 1586 119 48 quam
661 1586 209 48 voluntatis
825 1586 179 48 gignitur
959 1586 75 48 &
989 1586 239 48 constituitur
1168 1586 75 48 ha-

398 1621 143 47 bitus:
498 1621 129 47 etiam
584 1621 86 47 ex
627 1621 115 47 actu
699 1621 230 47 intelligendi
885 1621 172 47 gignitur
1014 1621 86 47 in
1058 1621 129 47 nobis
1129 1621 115 47 verbum

388 1663 122 50 Item
464 1663 183 50 voluntas
602 1663 107 50 est
663 1663 214 50 principium
831 1663 138 50 rerum
923 1663 275 50 artificialium,
1152 1663 92 50 vt
1183 1663 61 50 pa

393 1699 105 52 tet
453 1699 90 52 in
498 1699 135 52 libro
588 1699 90 52 Et
632 1699 165 52 hicorum
752 1699 75 52 &
782 1699 90 52 9.
827 1699 150 52 metaph
932 1699 120 52 Item
1007 1699 165 52 quamuis
1126 1699 105 52 per
1171 1699 75 52 in-

382 1743 188 44 telligere
526 1743 232 44 speculatiuum
714 1743 130 44 nihil
801 1743 232 44 comstituitur
989 1743 130 44 extra
1062 1743 188 44 intellectu;

395 1787 106 41 per
456 1787 228 41 intelligere
638 1787 137 41 tamen
729 1787 197 41 practicum
881 1787 213 41 necessario
1032 1787 213 41 constituitur

388 1816 149 50 aliquid
497 1816 81 50 ad
537 1816 135 50 extra,
632 1816 95 50 cum
686 1816 108 50 opus
754 1816 176 50 transiens
889 1816 95 50 sit
943 1816 122 50 finis
1024 1816 122 50 eius;
1106 1816 122 50 iuxta
1173 1816 68 50 il-

399 1855 89 49 ud
444 1855 89 49 2.
488 1855 148 49 metaph
591 1855 192 49 theoricae
739 1855 148 49 quidem
842 1855 133 49 finis
931 1855 222 49 speculatio,
1094 1855 162 49 practicae

390 1899 122 47 vero
451 1899 106 47 opus.

436 1938 101 44 Ad
487 1938 186 44 quintum
622 1938 219 44 dicendum,
790 1938 135 44 quod
875 1938 135 44 Hugo
959 1938 202 44 loquitur
1094 1938 152 44 quantum

387 1968 98 62 ad
436 1968 147 62 modum
534 1968 180 62 nostrum
665 1968 278 62 intelligendi,
894 1968 131 62 quem
976 1968 180 62 capimus
1107 1968 98 62 de
1156 1968 131 62 his,

392 2013 126 60 quae
471 2013 173 60 videmus
597 2013 95 60 in
629 2013 110 60 nobis

417 2037 106 69 Ad
470 2037 177 69 primum
594 2037 106 69 de
647 2037 212 69 potentia
806 2037 229 69 angelorum
982 2037 229 69 dicendum,
1141 2037 106 69 quod

391 2092 131 45 ficut
478 2092 160 45 sentire
594 2092 73 45 &
623 2092 218 45 intelligere
797 2092 160 45 arguunt
913 2092 174 45 diuersas
1043 2092 189 45 potentias
1174 2092 73 45 com

397 2131 174 53 gnitiuas
527 2131 87 53 in
570 2131 145 53 nobis,
672 2131 130 53 tamen
759 2131 130 53 ipsis
846 2131 87 53 in
889 2131 145 53 angelo
991 2131 232 53 correspondet
1165 2131 72 53 tam

392 2180 107 40 tum
453 2180 107 40 vna
514 2180 198 40 potentia;
666 2180 107 40 sic
727 2180 183 40 imperare
865 2180 76 40 &
895 2180 168 40 mouere,
1017 2180 153 40 quauis
1124 2180 122 40 sint
1185 2180 61 40 in

386 2214 140 44 nobis
480 2214 78 44 a
511 2214 187 44 diuersis
651 2214 218 44 potentiis,
822 2214 93 44 in
868 2214 155 44 angelo
977 2214 140 44 tamen
1070 2214 171 44 propter
1179 2214 78 44 sui

382 2255 256 47 perfectionem
590 2255 144 47 eadem
686 2255 112 47 est
750 2255 192 47 potentia
893 2255 224 47 imperatiua
1069 2255 80 47 &
1085 2255 144 47 motiua-

418 2288 105 49 Ad
470 2288 210 49 secundum
627 2288 227 49 dicendum,
802 2288 140 49 quod
889 2288 175 49 quando
1012 2288 105 49 ab
1064 2288 157 49 eadem
1152 2288 87 49 vir

386 2319 129 56 tute
466 2319 209 56 procedunt
628 2319 113 56 due
692 2319 258 56 operationes,
902 2319 129 56 tunc
982 2319 113 56 non
1047 2319 113 56 est
1095 2319 161 56 inconue-

376 2371 166 48 niens,
492 2371 132 48 quod
575 2371 116 48 vna
641 2371 182 48 illarum
774 2371 248 48 operationum
973 2371 199 48 requirat
1105 2371 149 48 aliquam

383 2413 267 47 proportionem,
603 2413 126 47 quam
682 2413 126 47 alia
760 2413 110 47 non
823 2413 204 47 requirit,
980 2413 110 47 sol
1043 2413 126 47 enim
1106 2413 141 47 illumi-

385 2446 118 50 nat
453 2446 101 50 ad
503 2446 237 50 quamcumque
689 2446 254 50 distantiam,
892 2446 118 50 non
960 2446 152 50 tamen
1061 2446 186 50 generat
1179 2446 68 50 ad

393 2485 226 56 quamcumque
570 2485 242 56 distantiam.
764 2485 129 56 Item
845 2485 113 56 sol
909 2485 210 56 illuminat
1071 2485 210 56 remotius,

390 2525 119 51 quam
450 2525 179 51 calefacit.

418 2565 104 44 Ad
470 2565 191 44 tertium
609 2565 226 44 dicendum,
783 2565 139 44 quod
870 2565 243 44 argumentum
1043 2565 209 44 imaginatur

387 2599 163 46 falsum,
506 2599 193 46 scilicet,
654 2599 119 46 quod
728 2599 163 46 angelus
847 2599 119 46 ipso
921 2599 133 46 velle
1010 2599 104 46 suo
1069 2599 148 46 moueat
1158 2599 89 46 for-

385 2639 184 52 maliter;
523 2639 77 52 &
553 2639 138 52 istud
646 2639 107 52 non
707 2639 107 52 est
768 2639 153 52 verum,
876 2639 123 52 quia
952 2639 138 52 velle
1045 2639 123 52 suum
1121 2639 107 52 non
1167 2639 77 52 est

377 2681 209 51 formaliter
541 2681 164 51 mouere,
660 2681 104 51 sed
720 2681 238 51 virtualiter;
913 2681 119 51 vnde
988 2681 134 51 sicut
1077 2681 164 51 angelus
1181 2681 60 51 ip

385 2719 85 48 so
427 2719 212 48 intelligere
597 2719 198 48 intelligit
752 2719 212 48 formaliter,
922 2719 71 48 &
950 2719 113 48 ipso
1021 2719 127 48 velle
1106 2719 113 48 vult
1162 2719 85 48 for-

387 2757 177 49 maliter,
520 2757 103 49 sic
579 2757 118 49 ipso
653 2757 147 49 mouere
756 2757 133 49 mouet
844 2757 221 49 formaliter.
1021 2757 221 49 Virtualiter
1183 2757 59 49 au

383 2795 98 49 tem
439 2795 126 49 actus
523 2795 182 49 transiens
663 2795 140 49 potest
761 2795 196 49 principari
916 2795 70 49 a
944 2795 196 49 substantia
1084 2795 154 49 separata,

389 2843 197 42 mediante
537 2843 132 42 actu
619 2843 230 42 formaliter
783 2843 181 42 immanente

425 2878 100 49 Ad
475 2878 182 49 quartum
608 2878 216 49 dicendum,
774 2878 133 49 quod
857 2878 116 49 non
923 2878 182 49 oportet
1056 2878 166 49 tantam
1155 2878 83 49 di-

384 2913 222 46 stinctionem
562 2913 148 46 ponere
665 2913 89 46 in
710 2913 251 46 superioribus,
917 2913 118 46 puta
991 2913 89 46 in
1035 2913 177 46 angelis,
1153 2913 89 46 quan

381 2956 84 40 ta
423 2956 98 40 est
479 2956 84 40 in
521 2956 237 40 infcrioribus,
716 2956 112 40 puta
786 2956 84 40 in
827 2956 140 40 nobis;
925 2956 140 40 igitur
1023 2956 153 40 neganda
1134 2956 98 40 est
1176 2956 70 40 con

382 2994 226 47 sequentia.
559 2994 97 47 Ad
607 2994 242 47 probationem
801 2994 274 47 consequentiae
1026 2994 145 47 dico,
1123 2994 129 47 quod
1188 2994 64 47 ma

381 3042 104 46 gis
440 3042 148 46 arguit
544 3042 207 46 oppositum,
707 3042 118 46 quam
781 3042 222 46 propositum:
958 3042 118 46 quia
1032 3042 89 46 eo
1076 3042 133 46 ipso,
1150 3042 89 46 quam

388 3072 149 52 motor
488 3072 83 52 &
521 3072 149 52 forma
620 3072 116 52 non
687 3072 182 52 possunt
819 3072 232 52 coincidere
1001 3072 99 52 in
1051 3072 133 52 idem
1117 3072 133 52 numero

1288 229 90 67 vt
1333 229 180 67 dicitur.
1468 229 90 67 2.
1513 229 165 67 physic.
1633 229 120 67 ideo
1708 229 135 67 motor
1797 229 195 67 coiunctus
1947 229 135 67 magis
2022 229 150 67 requirit

1279 289 97 50 in
1327 289 130 50 suis
1409 289 211 50 potentijs
1571 289 292 50 distinctionem,
1814 289 130 50 quam
1895 289 146 50 motor
1976 289 195 50 separatus.

1334 323 101 43 Ad
1385 323 186 43 quintum
1520 323 203 43 dicendum
1672 323 135 43 quod
1757 323 152 43 maior
1858 323 287 43 vniuersaliter
2078 323 84 43 lo-

1297 365 137 48 uendo
1388 365 106 48 non
1449 365 106 48 est
1510 365 137 48 vera;
1601 365 122 48 vnde
1677 365 137 48 debet
1768 365 106 48 sic
1829 365 198 48 moderari,
1981 365 122 48 quod
2041 365 122 48 actues

1280 402 171 50 ciusdem
1405 402 187 50 rationis
1545 402 125 50 sunt
1623 402 78 50 a
1654 402 187 50 potentia
1795 402 171 50 eiusdem
1919 402 187 50 rationis
2044 402 109 50 forma

1290 444 151 50 liter,
1396 444 106 50 vel
1456 444 76 50 a
1486 444 181 50 potentia
1622 444 136 50 alia,
1713 444 121 50 quae
1788 444 196 50 huiusmodi
1939 444 196 50 potentiam
2075 444 91 50 con-

1281 479 128 46 tinet
1366 479 228 46 virtualiter;
1552 479 100 46 sic
1609 479 128 46 autem
1694 479 100 46 est
1751 479 86 46 in
1794 479 200 46 proposito,
1951 479 114 46 quia
2008 479 143 46 voluntas

1287 522 77 52 &
1317 522 230 52 intellectus
1501 522 153 52 angeli
1608 522 260 52 comprehendunt
1823 522 230 52 virtualiter
1991 522 169 52 virtutem,

1289 561 175 41 motiuam
1417 561 191 41 secundum
1560 561 159 41 locum,
1672 561 128 41 quae
1751 561 223 41 formaliter
1927 561 112 41 est
1991 561 96 41 in
2023 561 144 41 brutis;

1293 600 128 48 quod
1373 600 144 48 autem
1469 600 144 48 maior
1565 600 112 48 sit
1629 600 160 48 falsa,
1740 600 128 48 sine
1820 600 112 48 iam
1884 600 144 48 dicto
1964 600 192 48 modetamine

1291 644 155 47 patet:
1399 644 124 47 quia
1476 644 108 47 per
1538 644 155 47 eandem
1646 644 155 47 formam
1755 644 186 47 arguendi
1894 644 232 47 probaretur,
2064 644 93 47 quod

1292 678 176 43 potentia
1424 678 220 43 materialis,
1600 678 117 43 quae
1673 678 102 43 est
1732 678 88 43 in
1775 678 176 43 musculis
1907 678 161 43 eiusdem
2010 678 146 43 rationis

1283 719 146 45 esset
1380 719 97 45 in
1429 719 130 45 Deo:
1510 719 130 45 quia
1591 719 130 45 Deus
1673 719 114 45 non
1738 719 146 45 minus
1835 719 130 45 bene
1916 719 162 45 potest
2014 719 146 45 mouere-

1284 756 173 52 humanum
1410 756 157 52 corpus
1520 756 126 52 sine
1598 756 126 52 motu
1677 756 173 52 elicito
1802 756 78 52 a
1833 756 188 52 virtute,
1975 756 126 52 quae
2053 756 110 52 est
2100 756 63 52 in

1283 799 213 45 musculis,
1446 799 131 45 quam
1528 799 196 45 mediante
1675 799 131 45 tali
1741 799 114 45 motu.

1328 835 99 46 Ad
1378 835 165 46 sextum
1494 835 215 46 dicendum,
1659 835 132 46 quod
1742 835 198 46 concesso
1891 835 132 46 toto
1957 835 198 46 argumento-

1278 872 105 50 non
1338 872 119 50 plus
1412 872 239 50 concluditur,
1607 872 119 50 nisi
1681 872 119 50 quod
1756 872 149 50 virtus
1860 872 149 50 motiua
1965 872 105 50 sit
2025 872 90 50 in
2054 872 90 50 ange

1281 914 122 41 lis;
1357 914 122 41 quod
1433 914 137 41 autem
1525 914 198 41 huiusmodi
1678 914 153 41 virtus
1785 914 183 41 differat
1922 914 183 41 realiter
2059 914 76 41 a
2075 914 76 41 vo-

1280 954 166 44 luntate
1401 954 76 44 &
1431 954 227 44 intellectu,
1612 954 106 44 non
1658 954 166 44 probatur.

1296 992 106 53 Ad
1349 992 213 53 septimum
1509 992 231 53 dicendum,
1687 992 142 53 quod
1775 992 124 53 non
1846 992 213 53 repugnat
2006 992 177 53 eandem

1293 1035 185 45 tirtutem
1431 1035 154 45 habere
1539 1035 154 45 plures
1646 1035 231 45 operationes
1831 1035 138 45 circa
1923 1035 138 45 plura
2000 1035 154 45 obiecta.

1301 1071 148 50 uarum
1399 1071 181 50 secudum
1531 1071 132 50 unam
1613 1071 148 50 ponit
1712 1071 197 50 obiectum
1860 1071 99 50 in
1909 1071 132 50 esse
1975 1071 181 50 intetiona

1281 1112 104 43 li,
1341 1112 74 43 &
1370 1112 179 43 secundum
1505 1112 134 43 aliam
1594 1112 89 43 in
1639 1112 119 43 esse
1713 1112 134 43 reali
1802 1112 74 43 :
1832 1112 104 43 Sol
1892 1112 119 43 enim
1966 1112 104 43 per
2026 1112 149 43 eandem

1283 1154 199 47 virtutem,
1436 1154 107 47 qua
1497 1154 153 47 caelum
1605 1154 77 47 &
1636 1154 169 47 stellas
1758 1154 169 47 immutat
1866 1154 276 47 intentionaliter;

1291 1187 116 59 olum
1364 1187 160 59 alterat
1481 1187 116 59 ista
1553 1187 189 59 inferiora
1699 1187 102 59 non
1757 1187 131 59 solum
1844 1187 291 59 intentionaliter,
2077 1187 73 59 ve-

1282 1228 114 48 rum
1347 1228 147 48 etiam
1445 1228 147 48 valde
1543 1228 212 48 realiter.
1706 1228 98 48 Ad
1755 1228 163 48 formam
1869 1228 212 48 argumenti
2016 1228 130 48 dicen-

1287 1272 125 39 dum,
1366 1272 125 39 quod
1444 1272 141 39 minor
1538 1272 110 39 non
1601 1272 110 39 est
1664 1272 125 39 vera
1742 1272 188 39 loquendo
1883 1272 94 39 de
1930 1272 220 39 intellectu
2103 1272 78 39 &

1281 1307 201 53 voluntate
1435 1307 108 53 Dei
1497 1307 77 53 &
1528 1307 170 53 angeli:
1651 1307 139 53 velle
1744 1307 123 53 enim
1821 1307 154 53 diuino
1929 1307 154 53 cuucta
2022 1307 123 53 produm

1283 1347 144 52 cuntur
1383 1347 86 52 in
1427 1347 130 52 esse:
1513 1347 144 52 Etiam,
1614 1347 86 52 vt
1657 1347 144 52 dictum
1758 1347 101 52 est
1816 1347 144 52 supra,
1916 1347 231 52 intellectus,
2104 1347 72 52 &

1281 1391 187 48 voluntas
1422 1391 156 48 angeli
1530 1391 233 48 virtualiter
1717 1391 265 48 comprehendunt
1935 1391 202 48 virturem,
2075 1391 78 48 seu

1287 1425 212 44 potentiam
1449 1425 195 44 motiuam;
1596 1425 130 44 ideo
1677 1425 179 44 angelus
1807 1425 114 44 per
1872 1425 244 44 intellectum
2068 1425 81 44 &
2084 1425 65 44 vo

1287 1467 172 48 untatem
1412 1467 156 48 potest
1522 1467 109 48 rem
1584 1467 203 48 immediate
1741 1467 156 48 ponere
1850 1467 94 48 in
1897 1467 109 48 hoc
1959 1467 125 48 esse
2022 1467 125 48 reali,

1295 1506 131 48 quod
1377 1506 115 48 est
1442 1506 131 48 esse
1525 1506 148 48 motum
1623 1506 197 48 secundum
1755 1506 131 48 locum.

1319 1543 107 50 Ad
1373 1543 195 50 octauum
1515 1543 213 50 dicendum
1674 1543 160 50 eodem
1781 1543 160 50 modo,
1888 1543 124 50 quo
1959 1543 178 50 dictum
2065 1543 89 50 est

1288 1586 102 43 id
1339 1586 186 43 quartum
1474 1586 237 43 argumentum
1660 1586 102 43 de
1711 1586 203 43 potentia
1846 1586 85 43 Dei

1315 1625 96 51 Ad
1363 1625 144 51 nonum
1459 1625 207 51 dicendum,
1618 1625 128 51 quod
1698 1625 144 51 maior
1794 1625 112 51 non
1858 1625 112 51 est
1922 1625 144 51 vera,
2017 1625 128 51 nisi
2081 1625 64 51 lo

1303 1663 150 44 uendo
1403 1663 100 44 de
1453 1663 100 44 op
1503 1663 233 44 rationibus
1685 1663 199 44 propriis
1835 1663 216 44 immediate
2001 1663 83 44 a
2018 1663 116 44 poten

1290 1703 115 48 tiis
1362 1703 187 48 elicitis,
1505 1703 115 48 quia
1577 1703 101 48 cum
1635 1703 144 48 plures
1736 1703 216 48 operationes
1908 1703 201 48 eliciuntur
2067 1703 86 48 ab
2095 1703 58 48 ea

1280 1741 114 46 dem
1345 1741 211 46 potentia,
1507 1741 114 46 vna
1572 1741 195 46 mediante
1718 1741 146 46 alia,
1815 1741 211 46 contingit
1961 1741 179 46 quandoque

1283 1785 138 40 tales
1375 1785 231 40 operationes
1559 1785 123 40 plus
1636 1785 200 40 differre,
1790 1785 123 40 quam
1867 1785 138 40 alias
1944 1785 200 40 operationes

1282 1819 191 45 immediate
1429 1819 176 45 elicitas
1562 1819 74 45 a
1591 1819 147 45 duabus
1694 1819 191 45 potentiis
1841 1819 176 45 realiter
1959 1819 191 45 distinctis.

1286 1859 109 41 bol
1349 1859 124 41 enim
1426 1859 202 41 immediate
1582 1859 202 41 illuminat
1738 1859 202 41 planetas,
1893 1859 78 41 &
1924 1859 187 41 mediante
2049 1859 93 41 tali

1283 1899 257 46 illuminatione,
1497 1899 114 46 quae
1569 1899 100 46 est
1626 1899 172 46 operatio
1755 1899 243 46 intentionalis
1955 1899 172 46 generat,
2069 1899 72 46 asi

1281 1939 124 48 num,
1359 1939 109 48 vel
1421 1939 155 48 equum,
1530 1939 78 48 &
1561 1939 140 48 tamen
1654 1939 140 48 plans
1747 1939 124 48 est,
1825 1939 124 48 quod
1903 1939 202 48 generatio
2042 1939 109 48 asini

1284 1978 79 46 &
1316 1978 236 46 illuminatio
1505 1978 221 46 planetarum
1678 1978 126 46 plus
1757 1978 221 46 differunt,
1930 1978 126 46 quam
2009 1978 158 46 audire
2104 1978 47 46 &

1276 2017 172 40 videre,
1401 2017 125 40 quae
1479 2017 203 40 immediate
1636 2017 219 40 eliciuntur
1807 2017 78 40 a
1839 2017 156 40 duabus
1948 2017 187 40 potentus
2073 2017 78 40 rea

1285 2055 132 42 liter
1373 2055 220 42 distinctis.
1549 2055 103 42 Sic
1608 2055 88 42 in
1652 2055 205 42 proposito,
1813 2055 161 42 quamuis
1930 2055 117 42 plus
1989 2055 161 42 differant

1283 2094 157 53 mouere
1393 2094 157 53 corpus
1503 2094 78 53 &
1534 2094 157 53 velle,
1644 2094 125 53 quam
1722 2094 141 53 velle
1816 2094 78 53 &
1847 2094 251 53 intelligere,
2035 2094 110 53 tamen

1290 2137 126 46 quia
1369 2137 157 46 mouere
1479 2137 110 46 non
1541 2137 110 46 est
1604 2137 204 46 immediata
1761 2137 188 46 operatio
1903 2137 157 46 ipsius
1997 2137 141 46 angelis

1286 2177 114 46 quia
1357 2177 128 46 ipsum
1443 2177 143 46 elicit
1542 2177 171 46 mediante
1671 2177 100 46 suo
1728 2177 128 46 velle
1813 2177 86 46 in
1856 2177 143 46 aliena
1956 2177 157 46 natura:
2055 2177 86 46 ideo

1287 2208 169 55 quamuis
1410 2208 123 55 plus
1487 2208 200 55 differant
1641 2208 154 55 mouere
1748 2208 77 55 &
1779 2208 154 55 velle,
1871 2208 62 55 &c

1314 2251 132 43 Dicit
1402 2251 132 43 etiam
1490 2251 117 43 iste
1564 2251 161 43 doctor,
1681 2251 117 43 quod
1755 2251 117 43 ista
1828 2251 191 43 conclusio
1975 2251 103 43 sit
2019 2251 117 43 contra

1280 2293 237 54 Parisiensem
1470 2293 221 54 articulum,
1644 2293 111 54 qui
1707 2293 158 54 dicit,
1818 2293 126 54 quod
1897 2293 174 54 angelum
2008 2293 126 54 mouero

1284 2329 160 46 corpus
1396 2329 112 46 per
1460 2329 144 46 solum
1556 2329 240 46 intellectum
1747 2329 80 46 &
1779 2329 224 46 voluntatem
1939 2329 112 46 error

1299 2377 134 45 Salua
1389 2377 149 45 istius
1493 2377 179 45 doctoris
1627 2377 209 45 reuerentia
1792 2377 194 45 articulus
1941 2377 104 45 non
2001 2377 134 45 facit
2075 2377 60 45 me

1279 2410 153 52 tionem
1386 2410 92 52 de
1432 2410 230 52 intellectu;
1616 2410 138 52 Dicit
1708 2410 123 52 enim
1785 2410 199 52 articulus
1939 2410 92 52 2s
1985 2410 123 52 sic,
2046 2410 92 52 quod

1286 2452 244 44 ntelligentia
1484 2452 122 44 sola
1560 2452 198 44 voluntate
1713 2452 153 44 moueat
1820 2452 153 44 caelum
1926 2452 153 44 error:
2018 2452 122 44 Articu

1281 2488 103 49 lus
1340 2488 118 49 ergo
1414 2488 103 49 non
1473 2488 147 49 tangit
1576 2488 103 49 me,
1635 2488 118 49 quia
1709 2488 103 49 ego
1768 2488 103 49 non
1827 2488 162 49 excludo
1930 2488 206 49 intellectum,

1279 2532 132 47 immo
1362 2532 149 47 dico,
1461 2532 132 47 quod
1544 2532 149 47 mouet
1643 2532 116 47 pet
1709 2532 248 47 intellectum
1907 2532 83 47 &
1923 2532 215 47 voluntatem,

1318 2564 110 57 Dato
1387 2564 138 57 tamen,
1484 2564 110 57 quod
1553 2564 97 57 ita
1608 2564 138 57 staret
1705 2564 193 57 articulus,
1857 2564 124 57 sicut
1940 2564 110 57 iste
1995 2564 138 57 allegati

1271 2614 97 44 ad
1319 2614 113 44 hoc
1384 2614 145 44 dico,
1481 2614 129 44 quod
1561 2614 145 44 error
1658 2614 145 44 esset
1755 2614 113 44 non
1819 2614 177 44 propter
1932 2614 210 44 exclusionem

1280 2650 172 50 virtutis
1409 2650 230 50 exsecutiuae,
1596 2650 115 50 quam
1668 2650 115 50 ipse
1740 2650 144 50 ponit,
1840 2650 101 50 sed
1898 2650 158 50 propter
1998 2650 144 50 exclusio

1274 2685 102 46 nem
1333 2685 175 46 virtutis
1464 2685 161 46 diuine,
1581 2685 117 46 sine
1654 2685 102 46 qua
1713 2685 219 46 impossibile
1888 2685 102 46 est
1946 2685 161 46 angelum
2048 2685 88 46 quod

1281 2728 132 51 cuque
1370 2728 147 51 corpus
1473 2728 162 51 mouere,
1590 2728 118 51 quae
1664 2728 147 51 virtus
1767 2728 147 51 diuina
1870 2728 236 51 intelligitur
2047 2728 88 51 esse

1282 2766 178 54 exclusa,
1416 2766 104 54 cum
1475 2766 163 54 dicitur
1594 2766 119 54 sola
1653 2766 163 54 voluntate

1313 2802 167 56 Tertio
1430 2802 150 56 dico,
1530 2802 133 56 quod
1613 2802 183 56 angelus
1747 2802 117 56 non
1813 2802 150 56 mouet
1913 2802 167 56 corpus
2013 2802 117 56 imme-

1272 2833 139 61 diate
1364 2833 108 61 per
1426 2833 201 61 essentiam
1566 2833 108 61 suam.

1365 2881 119 51 Quia
1439 2881 163 51 angclus
1558 2881 104 51 non
1617 2881 222 51 intelligit,
1795 2881 104 51 nec
1854 2881 119 51 vult
1928 2881 193 51 immediate
2062 2881 74 51 per

1277 2923 199 59 essentiam
1430 2923 122 59 suam
1506 2923 122 59 sine
1583 2923 138 59 media
1674 2923 199 59 potentia:
1827 2923 122 59 ergo
1904 2923 107 59 nec
1965 2923 138 59 mouet
2041 2923 92 59 nisi

1275 2966 175 37 mediante
1407 2966 190 37 potentia.
1553 2966 205 37 Antecedens
1714 2966 132 37 patet
1802 2966 102 37 etm
1860 2966 102 37 per
1919 2966 117 37 eos,
1992 2966 102 37 qui
2036 2966 102 37 oppo-

1276 2998 126 57 situm
1360 2998 140 57 tenent
1458 2998 140 57 istius
1557 2998 225 57 coclusionis;
1739 2998 239 57 consequentiam
1936 2998 140 57 probo,
2034 2998 112 57 quia
2090 2998 42 57 s

1281 3040 203 42 operatio
1433 3040 169 42 habens
1551 3040 186 42 maiorem
1686 3040 287 42 conformitatem
1923 3040 118 42 cum
1973 3040 169 42 essentia

1282 3080 262 47 intellectualis
1501 3080 189 47 creaturae
1646 3080 102 47 non
1704 3080 146 47 potest
1806 3080 189 47 immediate
1952 3080 131 47 elici
2039 3080 73 47 a
2054 3080 87 47 tali
