2417 3533
198 261 156 82 esentia
311 261 113 82 sine
382 261 127 82 media
467 261 184 82 potentia;
608 261 170 82 sequitur
736 261 113 82 quod
806 261 99 82 nec
863 261 127 82 illa,
948 261 113 82 quae
1004 261 57 82 mi

195 330 149 41 norem
295 330 265 41 conformitate
510 330 149 41 habet
610 330 116 41 cum
676 330 216 41 huiusmodi
842 330 216 41 essentia:
991 330 83 41 sed

204 372 176 55 mouere
328 372 176 55 corpus
451 372 194 55 minorem
592 372 159 55 habet
698 372 300 55 conformitatem
945 372 123 55 cum
998 372 71 55 es

207 407 146 46 sentia
310 407 160 46 angeli,
426 407 117 46 quam
499 407 233 46 intelligere,
689 407 102 46 seu
747 407 146 46 velle:
849 407 117 46 ergo
908 407 58 46 &c

209 449 82 42 2
241 449 229 42 Praeterea,
422 449 98 42 in
471 449 131 42 omni
553 449 164 42 agente
667 449 197 42 ordinato
815 449 180 42 habente
946 449 164 42 actio¬

195 488 117 43 nem
262 488 235 43 immanentem
447 488 84 43 &
481 488 269 43 transeuntem,
699 488 168 43 semper
816 488 151 43 actio
900 488 168 43 transien

203 527 259 50 praesupponit
413 527 243 50 immanentem,
608 527 81 50 &
640 527 113 50 per
705 527 227 50 consequens
883 527 146 50 actio
964 527 113 50 tran-

199 569 145 38 siens
296 569 113 38 non
360 569 210 38 respiciet
522 569 242 38 immediatius
716 569 178 38 naturam
845 569 194 38 agentis,
974 569 97 38 quam

199 607 190 39 manens:
337 607 121 39 sed
406 607 208 39 actiones
562 607 242 39 immanentes
752 607 190 39 ipsorum
874 607 190 39 angelorun

199 645 112 47 non
263 645 223 47 respiciunt
438 645 176 47 naturam
566 645 128 47 nisi
646 645 192 47 mediante
790 645 208 47 potentia,
949 645 96 47 vt
997 645 112 47 iam

192 677 165 51 dictum
308 677 132 51 est,
391 677 132 51 ergo
457 677 66 51 &c

221 716 76 57 3
251 716 197 57 Praeterea
403 716 137 57 nulla
494 716 213 57 substantia
661 716 152 57 creata
767 716 106 57 est
828 716 213 57 immediatum
980 716 91 57 priu

204 764 153 51 cipium
311 764 245 51 operationis,
509 764 92 51 vt
555 764 153 51 patet.
662 764 92 51 7.
708 764 168 51 metaph.
830 764 107 51 per
876 764 199 51 Commentato-

208 806 113 40 rem:
279 806 99 40 sed
335 806 170 40 essentia
463 806 142 40 angeli
562 806 99 40 est
619 806 198 40 substantia
774 806 156 40 creata,
888 806 113 40 ergo
944 806 71 40 &c.

214 843 73 44 4
244 843 204 44 Praeterea,
404 843 131 44 sicut
491 843 87 44 se
535 843 131 44 habet
622 843 175 44 essentia
753 843 87 44 ad
797 843 131 44 esse,
885 843 102 44 sic
943 843 87 44 se
972 843 102 44 habet

203 876 155 57 virtus
311 876 93 57 ad
357 876 155 57 agere:
466 876 108 57 sed
527 876 186 57 essentia
667 876 108 57 est
729 876 217 57 immediatum
883 876 186 57 principium

209 919 184 60 essendi:
347 919 123 60 ergo
423 919 153 60 virtus
531 919 123 60 siue
608 919 184 60 potentia
746 919 107 60 est
807 919 215 60 immediatum
961 919 107 60 prin-

190 958 223 53 cipium
323 958 201 53 agendi.

213 997 83 52 3
247 997 232 52 Praeterea,
429 997 248 52 quandocunqe
627 997 99 52 in
677 997 149 52 eodem
776 997 165 52 agente
875 997 199 52 principium

195 1038 253 48 substantiale
401 1038 79 48 &
432 1038 237 48 accidentale
622 1038 221 48 concurrunt
795 1038 190 48 respectu
922 1038 142 48 eiusden

190 1079 199 49 actionis,
343 1079 168 49 quamuis
465 1079 214 49 principium
634 1079 245 49 substantiale
832 1079 107 49 sit
878 1079 184 49 principali

191 1116 214 50 principium
359 1116 153 50 illius
466 1116 244 50 operationis:
664 1116 229 50 accidentale
848 1116 138 50 tamen
939 1116 107 50 est
985 1116 92 50 prin

203 1156 213 50 principium
370 1156 228 50 immediatum:
553 1156 122 50 quia
629 1156 91 50 in
674 1156 122 50 tali
751 1156 167 50 actione
872 1156 183 50 accidens
994 1156 76 50 ess

199 1194 255 41 instrumentum
406 1194 255 41 substantiae:
613 1194 255 41 instrumentum
819 1194 143 41 autem
915 1194 111 41 est
963 1194 111 41 prin-

197 1236 127 44 pium
277 1236 238 44 immediatum,
467 1236 175 44 quamuis
594 1236 159 44 illud,
706 1236 143 44 cuius
801 1236 111 44 est
849 1236 222 44 instrumentum

193 1272 103 47 sit
252 1272 205 47 principium
413 1272 220 47 principale:
590 1272 103 47 sed
648 1272 220 47 operationis
824 1272 191 47 angelicae
957 1272 117 47 essen-

191 1316 106 41 tia
251 1316 151 41 angeli
357 1316 106 41 est
418 1316 212 41 principium
584 1316 257 41 substantiale;
796 1316 227 41 intellectus
962 1316 106 41 autem

193 1349 76 42 &
223 1349 184 42 voluntas
361 1349 122 42 sunt
437 1349 199 42 principia
590 1349 260 42 accidentalia:
805 1349 122 42 ergo
866 1349 61 42 &c

235 1390 111 58 Sed
299 1390 222 58 contrarium
473 1390 159 58 istius
585 1390 254 58 conclusionis
791 1390 143 58 tenet
886 1390 159 58 quidam
982 1390 79 58 do-

205 1428 129 52 ctor,
291 1428 72 52 &
319 1428 100 52 hoc
377 1428 143 52 probat
463 1428 86 52 sic.

208 1474 81 47 1
240 1474 114 47 Per
305 1474 147 47 illud
403 1474 244 47 spiritualis
599 1474 228 47 substantia
778 1474 244 47 immediatius
957 1474 114 47 mouet

201 1505 180 54 eorpus,
331 1505 114 54 per
397 1505 131 54 quod
478 1505 245 54 immediatius
674 1505 147 54 habet
772 1505 180 54 ordinem
903 1505 98 54 ad
935 1505 131 54 corpus

200 1548 107 47 sed
261 1548 107 47 hoc
322 1548 107 47 est
383 1548 183 47 essentia
521 1548 168 47 angeli;
643 1548 122 47 quia
719 1548 138 47 magis
811 1548 183 47 conuenit
933 1548 138 47 angelus

197 1593 109 47 cum
260 1593 172 47 corpore
385 1593 109 47 per
447 1593 125 47 hoc,
525 1593 125 47 quod
603 1593 109 47 est
665 1593 234 47 substantia,
853 1593 125 47 quam
931 1593 109 47 per
977 1593 94 47 hoc,

197 1625 126 54 quod
276 1625 110 54 est
323 1625 205 54 intellectus

214 1672 82 46 2
246 1672 230 46 Praeterea,
427 1672 115 46 per
493 1672 148 46 illud
592 1672 148 46 mouet
691 1672 181 46 angelus
822 1672 230 46 immediate,
987 1672 82 46 per

209 1706 119 49 quod
284 1706 179 49 conuenit
418 1706 119 49 sibi
492 1706 119 49 esse
567 1706 89 49 in
612 1706 134 49 loco;
701 1706 104 49 nam
761 1706 164 49 angelus
880 1706 104 49 ibi
940 1706 119 49 est,
999 1706 75 49 ubi

198 1743 188 52 operatur,
342 1743 87 52 ut
385 1743 130 52 patet
472 1743 101 52 per
529 1743 115 52 Dam.
601 1743 101 52 li.
659 1743 101 52 10.
717 1743 101 52 Sed
775 1743 115 52 esse
847 1743 87 52 in
890 1743 115 52 loco
948 1743 115 52 conue-

205 1784 107 49 nit
266 1784 153 49 angelo
373 1784 107 49 per
434 1784 198 49 essentiam
586 1784 137 49 suam:
678 1784 107 49 nam
739 1784 107 49 per
800 1784 137 49 illud
892 1784 107 49 est
938 1784 137 49 aliquid

211 1824 83 50 in
253 1824 125 50 loco,
336 1824 111 50 quod
406 1824 97 50 est
461 1824 83 50 in
503 1824 111 50 ipso
573 1824 111 50 prse
642 1824 181 50 localiter
781 1824 125 50 motu:
864 1824 97 50 sed
920 1824 125 50 sicut
990 1824 70 50 ani

205 1863 117 41 mal
272 1863 151 41 mouet
373 1863 184 41 seipsum
507 1863 117 41 per
574 1863 184 41 animam,
707 1863 84 41 &
741 1863 184 41 mouetur
875 1863 117 41 per
925 1863 134 41 corpus

203 1903 120 46 ideo
278 1903 120 46 esse
353 1903 90 46 in
398 1903 120 46 loco
473 1903 105 46 per
533 1903 90 46 se
578 1903 135 46 magis
669 1903 180 46 conuenit
804 1903 90 46 ei
849 1903 165 46 ratione
954 1903 105 46 corpo

200 1942 123 42 ris,
277 1942 123 42 quam
354 1942 169 42 ratione
477 1942 169 42 animae:
600 1942 108 42 sic
662 1942 169 42 angelus
785 1942 139 42 mouet
877 1942 92 42 se
908 1942 154 42 localite

214 1983 110 49 per
277 1983 236 49 intellectum
466 1983 79 49 &
498 1983 236 49 voluntatem,
686 1983 173 49 mouetur
812 1983 142 49 autem
907 1983 110 49 per
954 1983 110 49 natiu

206 2015 119 66 ram:
280 2015 149 66 igitur
384 2015 119 66 esse
459 2015 89 66 in
503 2015 119 66 loco
578 2015 134 66 magis
667 2015 178 66 conuenit
801 2015 89 66 ei
845 2015 163 66 ratione
949 2015 119 66 essen-

202 2055 111 49 tiae
272 2055 125 49 suae,
355 2055 111 49 fiue
410 2055 139 49 naturae.

212 2088 88 65 3
248 2088 246 65 Praeterea,
441 2088 123 65 cum
511 2088 158 65 anima
616 2088 158 65 mouet
721 2088 175 65 corpus
844 2088 211 65 proprium
984 2088 88 65 per

196 2133 253 46 cognitionem
399 2133 84 46 &
432 2133 253 46 desiderium,
635 2133 253 46 immediatius
838 2133 152 46 mouet
922 2133 152 46 virtute

200 2173 152 60 nature
306 2173 137 60 suae,
397 2173 121 60 quam
473 2173 106 60 per
534 2173 228 60 cognitionem
716 2173 76 60 &
746 2173 228 60 desiderium:
928 2173 121 60 ergo
989 2173 76 60 si-

201 2215 184 53 militer
335 2215 84 53 &
368 2215 184 53 angelus
485 2215 67 53 &c

248 2243 110 62 Sed
311 2243 126 62 ista
390 2243 110 62 non
453 2243 236 62 concludunt.
642 2243 110 62 Nam
705 2243 95 62 ex
753 2243 110 62 quo
816 2243 126 62 iste
895 2243 110 62 non
942 2243 126 62 negat.

203 2295 120 52 quod
278 2295 224 52 intellectus
457 2295 75 52 &
487 2295 180 52 voluntas
622 2295 150 52 angeli
727 2295 165 52 aliquid
847 2295 165 52 faciant
966 2295 90 52 ad
996 2295 60 52 mo

199 2327 132 55 tum,
281 2327 115 55 cum
347 2327 181 55 angelus
478 2327 148 55 mouet
577 2327 181 55 corpus:
708 2327 164 55 igitur
823 2327 115 55 per
873 2327 197 55 immediatam

201 2374 220 52 diuisionem
374 2374 173 52 oportet
499 2374 173 52 dicere,
625 2374 125 52 quod
703 2374 110 52 vel
766 2374 220 52 concurrant
939 2374 94 52 ad
970 2374 94 52 tali

197 2422 147 46 motum
295 2422 115 46 per
360 2422 147 46 modum
459 2422 213 46 principij
623 2422 262 46 principalis,
836 2422 115 46 vel
901 2422 115 46 per
950 2422 115 46 modun

201 2449 208 54 principij
361 2449 225 54 immediati:
538 2449 112 54 non
602 2449 144 54 primo
698 2449 144 54 modo,
794 2449 128 54 quia
875 2449 112 54 hoc
923 2449 144 54 conueni

213 2492 124 56 ipsi
290 2492 186 56 naturae:
430 2492 124 56 ergo
507 2492 171 56 secundo
616 2492 109 56 modo,

247 2530 105 55 Ad
300 2530 175 55 primum
423 2530 140 55 nego
510 2530 210 55 maiorem;
668 2530 123 55 non
738 2530 140 55 enim
826 2530 193 55 apparet
948 2530 123 55 quare

209 2572 100 56 sit
266 2572 128 56 magis
351 2572 114 56 vera
422 2572 85 56 in
465 2572 256 56 spiritualibus,
678 2572 114 56 quam
749 2572 85 56 in
792 2572 242 56 corporalibus:
991 2572 100 56 sed
1033 2572 43 56 i

213 2618 172 42 omnibus
338 2618 249 42 corporalibus
541 2618 172 42 videmus
666 2618 109 42 cam
728 2618 125 42 esse
806 2618 172 42 salsam,
915 2618 156 42 substan-

201 2659 119 45 tia
269 2659 136 45 enim
354 2659 153 45 ignis
455 2659 254 45 immediatius
659 2659 153 45 habet
761 2659 187 45 ordinem
896 2659 102 45 ad
930 2659 153 45 lignum,

212 2693 92 50 in
258 2693 123 50 quod
335 2693 138 50 agit,
427 2693 123 50 quam
504 2693 138 50 calor
596 2693 154 50 ignis,
704 2693 185 50 loquendo
842 2693 92 50 de
888 2693 154 50 ordine
981 2693 92 50 con-

216 2727 214 53 uenientiae
384 2727 168 53 eiuidem
506 2727 183 53 generis,
643 2727 92 53 de
689 2727 107 53 qua
750 2727 153 53 currit
857 2727 183 53 probatio
979 2727 92 53 mino

209 2771 107 45 ris
270 2771 229 45 subsumptae:
453 2771 76 45 &
484 2771 138 45 tamen
576 2771 153 45 nullus
683 2771 183 45 dubitat,
820 2771 122 45 quin
897 2771 138 45 calor
973 2771 107 45 ignis

216 2808 110 47 sit
279 2808 236 47 immediatius
468 2808 221 47 principium
642 2808 268 47 alterationis,
862 2808 110 47 qua
925 2808 158 47 lignum
1020 2808 63 47 ab

206 2857 121 48 igne
282 2857 182 48 mouetur,
418 2857 121 48 quam
494 2857 212 48 substantia
661 2857 152 48 ignis;
767 2857 121 48 vnde
843 2857 136 48 talis
934 2857 121 48 ordo
994 2857 76 48 non

207 2886 159 55 arguit
318 2886 270 55 immediationem
540 2886 206 55 principij
699 2886 159 55 ipsius
810 2886 159 55 motus,
921 2886 111 55 sed
969 2886 111 55 prin

201 2925 225 52 cipalitatem.

233 2959 97 59 Ad
281 2959 194 59 secundum
427 2959 210 59 dicendum,
588 2959 129 59 quod
669 2959 145 59 minor
766 2959 113 59 non
831 2959 113 59 est
895 2959 145 59 vera:
976 2959 97 59 qui-

218 3002 90 54 vt
263 3002 166 54 probaui
384 3002 90 54 in
429 3002 135 54 primo
519 3002 105 54 li,
579 3002 166 54 angelus
700 3002 105 54 est
760 3002 90 54 in
805 3002 120 54 loco
880 3002 105 54 per
925 3002 151 54 virtutem

222 3046 96 49 vt
270 3046 96 49 se
318 3046 191 49 extendit
461 3046 96 49 ad
509 3046 255 49 operationem:
716 3046 128 49 quia
796 3046 96 49 in
844 3046 112 49 hoc
892 3046 191 49 attenditur

218 3081 196 52 quantitas
369 3081 151 52 ipsius
475 3081 151 52 angeli
580 3081 76 52 &
611 3081 106 52 non
671 3081 91 52 in
716 3081 181 52 essentia
852 3081 151 52 angeli
943 3081 136 52 secudum

218 3121 118 71 quod
292 3121 177 71 essentia
425 3121 118 71 est,
499 3121 177 71 cuilibet
631 3121 133 71 autem
720 3121 103 71 rei
779 3121 177 71 conuenit
912 3121 118 71 esse
985 3121 89 71 in
1015 3121 59 71 lo

1106 266 90 83 co
1151 266 180 83 secundum
1286 266 120 83 quod
1361 266 150 83 quanta
1466 266 120 83 est:
1541 266 75 83 &
1572 266 120 83 ideo
1647 266 135 83 licet
1737 266 120 83 esse
1812 266 150 83 angeli
1902 266 75 83 sit

1116 339 84 49 in
1158 339 126 49 loco,
1242 339 126 49 tamen
1326 339 112 49 ipsa
1396 339 98 49 non
1452 339 98 49 est
1508 339 140 49 angelo
1607 339 126 49 ratio
1691 339 154 49 essendi
1803 339 84 49 in
1845 339 126 49 loco;
1929 339 70 49 &

1111 377 116 54 quia
1183 377 101 54 per
1241 377 101 54 est
1298 377 116 54 nota
1370 377 231 54 causalitatis
1558 377 72 54 &
1587 377 188 54 rationis;
1732 377 116 54 ideo
1804 377 159 54 angelus
1905 377 72 54 non

1106 414 103 57 est
1165 414 88 57 in
1209 414 118 57 loco
1283 414 103 57 per
1327 414 177 57 essentiam,

1137 446 98 54 Ad
1186 446 180 54 tertium
1317 446 213 54 dicendum,
1481 446 131 54 quod
1563 446 115 54 non
1629 446 115 54 est
1694 446 164 54 simile
1809 446 98 54 de
1842 446 131 54 animam

1112 492 149 56 nostra
1216 492 74 56 &
1246 492 164 56 angelo,
1365 492 134 56 sicut
1454 492 104 56 iam
1514 492 149 56 patuit
1603 492 164 56 superius.

1157 534 153 50 Quarto
1264 534 138 50 dico,
1356 534 122 50 quod
1432 534 122 50 quis
1508 534 168 50 angelus
1631 534 153 50 moueat
1738 534 153 50 corpus
1845 534 107 50 per
1906 534 138 50 intel
1983 534 122 50 Quarta

1106 578 169 43 lectum,
1228 578 77 43 &
1259 578 230 43 voluntatem,
1443 578 230 43 immediatius
1627 578 138 43 tamen
1719 578 184 43 respectu
1857 578 138 43 talis
1934 578 184 43 conciufio.

1099 618 142 43 motus
1194 618 94 43 se
1241 618 142 43 habet
1335 618 205 43 voluntas,
1493 618 126 43 quam
1571 618 252 43 intellectus,
1776 618 126 43 quia
1839 618 126 43 medium

1099 650 257 56 immediatius
1304 650 103 56 se
1356 650 154 56 habet
1458 650 103 56 ad
1510 650 223 56 extremum,
1681 650 137 56 quam
1767 650 205 56 extremum
1904 650 68 56 ad

1107 690 195 47 extremum:
1257 690 105 47 sed
1317 690 135 47 velle
1407 690 150 47 ipsius
1512 690 150 47 angeli
1617 690 105 47 est
1677 690 135 47 quasi
1767 690 150 47 medium
1857 690 105 47 inter

1110 725 121 55 suum
1186 725 227 55 intelligere
1368 725 76 55 &
1398 725 167 55 mouere;
1519 725 91 55 in
1565 725 212 55 agentibus.
1732 725 91 55 n.
1777 725 76 55 a
1792 725 167 55 proposito

1106 767 166 55 operari
1227 767 227 55 presupponit
1408 767 227 55 intelligere
1590 767 76 55 &
1620 767 151 55 velle;
1726 767 136 55 ipsum
1817 767 136 55 autem
1892 767 76 55 vel

1101 808 92 43 le
1147 808 229 43 naturaliter
1330 808 245 43 praesupponit
1529 808 229 43 intelligere
1712 808 76 43 :
1743 808 107 43 cum
1804 808 138 43 bonum
1881 808 76 43 co-

1101 844 143 62 gnitum
1201 844 100 62 sit
1258 844 172 62 obiectum
1387 844 215 62 voluntatis:
1559 844 143 62 igitur
1659 844 129 62 scire
1745 844 100 62 est
1802 844 143 62 primo,
1888 844 72 62 ve-

1105 877 88 55 se
1149 877 177 55 secundo,
1282 877 177 55 operari,
1414 877 118 55 siue
1488 877 147 55 moueri
1591 877 162 55 tertio.
1709 877 88 55 Et
1753 877 118 55 quia
1812 877 147 55 secundum

1099 929 150 49 tenet
1199 929 167 49 medium
1316 929 150 49 inter
1416 929 167 49 primum
1533 929 83 49 &
1566 929 200 49 tertium:
1716 929 167 49 igitur
1816 929 67 49 &c

1232 1018 627 88 ARTICVLVS
1666 1018 193 88 I.

1103 1124 160 75 Vtrum
1210 1124 142 75 mali
1299 1124 178 75 Angeli
1423 1124 196 75 possiut
1566 1124 196 75 mouere,
1708 1124 142 75 siue
1779 1124 178 75 immutare

1385 1189 185 64 sensum
1496 1189 167 64 hominis

1171 1256 182 76 VANTVM
1298 1256 109 76 ad
1353 1256 218 76 secundum
1516 1256 236 76 articulum
1698 1256 145 76 dico
1789 1256 127 76 cum
1861 1256 127 76 Nea
1934 1256 145 76 cap.
2007 1256 55 76 5

1213 1317 86 60 to
1256 1317 115 60 Aug.
1328 1317 101 60 18.
1385 1317 86 60 de
1429 1317 101 60 ci.
1486 1317 115 60 Dei,
1558 1317 115 60 quod
1630 1317 158 60 demones
1745 1317 158 60 possunt
1861 1317 158 60 illude:
1976 1317 115 60 tom.
2033 1317 58 60 5.

1104 1351 95 47 re
1152 1351 158 47 sensus
1262 1351 189 47 hominum:
1404 1351 126 47 quia
1482 1351 126 47 quod
1561 1351 173 47 homines
1687 1351 205 47 coloribus
1829 1351 126 47 veris;

1091 1391 110 47 hoc
1154 1391 172 47 demones
1279 1391 172 47 figuris
1405 1391 157 47 fictis
1514 1391 204 47 facillime
1671 1391 157 47 facere
1781 1391 172 47 possun,
1890 1391 63 47 vi

1097 1422 143 64 ibidem
1197 1422 100 64 ait
1254 1422 114 64 Aug.
1325 1422 114 64 vnde
1397 1422 129 64 infra
1482 1422 157 64 recitat
1597 1422 114 64 Aug.
1668 1422 114 64 quod
1740 1422 157 64 quaedam
1854 1422 143 64 mulic¬
1954 1422 114 64 cap.
2011 1422 43 64 8

1099 1468 105 62 res
1159 1468 225 62 stabulariae
1339 1468 165 62 magicis
1458 1468 165 62 artibus
1578 1468 105 62 per
1638 1468 120 62 esum
1713 1468 135 62 casei
1803 1468 180 62 mutabant
1937 1468 90 62 ho
1967 1468 90 62 tom.

1101 1510 131 49 mines
1189 1510 87 49 in
1232 1510 160 49 asinos,
1349 1510 102 49 qui
1407 1510 73 49 &
1436 1510 131 49 onera
1523 1510 203 49 portabant,
1683 1510 73 49 &
1712 1510 145 49 finito
1814 1510 131 49 opere
1886 1510 73 49 re-

1097 1555 165 46 dibant,
1217 1555 75 46 &
1247 1555 135 46 erant
1337 1555 180 46 homines,
1472 1555 135 46 sicut
1563 1555 120 46 ante
1638 1555 180 46 fuerunt.
1773 1555 90 46 Et
1818 1555 150 46 eodem.
1908 1555 45 46 c

1101 1586 158 53 recitat
1216 1586 115 53 Aug.
1288 1586 115 53 quoe
1360 1586 173 53 Apuleius
1489 1586 86 53 in
1533 1586 144 53 quodam
1633 1586 101 53 suo
1691 1586 101 53 lib
1748 1586 158 53 fatetur
1849 1586 101 53 istuc

1098 1629 89 45 de
1143 1629 223 45 conuersione
1322 1629 89 45 in
1366 1629 223 45 apparentiam
1545 1629 179 45 asininam
1679 1629 104 45 per
1739 1629 119 45 esum
1813 1629 134 45 casei
1888 1629 74 45 si-

1097 1663 147 48 bijpsi
1200 1663 132 48 semel
1288 1663 206 48 accidisse:
1450 1663 118 48 haec
1524 1663 132 48 autem
1612 1663 74 48 &
1641 1663 147 48 cetera
1744 1663 206 48 consimilia
1891 1663 74 48 pos

1099 1705 109 50 sunt
1168 1705 123 50 fieri
1249 1705 218 50 tripliciter,
1427 1705 164 50 scilicet
1550 1705 177 50 mutatione
1686 1705 150 50 sensus,
1795 1705 96 50 seu
1836 1705 123 50 organi,

1101 1750 140 40 medij,
1199 1750 70 40 &
1227 1750 168 40 obiecti:
1353 1750 98 40 nam
1409 1750 126 40 sicut
1493 1750 84 40 si
1536 1750 154 40 aliquis
1648 1750 98 40 pro
1704 1750 140 40 libito
1788 1750 168 40 voluntatis

1099 1783 113 51 suae
1169 1783 141 51 posset
1268 1783 141 51 mutare
1366 1783 141 51 partes
1465 1783 169 51 alicuius
1591 1783 169 51 figurae,
1718 1783 113 51 ille
1788 1783 84 51 ex
1830 1783 98 51 vna
1873 1783 98 51 figu-

1092 1823 86 50 ra
1135 1823 171 50 faceret,
1263 1823 128 50 prout
1348 1823 157 50 vellet,
1462 1823 214 50 apparentiam
1633 1823 200 50 cuiuslibet
1790 1823 157 50 figure;
1890 1823 71 50 sic

1098 1864 163 50 demon,
1212 1864 131 50 quia
1294 1864 163 50 potest
1408 1864 163 50 mutare
1523 1864 180 50 humorem
1653 1864 163 50 oculi,
1768 1864 147 50 prout
1850 1864 114 50 vult,

1107 1902 214 50 conseruatis
1278 1902 200 50 speciebus,
1435 1902 100 50 vel
1492 1902 271 50 similitudinibus
1721 1902 143 50 rerum,
1821 1902 114 50 quae
1878 1902 86 50 sunt

1109 1940 86 49 in
1152 1940 130 49 illis
1238 1940 202 49 humoribus;
1397 1940 115 49 ideo
1469 1940 144 49 potest
1570 1940 86 49 in
1613 1940 115 49 visu
1685 1940 159 49 hominis
1800 1940 144 49 facere
1887 1940 72 49 ap-

1116 1975 185 50 parentiam
1258 1975 199 50 cuiuslibet
1415 1975 171 50 figurae.
1543 1975 85 50 Et
1586 1975 128 50 sicut
1671 1975 171 50 variando
1785 1975 171 50 localiter,

1097 2021 112 48 seu
1161 2021 224 48 situaliter
1337 2021 144 48 illum
1433 2021 176 48 humorem
1562 2021 160 48 potest
1674 2021 208 48 quamlibet
1818 2021 144 48 figuram

1101 2055 88 51 in
1145 2055 220 51 apparentiam
1322 2055 206 51 cuiuslibet
1483 2055 162 51 figurae
1601 2055 103 51 sic
1660 2055 162 51 mutare:
1777 2055 103 51 sic
1836 2055 132 51 illum
1909 2055 59 51 hu

1109 2092 143 52 morem
1204 2092 207 52 alterando
1363 2092 159 52 potest
1475 2092 238 52 apparentiam
1665 2092 222 52 cuiuslibet
1824 2092 143 52 coloris

1103 2140 164 52 facere,
1223 2140 75 52 &
1253 2140 194 52 quemlibet
1402 2140 164 52 colorem
1522 2140 75 52 a
1551 2140 105 52 sua
1611 2140 164 52 propria
1731 2140 209 52 apparentia
1880 2140 75 52 mu-

1097 2182 138 42 rare:
1189 2182 108 42 nam
1250 2182 92 42 si
1297 2182 154 42 miscet
1404 2182 200 42 sanguinem
1558 2182 108 42 cum
1620 2182 154 42 humore
1727 2182 154 42 oculi,
1835 2182 123 42 tunc
1896 2182 62 42 om

1106 2221 99 40 nia
1162 2221 169 40 apparent
1289 2221 141 40 rubea,
1388 2221 71 40 &
1416 2221 99 40 sic
1473 2221 85 40 de
1515 2221 141 40 alijs,
1614 2221 113 40 quae
1685 2221 113 40 tali
1755 2221 141 40 humori
1854 2221 99 40 per
1896 2221 71 40 dae

1110 2258 141 43 monem
1204 2258 172 43 possunt
1330 2258 188 43 misceri.
1471 2258 125 43 Item
1549 2258 125 43 quia
1627 2258 172 43 secudum
1737 2258 219 43 perspectiuos

1105 2287 88 51 in
1149 2287 117 51 omni
1223 2287 161 51 visione
1340 2287 220 51 describitur
1516 2287 220 51 triangulus,
1691 2287 132 51 cuius
1779 2287 132 51 basis
1867 2287 88 51 se
1896 2287 59 51 te

1106 2331 104 49 net
1165 2331 89 49 ex
1210 2331 133 49 parte
1298 2331 104 49 rei
1358 2331 148 49 visae,
1461 2331 74 49 &
1491 2331 133 49 conus
1579 2331 104 49 hoc
1639 2331 104 49 est
1698 2331 163 49 angulus
1816 2331 148 49 acutus
1905 2331 59 49 ex

1113 2377 132 42 parte
1201 2377 132 42 oculi
1289 2377 190 42 videntis,
1435 2377 73 42 &
1465 2377 176 42 secundum
1596 2377 102 42 que
1655 2377 117 42 ille
1728 2377 161 42 angulus
1845 2377 102 42 est
1889 2377 73 42 ma-

1104 2407 120 53 ior,
1179 2407 105 53 vel
1239 2407 135 53 minor
1329 2407 90 53 in
1374 2407 150 53 oculo,
1479 2407 180 53 secundum
1615 2407 105 53 hoc
1675 2407 105 53 res
1735 2407 120 53 visa
1795 2407 165 53 iudicatur

1101 2448 119 48 esse
1176 2448 149 48 maior,
1280 2448 104 48 vel
1339 2448 149 48 minor.
1443 2448 89 48 Et
1488 2448 119 48 hinc
1562 2448 119 48 est,
1637 2448 119 48 quod
1711 2448 104 48 res
1771 2448 134 48 eadem
1845 2448 119 48 quanto

1107 2487 137 47 magis
1198 2487 152 47 distat
1304 2487 91 47 ab
1350 2487 137 47 oculo
1441 2487 122 47 bene
1517 2487 198 47 disposito
1669 2487 137 47 tanto
1760 2487 137 47 minor
1836 2487 122 47 appare

1103 2532 120 47 bit:
1178 2532 120 47 quia
1253 2532 151 47 quanto
1359 2532 151 47 latera
1464 2532 196 47 trianguli
1615 2532 90 47 ab
1660 2532 135 47 eadem
1750 2532 120 47 base
1810 2532 151 47 remotius

1122 2563 260 50 protrahuntur,
1336 2563 138 50 tanto
1428 2563 138 50 conus
1520 2563 168 50 eiusdem
1642 2563 199 50 trianguli
1796 2563 199 50 minuitur,

1112 2610 77 44 &
1142 2610 170 44 acutior
1266 2610 216 44 efficitur,
1436 2610 77 44 &
1467 2610 108 44 per
1529 2610 216 44 consequens
1698 2610 185 44 mediante
1822 2610 139 44 huiusmo

1111 2639 87 59 di
1154 2639 188 59 triangulo
1299 2639 101 59 res
1357 2639 130 59 minor
1444 2639 203 59 iudicatur.
1603 2639 87 59 Et
1646 2639 130 59 istud
1733 2639 232 59 intelligatur
1907 2639 58 59 co

1109 2691 131 40 teris
1196 2691 174 40 paribus:
1326 2691 116 40 quia
1399 2691 145 40 posset
1500 2691 131 40 eadem
1587 2691 102 40 res
1645 2691 174 40 remotius
1776 2691 174 40 existens
1892 2691 73 40 por

1112 2718 106 57 ita
1172 2718 167 57 spissum
1294 2718 151 57 medium
1400 2718 167 57 videri,
1521 2718 121 57 quod
1597 2718 182 57 grossior
1733 2718 197 57 appareat,
1869 2718 91 57 quan

1125 2756 135 54 prope
1215 2756 180 54 existens
1350 2756 195 54 videbatur
1500 2756 105 54 per
1561 2756 150 54 medium
1666 2756 255 54 substantiale,
1861 2756 105 54 sicut

1107 2794 207 53 apparet,
1262 2794 173 53 quando
1383 2794 138 53 homo
1470 2794 121 53 per
1539 2794 173 53 vitrum
1660 2794 173 53 plenum
1781 2794 156 53 aqua,
1867 2794 104 53 quod

1105 2840 144 46 tenet
1201 2840 96 46 in
1249 2840 144 46 manu,
1345 2840 144 46 videt
1441 2840 144 46 ipsam
1537 2840 160 46 manum:
1648 2840 80 46 &
1680 2840 128 46 quia
1760 2840 160 46 daemon
1856 2840 112 46 prae-

1102 2874 158 52 dictum
1213 2874 174 52 angulum
1339 2874 221 52 existentem
1513 2874 95 52 in
1561 2874 142 52 oculo
1656 2874 190 52 videntis
1798 2874 158 52 potest
1893 2874 79 52 re-

1113 2913 199 50 stringere,
1269 2913 100 50 vel
1326 2913 185 50 dilatare:
1469 2913 114 50 ideo
1540 2913 142 50 potest
1640 2913 157 50 facere,
1753 2913 114 50 quod
1825 2913 100 50 res
1867 2913 100 50 valde

1110 2951 150 52 magis
1210 2951 200 52 appareat
1360 2951 166 52 parua,
1476 2951 83 52 &
1509 2951 150 52 valde
1609 2951 150 52 parua
1709 2951 200 52 appareat
1842 2951 133 52 multum

1111 2991 151 57 magna.
1216 2991 90 57 Et
1261 2991 105 57 sic
1322 2991 135 57 omnem
1412 2991 211 57 illusionem
1578 2991 151 57 potest
1683 2991 151 57 facere
1788 2991 90 57 in
1834 2991 120 57 visu
1894 2991 75 57 ho-

1108 3034 155 49 minis,
1216 3034 108 49 cum
1278 3034 155 49 possit
1386 3034 155 49 mutare
1494 3034 232 49 apparentiam
1679 3034 170 49 figurae
1803 3034 170 49 coloris
1927 3034 77 49 &

1118 3076 256 43 magnitudinis,
1329 3076 105 43 seu
1389 3076 241 43 quantitatis.
1585 3076 90 43 Et
1630 3076 196 43 similiter
1780 3076 90 43 ex
1825 3076 135 43 parte
1901 3076 75 43 me-

1124 3105 107 61 lij
1185 3105 153 61 potest
1292 3105 153 61 daemon
1399 3105 153 61 facere
1506 3105 214 61 huiusmodi,
1674 3105 245 61 deceptiones:
1873 3105 138 61 sicut
