2405 3537
220 254 162 72 lgitur
333 254 97 72 fi
382 254 130 72 vnus
463 254 178 72 angelus
592 254 162 72 aliquo
706 254 130 72 modo
787 254 146 72 alium
868 254 211 72 illuminaret

219 314 126 54 tunc
298 314 173 54 angelus
408 314 158 54 crearet.

260 317 227 83 Respondeo,
438 317 130 83 quod
520 317 227 83 illuminare
698 317 179 83 angelum
828 317 162 83 potest
926 317 162 83 duplici-

226 379 109 55 ter
289 379 218 55 intelligi;
460 379 109 55 Vno
522 379 125 55 modo
600 379 140 55 lumen
694 379 234 55 immittendo;
881 379 125 55 Alio
943 379 140 55 intelli

224 423 131 52 ctum
305 423 262 52 contortando.
518 423 147 52 Primo
616 423 131 52 modo
698 423 147 52 solus
796 423 131 52 Deus
878 423 164 52 potest
976 423 115 52 intel

213 465 149 46 lectum
318 465 149 46 angeli
422 465 224 46 illuminare,
602 465 135 46 sicut
691 465 75 46 &
721 465 120 46 ipse
796 465 135 46 solus
886 465 149 46 potest
975 465 105 46 lumer

217 499 207 50 angelicum
376 499 175 50 creare:
503 499 111 50 sed
567 499 175 50 secuudo
694 499 127 50 modo
774 499 175 50 angelus
901 499 191 50 nobilior
1044 499 80 50 &

217 549 207 44 subtilior
376 549 159 44 potest
487 549 143 44 minus
583 549 191 44 subtilem
725 549 238 44 illuminare:
916 549 95 44 De
964 549 127 44 modo
1027 549 48 44 t

221 585 104 50 men
281 585 149 50 istius
385 585 268 50 confortationis
609 585 104 50 est
668 585 224 50 difformitas
847 585 134 50 inter
922 585 164 50 doctores.

264 619 159 47 Doctor
375 619 127 47 enim
454 619 190 47 communis
597 619 143 47 istam
692 619 254 47 conclusionem
899 619 159 47 probat
994 619 95 47 sic.

210 665 119 45 Quia
285 665 104 45 hoc
344 665 104 45 est
404 665 119 45 ordo
478 665 89 45 in
523 665 268 45 spiritualibus,
746 665 119 45 quod
821 665 134 45 situs
910 665 89 45 in
940 665 134 45 corpota

216 697 145 60 libus:
318 697 131 60 sicut
405 697 116 60 ergo
478 697 145 60 duobus
580 697 203 60 carbonibus
739 697 131 60 prope
827 697 145 60 inuice
928 697 189 60 situatis,

216 738 120 46 vnus
291 738 195 46 confortat
441 738 135 46 alium
531 738 90 46 in
576 738 255 46 calesaciendo,
786 738 105 46 sic
846 738 105 46 duo
906 738 165 46 angeli,
1011 738 60 46 &c

265 782 106 44 Sed
325 782 136 44 istud
416 782 106 44 non
461 782 121 44 valet.

239 798 74 70 1
269 798 118 70 Quia
343 798 89 70 in
387 798 118 70 tali
461 798 162 70 ordine,
579 798 103 70 vel
638 798 118 70 vnus
712 798 177 70 attingit
845 798 148 70 alium,
948 798 103 70 vel
992 798 89 70 nonn

215 860 90 47 si
260 860 135 47 primo
350 860 135 47 modo,
440 860 120 47 tunc
515 860 210 47 necessario
679 860 195 47 illabitur
829 860 105 47 ei:
889 860 120 47 quia
964 860 105 47 non
1009 860 60 47 po

212 890 125 54 test
291 890 109 54 eum
353 890 203 54 attingere
509 890 188 54 secundum
650 890 156 54 partem
759 890 125 54 sui,
838 890 109 54 cum
900 890 172 54 vterque
1009 890 63 54 si

215 940 282 47 indiuisibilis;
450 940 219 47 quaecumque
622 940 141 47 autem
716 940 94 47 se
763 940 219 47 contingunt
920 940 156 47 secundum

217 979 149 51 totum,
321 979 134 51 talia
411 979 119 51 sibi
486 979 134 51 mutuo
575 979 224 51 illabuntur:
754 979 89 51 si
799 979 164 51 secundo
918 979 134 51 modo,
993 979 89 51 tunc

215 1010 160 55 nullius
332 1010 175 55 actionis
463 1010 204 55 principium
623 1010 116 55 erit
696 1010 160 55 angelus
812 1010 204 55 illuminans
972 1010 87 55 in
1001 1010 73 55 an-

209 1048 125 61 gelo
287 1048 234 61 illuminato,
475 1048 109 61 nec
537 1048 109 61 per
599 1048 218 61 consequens
771 1048 140 61 ipsum
865 1048 250 61 confortabit,

218 1088 90 60 ua
263 1088 120 60 quae
338 1088 105 60 non
397 1088 149 60 tagunt
502 1088 105 60 non
562 1088 149 60 agunt,
666 1088 90 60 vt
711 1088 135 60 patet
801 1088 90 60 in
846 1088 90 60 de
876 1088 194 60 generatione

225 1127 86 55 2
259 1127 240 55 Praeterea,
448 1127 120 55 nec
517 1127 206 55 exemplum
671 1127 120 55 est
740 1127 103 55 ad
791 1127 257 55 propositum;
997 1127 120 55 nam

213 1170 119 48 vnus
287 1170 134 48 carbo
377 1170 178 48 situatus
510 1170 134 48 prope
599 1170 134 48 alium
689 1170 134 48 ipsum
778 1170 223 48 fortificat,
956 1170 119 48 quia
1016 1170 59 48 am

209 1208 94 47 bo
256 1208 94 47 in
304 1208 126 47 idem
382 1208 204 47 subiectum
539 1208 141 47 agunt
633 1208 173 47 actione
759 1208 188 47 realiter
885 1208 188 47 transcunte

214 1246 80 49 &
246 1246 193 49 quilibet
391 1246 145 49 eorum
487 1246 193 49 disponit
631 1246 209 49 subiectum
792 1246 96 49 ad
840 1246 193 49 intimius
969 1246 96 49 reci

208 1287 173 57 piendum
334 1287 189 57 actionem
476 1287 189 57 alterius
618 1287 79 57 :
650 1287 142 57 etiam
744 1287 126 57 vnus
823 1287 158 57 potest
933 1287 142 57 agere
1012 1287 63 57 in

215 1334 173 40 alterum,
345 1334 116 40 quia
417 1334 159 40 materia
532 1334 116 40 eius
605 1334 101 40 non
662 1334 101 40 est
720 1334 130 40 forte
807 1334 188 40 totaliter
951 1334 87 40 in
980 1334 87 40 pro-

217 1361 144 51 fundo
313 1361 192 51 incensa;
456 1361 128 51 ideo
536 1361 208 51 huiusmodi
696 1361 192 51 materiam
840 1361 223 51 incendens,
999 1361 80 51 vel

212 1400 98 48 ad
261 1400 245 48 incensionem
457 1400 212 48 disponens
620 1400 212 48 confortat
783 1400 147 48 talem
881 1400 196 48 carbonem
1012 1400 65 48 in

216 1448 165 46 calore:
336 1448 105 46 sic
396 1448 135 46 autem
487 1448 105 46 non
547 1448 105 46 est
607 1448 90 46 in
652 1448 211 46 proposito.
817 1448 105 46 Nam
878 1448 90 46 ex
923 1448 120 46 hoc,
983 1448 90 46 quod

211 1481 108 46 duo
272 1481 155 46 angeli
381 1481 216 46 intelligut
551 1481 124 46 idem
628 1481 201 46 obiectum,
782 1481 139 46 nulla
875 1481 170 46 mutatio
983 1481 93 46 rea-

213 1522 106 50 lis
273 1522 106 50 fit
334 1522 91 50 in
379 1522 121 50 ipso
455 1522 182 50 obiecto:
591 1522 106 50 nec
652 1522 136 50 etiam
743 1522 121 50 vnus
819 1522 151 50 potest
909 1522 167 50 immediate

205 1566 146 49 agere
302 1566 97 49 in
351 1566 162 49 alium,
465 1566 114 49 cum
530 1566 114 49 non
595 1566 179 49 inducat
725 1566 179 49 formam,
855 1566 130 49 nisi
920 1566 162 49 mediante

208 1605 137 52 motu
277 1605 137 52 locali

246 1624 113 66 ldeo
317 1624 142 66 dicunt
416 1624 156 66 aliqui,
529 1624 113 66 quod
600 1624 170 66 essentia
727 1624 226 66 illuminantis
911 1624 142 66 angeli
1010 1624 99 66 non

223 1674 134 54 facit
313 1674 89 54 se
357 1674 209 54 praesentem
521 1674 134 54 vsque
611 1674 89 54 ad
656 1674 164 54 angelum
775 1674 239 54 illuminatum,
969 1674 104 54 sed
1013 1674 60 54 se

218 1717 106 49 lum
279 1717 137 49 lumen
370 1717 121 49 suum
446 1717 137 49 facit
537 1717 121 49 esse
613 1717 197 49 praesens,
764 1717 76 49 a
795 1717 106 49 quo
855 1717 152 49 lumine
947 1717 121 49 illumi

211 1753 131 47 natus
299 1753 161 47 angelus
416 1753 190 47 excitatur
562 1753 88 47 de
606 1753 102 47 suo
664 1753 204 47 possibili,
825 1753 73 47 &
854 1753 146 47 format
956 1753 88 47 in
1000 1753 88 47 se
1029 1753 44 47 s

221 1792 239 50 militudinem
412 1792 191 50 aliquam,
555 1792 111 50 per
619 1792 127 50 quam
698 1792 223 50 intelliget
873 1792 207 50 huiusmodi
1016 1792 64 50 ve

194 1837 77 48 I
224 1837 185 48 ritatem,
363 1837 123 48 quam
441 1837 170 48 angelus
564 1837 185 48 superior
703 1837 139 48 ipsum
796 1837 185 48 intendit
919 1837 139 48 docere-

248 1872 113 52 Sed
312 1872 113 52 nec
377 1872 145 52 istud
474 1872 162 52 valet;
587 1872 129 52 quia
668 1872 145 52 lumen
765 1872 162 52 angeli
862 1872 210 52 illuminanti

214 1920 100 42 vel
271 1920 100 42 est
328 1920 200 42 substantia
485 1920 157 42 angeli,
599 1920 100 42 vel
656 1920 185 42 accidens,
798 1920 114 42 quia
869 1920 86 42 vt
912 1920 128 42 dicit
983 1920 100 42 AIpha

213 1949 150 60 rabius
318 1949 90 60 in
363 1949 90 60 de
408 1949 120 60 ortu
483 1949 240 60 scientiarum,
678 1949 120 60 omne
753 1949 120 60 quod
828 1949 120 60 est,
903 1949 105 60 vel
963 1949 105 60 est
1008 1949 75 60 sub

221 1991 170 53 stantia,
348 1991 99 53 vel
405 1991 184 53 accidens,
546 1991 99 53 vel
603 1991 156 53 creator
716 1991 212 53 substantiae
886 1991 71 53 &
900 1991 170 53 accidentis

218 2034 102 51 qui
276 2034 102 51 est
334 2034 203 51 benedictus
493 2034 87 51 in
537 2034 174 51 saecula.
667 2034 87 51 Si
711 2034 131 51 primo
798 2034 131 51 modo,
885 2034 116 51 tunc
957 2034 116 51 ista
1015 2034 58 51 op

215 2069 107 52 nio
276 2069 107 52 non
337 2069 137 52 vitat
428 2069 198 52 illapsum,
580 2069 122 52 quem
657 2069 152 52 vitare
763 2069 91 52 se
809 2069 137 52 putat
900 2069 107 52 per
946 2069 137 52 huiusmo

224 2111 90 51 di
269 2111 211 51 positionem
434 2111 135 51 etiam
525 2111 180 51 essentia
660 2111 135 51 esset
750 2111 165 51 presens
871 2111 75 51 &
901 2111 105 51 non
946 2111 135 51 presens

221 2151 127 59 quod
300 2151 111 59 est
364 2151 270 59 contradictio.
586 2151 95 59 Si
634 2151 175 59 secundo
761 2151 143 59 modo,
856 2151 127 59 tunc
919 2151 159 59 sequitui

214 2186 139 59 adem,
306 2186 123 59 quod
383 2186 154 59 primo,
491 2186 123 59 quia
568 2186 185 59 accidens
707 2186 170 59 nusquam
830 2186 154 59 potest
938 2186 123 59 esse
1000 2186 77 59 pra

219 2236 117 51 sens
293 2236 117 51 sine
366 2236 161 51 proprio
469 2236 161 51 subiecto.

264 2271 90 49 Et
309 2271 121 49 ideo
385 2271 136 49 dico,
475 2271 121 49 quod
550 2271 196 49 praedicta
701 2271 226 49 confortatio
882 2271 106 49 hoc
942 2271 121 49 modo
1003 2271 75 49 fi-

217 2311 90 49 ri
262 2311 164 49 potest:
381 2311 105 49 nam
441 2311 135 49 licet
531 2311 179 49 quilibet
665 2311 164 49 angelus
785 2311 149 49 Deatus
890 2311 149 49 videat
979 2311 105 49 totum

225 2345 149 54 Deum,
325 2345 166 54 nullus
441 2345 149 54 tamen
540 2345 215 54 totaliter
706 2345 265 54 comprehendit
921 2345 133 54 eum:
1004 2345 116 54 sed

231 2389 237 45 vnusquisque
421 2389 142 45 plura
515 2389 111 45 vel
579 2389 190 45 pauciora
721 2389 142 45 videt
816 2389 95 45 in
863 2389 126 45 Deo,
926 2389 158 45 secundum

234 2424 117 56 quod
308 2424 117 56 suus
381 2424 220 56 intellectus
557 2424 146 56 magis,
659 2424 103 56 vel
718 2424 132 56 minus
806 2424 103 56 est
864 2424 190 56 perfectus
996 2424 88 56 lumi

225 2470 90 45 ne
270 2470 180 45 gloriae,
405 2470 120 45 quod
480 2470 135 45 lumen
570 2470 165 45 gloriae
689 2470 120 45 quia
764 2470 165 45 angelis
884 2470 105 45 est
944 2470 75 45 a
974 2470 105 45 Deo
1019 2470 60 45 in

220 2502 158 58 fusum,
331 2502 237 58 differenter
520 2502 142 58 inxta
615 2502 221 58 naturalium
789 2502 158 58 suorum
899 2502 190 58 excessum
1026 2502 47 58 o

219 2538 238 56 capacitatem;
413 2538 119 56 ideo
487 2538 179 56 superior
621 2538 164 56 angelus
740 2538 134 56 videt
830 2538 149 56 aliqua
934 2538 149 56 futura
1023 2538 60 56 in

220 2582 103 57 Deo
279 2582 191 57 relucere,
426 2582 118 57 quae
500 2582 103 57 non
558 2582 132 57 videt
647 2582 191 57 inferior,
794 2582 74 57 &
823 2582 132 57 talia
911 2582 147 57 potest
999 2582 74 57 pro

221 2617 148 58 ponere
325 2617 207 58 inferiori,
487 2617 103 58 quo
546 2617 133 58 facto
635 2617 251 58 intellectuale
842 2617 133 58 lumen
930 2617 148 58 angeli
1019 2617 59 58 it

226 2661 170 50 ferioris
353 2661 156 50 vnitur,
466 2661 99 50 nec
523 2661 99 50 per
580 2661 156 50 diuersa
693 2661 198 50 spargitur,
848 2661 71 50 &
877 2661 99 50 per
919 2661 170 50 consequens

231 2696 114 51 eius
302 2696 213 51 intellectus
472 2696 213 51 determinate
643 2696 142 51 fertur
742 2696 85 51 in
785 2696 142 51 illud,
884 2696 114 51 quod
955 2696 114 51 sibi
1012 2696 71 51 pro

228 2735 200 58 ponitur,
378 2735 183 58 tamquam
512 2735 100 58 in
562 2735 183 58 aliquod
695 2735 167 58 certum
812 2735 200 58 videndum
962 2735 100 58 in
996 2735 83 58 Deo

217 2788 119 44 quod
291 2788 119 44 sibi
366 2788 134 44 prius
455 2788 149 44 fuerat
559 2788 193 44 incertum;
708 2788 134 44 Sicut
797 2788 119 44 enim
871 2788 89 44 in
916 2788 119 44 isto
975 2788 104 44 primo

233 2816 195 56 principio
383 2816 90 56 de
428 2816 180 56 quolibet
563 2816 225 56 affirmatio,
743 2816 105 56 vel
803 2816 165 56 negatio
923 2816 135 56 omnes
998 2816 90 56 relu

224 2862 116 39 cent
296 2862 246 39 conclusiones;
498 2862 101 39 nec
556 2862 101 39 est
614 2862 145 39 aliqua
715 2862 202 39 conclusio,
874 2862 116 39 quae
946 2862 116 39 sibi
1019 2862 101 39 non

224 2897 216 48 annitatur,
393 2897 108 48 hoc
455 2897 139 48 etiam
547 2897 216 48 principium
717 2897 200 48 quaelibet
871 2897 154 48 vetula
964 2897 123 48 cogno-

231 2931 123 54 scit
307 2931 153 54 totum,
415 2931 169 54 quamuis
537 2931 153 54 nullus
645 2931 107 54 sit
706 2931 123 54 homo
782 2931 92 54 in
828 2931 123 54 vita
905 2931 169 54 mortali
1012 2931 77 54 tam

230 2977 178 50 sapiens,
364 2977 104 50 qui
423 2977 119 50 tale
497 2977 208 50 principium
660 2977 193 50 totaliter
808 2977 208 50 cognoscat,
971 2977 89 50 eo
1001 2977 74 50 quo

224 3016 149 52 nullus
328 3016 134 52 scire
418 3016 149 52 possit
522 3016 134 52 omnes
611 3016 253 52 conclusiones,
820 3016 119 52 quae
894 3016 179 52 concludi
1014 3016 74 52 pos

231 3061 122 38 sunt
307 3061 107 38 per
368 3061 153 38 ipsum,
475 3061 183 38 secundum
612 3061 153 38 tamen,
719 3061 122 38 quod
795 3061 122 38 vnus
871 3061 122 38 homo
948 3061 107 38 est
993 3061 92 38 per-

226 3091 210 60 apicacior
388 3091 178 60 altero,
517 3091 194 60 secundum
663 3091 113 60 hoc
727 3091 129 60 vnus
808 3091 129 60 homo
889 3091 146 60 videt
970 3091 113 60 piure

1120 248 265 76 conclusiones,
1338 248 125 76 quam
1416 248 140 76 alter
1510 248 93 76 in
1556 248 202 76 huiusmodi
1712 248 218 76 principio;
1867 248 125 76 igitur

1116 307 91 54 si
1161 307 167 54 aliquis
1282 307 121 54 homo
1358 307 182 54 subtilis
1494 307 257 54 conclusionem,
1706 307 121 54 quam
1782 307 151 54 videt,
1873 307 106 54 gros-

1124 347 112 49 sum
1188 347 176 49 hominem
1316 347 160 49 docere
1428 347 176 49 vellet,
1557 347 112 49 non
1621 347 208 49 oporteret
1781 347 128 49 plus
1845 347 128 49 facere

1114 384 138 50 nisi
1200 384 156 50 talem
1304 384 277 50 conclusionem
1529 384 259 50 determinate
1736 384 156 50 simul
1840 384 121 50 cum
1892 384 86 50 il-

1122 426 89 40 lo
1167 426 192 40 principio
1314 426 207 40 proponere:
1476 426 118 40 tunc
1550 426 118 40 ille
1624 426 177 40 grossus,
1757 426 103 40 qui
1816 426 133 40 prius
1889 426 89 40 con-

1115 461 208 62 siderando
1275 461 144 62 illud
1370 461 223 62 principium
1546 461 160 62 habuit
1658 461 239 62 intellectum
1833 461 144 62 sparsum

1117 504 85 45 ad
1159 504 169 45 diuersa,
1286 504 113 45 quae
1356 504 85 45 ex
1399 504 113 45 illo
1469 504 197 45 principiso
1624 504 127 45 elici
1708 504 169 45 possunt,
1835 504 99 45 iam
1877 504 99 45 quasi

1113 544 153 38 vnitus
1220 544 76 38 &
1250 544 229 38 confortatus
1433 544 183 38 respectu
1570 544 137 38 talis
1662 544 244 38 conclusionis
1845 544 137 38 incipit

1110 584 114 48 eam
1175 584 245 48 determinate
1371 584 245 48 cognoscere,
1567 584 131 48 quam
1648 584 131 48 ante
1730 584 180 48 huiusmo
1861 584 98 48 di
1893 584 82 48 de-

1117 621 266 60 terminationem
1337 621 110 60 non
1399 621 204 60 cognouit,
1556 621 110 60 sic
1619 621 94 60 in
1666 621 219 60 proposito,
1822 621 63 60 &c

1209 677 545 89 ARTICVLVS
1586 677 252 89 IIII

1101 790 153 66 Vtrum
1203 790 153 66 talis
1305 790 255 66 illuminatio
1509 790 187 66 ipsorum
1644 790 221 66 angelorum
1814 790 119 66 sit
1865 790 102 66 idem

1330 843 138 69 quod
1416 843 224 69 angelorum
1571 843 173 69 locutio.

1178 930 188 53 VANTVM
1310 930 113 53 ad
1366 930 207 53 quartum
1517 930 245 53 articulum
1705 930 226 53 dicedum,
1856 930 113 53 quod

1162 975 104 66 pe
1214 975 157 66 omnis
1318 975 261 66 illuminatio
1527 975 226 66 angelorum
1701 975 174 66 aliquo
1823 975 139 66 modo
1892 975 70 66 po

1113 1019 114 45 test
1184 1019 114 45 dici
1255 1019 171 45 locutio:
1383 1019 100 45 sed
1440 1019 100 45 non
1483 1019 171 45 econuerso.

1132 1060 99 41 Ad
1182 1060 149 41 cuius
1282 1060 249 41 intellectum
1480 1060 215 41 sciendum,
1646 1060 133 41 quod
1729 1060 199 41 quattuor
1862 1060 99 41 cond

1114 1094 151 45 tiones
1220 1094 181 45 requirit
1356 1094 166 45 locutio
1476 1094 91 45 ad
1522 1094 121 45 hoc,
1597 1094 121 45 quod
1673 1094 166 45 proprie
1794 1094 151 45 possit
1884 1094 91 45 dici

1111 1134 233 50 illuminatio.

1152 1168 151 58 Primum
1257 1168 121 58 est,
1333 1168 121 58 quod
1408 1168 106 58 sit
1453 1168 106 58 vera-

1146 1211 177 60 Secundum
1279 1211 118 60 est,
1352 1211 118 60 quod
1426 1211 103 60 sit
1485 1211 88 60 de
1529 1211 118 60 tali
1603 1211 177 60 materia,
1735 1211 118 60 quae
1809 1211 103 60 ei,
1868 1211 88 60 ad
1897 1211 59 60 qu

1112 1250 184 58 dirigitur
1254 1250 170 58 locutio,
1381 1250 99 58 non
1438 1250 99 58 sit
1481 1250 99 58 nota-

1126 1291 191 47 Tertium,
1269 1291 127 47 quod
1349 1291 175 47 locutio
1476 1291 111 47 sit
1540 1291 96 47 de
1588 1291 191 47 talibus,
1731 1291 159 47 quorum
1827 1291 127 47 notiti

1106 1333 180 48 pertinet
1241 1333 90 48 ad
1286 1333 240 48 perfectionem
1465 1333 210 48 intellectus.

1153 1368 178 48 Quartum,
1287 1368 119 48 quod
1361 1368 104 48 tam
1420 1368 178 48 ordinata
1554 1368 104 48 sit
1613 1368 178 48 locutio,
1747 1368 119 48 quod
1821 1368 134 48 ille,
1896 1368 59 48 ac

1105 1413 123 50 quem
1181 1413 215 50 dirigitur,
1350 1413 215 50 percipiat,
1519 1413 123 50 quid
1596 1413 169 50 loquens
1719 1413 138 50 velit
1796 1413 169 50 exprimere

1113 1450 209 49 huiusmodi
1273 1450 225 49 locutione,
1450 1450 80 49 &
1482 1450 225 49 intelligat
1658 1450 112 49 ea:
1722 1450 209 49 quacumque
1867 1450 96 49 enim

1110 1486 168 44 istarum
1232 1486 183 44 quattuor
1369 1486 229 44 conditionum
1552 1486 229 44 deficiente,
1735 1486 107 44 ita
1796 1486 122 44 erit
1857 1486 107 44 locu-

1104 1530 126 42 tio,
1183 1530 126 42 quod
1262 1530 142 42 tamen
1357 1530 174 42 proprie
1483 1530 111 42 non
1546 1530 174 42 dicetur
1673 1530 253 42 illuminatio.

1139 1556 103 60 Et
1190 1556 138 60 ideo
1276 1556 172 60 quando
1397 1556 138 60 Deus
1483 1556 206 60 loquitur
1637 1556 103 60 ad
1689 1556 206 60 hominem,
1844 1556 120 60 vel
1895 1556 69 60 ad

1114 1608 186 48 angelum,
1253 1608 124 48 eius
1330 1608 170 48 locutio
1454 1608 155 48 semper
1562 1608 108 48 est
1624 1608 248 48 illuminatio.
1826 1608 124 48 Vnde
1888 1608 77 48 ait

1113 1643 212 41 Oregorius
1275 1643 98 41 4.
1324 1643 212 41 moralium,
1487 1643 195 41 Coquitur
1634 1643 130 41 Deus
1715 1643 98 41 ad
1764 1643 179 41 angelos
1878 1643 81 41 sat

1115 1684 128 41 ctos,
1200 1684 85 41 eo
1243 1684 114 41 quod
1314 1684 128 41 eorum
1399 1684 171 41 cordibus
1527 1684 156 41 occulta
1641 1684 100 41 sua
1698 1684 213 41 inuisibilia
1869 1684 71 41 o
1883 1684 71 41 sti

1120 1722 120 42 dit,
1195 1722 75 42 &
1225 1722 120 42 quid
1300 1722 135 42 agere
1391 1722 180 42 debeant,
1526 1722 90 42 in
1571 1722 120 42 ista
1646 1722 271 42 contemplatione
1857 1722 105 42 veri-

1102 1760 151 50 tatis
1186 1760 134 50 legunt

1151 1798 140 43 Forte
1245 1798 187 43 dicetur,
1385 1798 124 43 quod
1462 1798 187 43 angelus,
1602 1798 109 43 vel
1665 1798 124 43 homo
1742 1798 171 43 audiens
1851 1798 109 43 locu-

1112 1834 161 48 tionem
1225 1834 113 48 Dei
1289 1834 113 48 non
1354 1834 226 48 intelligit
1531 1834 210 48 quandoque
1693 1834 129 48 eam,
1773 1834 81 48 &
1806 1834 113 48 per
1854 1834 113 48 conse

1112 1878 141 49 quens
1206 1878 125 49 Dei,
1284 1878 172 49 locutio
1409 1878 109 49 non
1471 1878 109 49 est
1534 1878 156 49 semper
1643 1878 250 49 illuminatio,
1846 1878 109 49 cum
1893 1878 78 49 ibi

1117 1913 185 55 deficiat
1255 1913 154 55 quarta
1363 1913 185 55 conditio
1502 1913 92 55 ad
1548 1913 277 55 illuminationem
1764 1913 200 55 spiritualem

1102 1955 160 47 requisita

1153 1995 235 46 Respondeo,
1338 1995 134 46 quod
1421 1995 151 46 omnis
1522 1995 117 46 Dei
1589 1995 184 46 locutio
1723 1995 101 46 ad
1774 1995 168 46 mentem
1874 1995 84 46 bon

1117 2032 194 48 hominis,
1262 2032 113 48 vel
1327 2032 162 48 angeli
1440 2032 194 48 intantum
1585 2032 291 48 apprehenditur,
1812 2032 145 48 quantun

1115 2074 127 49 Deus
1195 2074 127 49 vult
1274 2074 111 49 eam
1338 2074 223 49 apprehedi,
1513 2074 80 49 &
1545 2074 159 49 tantum
1656 2074 127 49 mens
1735 2074 95 49 ea
1767 2074 191 49 perficitur

1111 2114 176 54 quantum
1239 2114 128 54 Deus
1319 2114 128 54 vult
1398 2114 112 54 eam
1462 2114 192 54 perfici.
1606 2114 128 54 Vane
1686 2114 144 54 antem
1781 2114 176 54 aliquis
1893 2114 64 54 di

1116 2151 180 42 rigeret
1246 2151 229 42 locutionem
1426 2151 131 42 suam
1508 2151 98 42 ad
1557 2151 196 42 aliquem,
1704 2151 131 42 quem
1786 2151 164 42 omnino
1884 2151 82 42 ni-

1113 2190 116 45 hil
1180 2190 166 45 vellet
1296 2190 265 45 apprehendere
1512 2190 100 45 de
1561 2190 216 45 huiusmodi
1727 2190 232 45 locutione;
1893 2190 83 45 cum

1119 2232 149 48 igitur
1223 2232 134 48 sermo
1313 2232 104 48 Dei
1373 2232 104 48 non
1432 2232 149 48 possit
1537 2232 119 48 esse
1611 2232 149 48 vanus,
1716 2232 119 48 quia
1790 2232 119 48 Deus
1865 2232 75 48 &
1880 2232 89 48 natu

1116 2270 92 47 ra
1162 2270 138 47 nihil
1254 2270 169 47 faciunt
1377 2270 184 47 frustra;
1515 2270 123 47 ideo
1592 2270 169 47 numquam
1715 2270 123 47 Deus
1792 2270 184 47 loquitur
1915 2270 61 47 ad

1116 2312 161 46 mentem
1229 2312 177 46 angeli,
1358 2312 113 46 vel
1422 2312 129 46 boni
1503 2312 193 46 hominis,
1648 2312 129 46 quin
1728 2312 97 46 ex
1777 2312 113 46 hoc
1825 2312 145 46 auditor

1118 2347 161 40 aliquid
1235 2347 205 40 percipiat,
1396 2347 73 40 &
1426 2347 102 40 per
1484 2347 205 40 consequens
1645 2347 190 40 suscipiat
1777 2347 190 40 spiritualem

1120 2385 291 40 illuminationem.
1365 2385 107 40 Sed
1426 2385 107 40 cum
1487 2385 168 40 angelus
1610 2385 184 40 inferior
1748 2385 184 40 loquitur
1870 2385 92 40 supo

1114 2426 159 39 riori,
1225 2426 175 39 proprie
1352 2426 191 39 loquendo
1495 2426 111 39 non
1559 2426 175 39 dicitur
1686 2426 143 39 ipsum
1765 2426 191 39 illuminare

1126 2465 114 48 quia
1197 2465 172 48 inferior
1326 2465 129 48 nihil
1412 2465 129 48 scit,
1497 2465 114 48 quod
1569 2465 143 48 lateat
1669 2465 214 48 superiorem.
1841 2465 114 48 Vnde
1898 2465 57 48 si

1123 2502 104 48 cut
1182 2502 104 48 cum
1242 2502 207 48 discipulus
1404 2502 178 48 loquitur
1538 2502 104 48 cum
1597 2502 192 48 magistro,
1745 2502 192 48 discipuli
1893 2502 104 48 lo

1129 2544 131 45 cutio
1217 2544 102 45 non
1275 2544 160 45 dicitur
1391 2544 175 45 magistri
1522 2544 233 45 illuminatio,
1712 2544 102 45 sic
1770 2544 102 45 &c.
1813 2544 146 45 Superios

1115 2574 140 46 autem
1209 2574 172 46 angelus
1334 2574 172 46 loquens
1459 2574 203 46 inferiori
1615 2574 156 46 potest
1724 2574 140 46 ipsum
1802 2574 156 46 illumina

1118 2617 89 51 re
1163 2617 163 51 Propter
1281 2617 104 51 hoc
1341 2617 104 51 ait
1400 2617 134 51 Dion.
1489 2617 89 51 10
1534 2617 193 51 angelicae
1682 2617 237 51 hierarchiae,
1860 2617 104 51 Ange-

1125 2661 93 42 um
1171 2661 170 42 clamare
1295 2661 93 42 ad
1341 2661 170 42 angelum
1465 2661 124 42 est,
1543 2661 170 42 quoniam
1667 2661 170 42 sanctas
1775 2661 186 42 thelogicas

1115 2698 272 51 illuminationes
1342 2698 136 51 primi
1432 2698 181 51 secundis
1568 2698 181 51 tradunt.
1704 2698 121 51 Vnde
1780 2698 76 51 &
1810 2698 136 51 glosa
1885 2698 76 51 su-

1125 2742 103 50 per
1184 2742 118 50 illo
1258 2742 148 50 verbo,
1362 2742 133 50 prima
1450 2742 89 50 ad
1494 2742 177 50 Corinth.
1627 2742 103 50 15.
1686 2742 89 50 Si
1731 2742 162 50 linguis
1834 2742 133 50 homimum

1125 2780 152 49 loquar
1231 2780 76 49 &
1262 2780 213 49 angelorum,
1429 2780 122 49 ait,
1505 2780 167 49 Linguae
1627 2780 198 49 angelorum
1779 2780 137 49 sunt,
1855 2780 107 49 quibu

1113 2817 153 37 angeli
1220 2817 198 37 praeposit
1372 2817 229 37 sionificant
1555 2817 214 37 minoribus,
1723 2817 122 37 quod
1799 2817 92 37 de
1845 2817 107 37 Dei
1891 2817 76 37 vo-

1124 2841 149 66 uutate
1229 2841 194 66 sentiunt.
1378 2841 105 66 Hoc
1438 2841 134 66 autem
1528 2841 105 66 est
1587 2841 209 66 illuminare
1737 2841 194 66 infertores.

1161 2885 104 61 Per
1221 2885 104 61 hoc
1280 2885 134 61 etiam
1369 2885 149 61 patere
1473 2885 164 61 potest,
1592 2885 119 61 quod
1667 2885 104 61 non
1726 2885 104 61 est
1786 2885 119 61 vera
1845 2885 119 61 quaedi

1123 2928 158 53 opinio,
1238 2928 115 53 quae
1310 2928 144 53 dicit,
1411 2928 115 53 quod
1483 2928 144 53 nullus
1584 2928 158 53 angelus
1699 2928 202 53 causaliter
1843 2928 115 53 illum;

1119 2983 138 41 natur
1211 2983 92 41 ab
1256 2983 138 41 alio:
1348 2983 107 41 sed
1410 2983 138 41 omnes
1501 2983 199 41 immediate
1655 2983 245 41 illuminantur
1854 2983 77 41 a
1884 2983 122 41 Deo,

1128 3013 122 52 quia
1204 3013 138 52 sicut
1296 3013 122 52 Deus
1372 3013 107 52 sic
1433 3013 138 52 agit,
1525 3013 76 52 &
1556 3013 138 52 facit
1647 3013 153 52 omnia,
1754 3013 122 52 quod
1831 3013 138 52 tamen
1907 3013 61 52 ac

1125 3043 109 54 uae
1188 3043 202 54 bonitatis
1343 3043 233 54 sublimiorem
1529 3043 310 54 manifestationem,
1793 3043 140 54 etiam
1870 3043 109 54 secu-

1126 3087 101 64 das
1183 3087 144 64 causas
1284 3087 129 64 secum
1370 3087 129 64 agere
1456 3087 144 64 sinit,
1557 3087 101 64 sic
1614 3087 86 64 in
1657 3087 187 64 proposito
1787 3087 57 64 &c
