2412 3542
247 277 137 69 tausae
343 277 164 69 formalis
466 277 191 69 formaliter
616 277 232 69 perficientis,
808 277 109 69 tunc
876 277 164 69 facilius
999 277 96 69 est
1040 277 55 69 se

240 336 150 47 parare
345 336 195 47 posterius
494 336 75 47 a
524 336 165 47 priori,
644 336 120 47 quam
719 336 210 47 econuerso,
884 336 120 47 quia
958 336 120 47 Deus
1018 336 75 47 po-

236 383 119 50 test
311 383 179 50 supplere
445 383 134 50 vicem
534 383 149 50 causae
638 383 238 50 efficientis,
832 383 74 50 &
862 383 104 50 non
921 383 149 50 potest
1011 383 89 50 pro-

237 418 121 48 pter
312 418 106 48 sui
373 418 212 48 dignitatem
539 418 181 48 supplere
675 418 136 48 vicem
766 418 151 48 causae
871 418 181 48 formalis
992 418 106 48 forma

239 451 126 45 liter
323 451 239 45 perficientis.
520 451 84 45 in
562 451 98 45 sep
618 451 168 45 aratione
744 451 140 45 igitur
842 451 211 45 accidentium
1011 451 70 45 a
1025 451 70 45 su-

242 490 156 55 biecto
352 490 125 55 Deus
430 490 172 55 supplet
555 490 141 55 vicem
649 490 188 55 subiecti
790 490 94 55 in
837 490 172 55 quantum
947 490 156 55 subiectu

243 533 195 44 sustentat
393 533 75 44 &
423 533 195 44 conseruat
573 533 225 44 accidentia,
752 533 120 44 quod
827 533 105 44 est
887 533 180 44 conditio
1007 533 90 44 cau-

232 571 101 50 sae
289 571 232 50 efficientis:
478 571 159 50 quamuis
593 571 116 50 ipsi
666 571 174 50 materiae
796 571 101 50 non
854 571 145 50 possit
955 571 116 50 dare
1013 571 87 50 esse

237 615 163 45 actuale
356 615 119 45 sine
430 615 148 45 forma,
534 615 119 45 quia
608 615 104 45 hoc
667 615 104 45 est
726 615 178 45 conditio
860 615 148 45 causae
949 615 148 45 formalis

239 647 204 54 formaliter
385 647 218 54 perficientis.

284 688 97 46 Ad
332 688 162 46 sextum
446 688 210 46 dicendum,
607 688 129 46 quod
688 688 178 46 quamuis
818 688 146 46 maior
915 688 113 46 sit
980 688 129 46 uera
1044 688 65 46 lo

237 734 146 45 quendo
340 734 88 45 de
384 734 146 45 causis
486 734 234 45 extrinsecis,
677 734 117 45 quae
750 734 117 45 sunt
823 734 190 45 efficiens
969 734 73 45 &
984 734 117 45 finis;

231 775 114 55 non
296 775 114 55 est
361 775 147 55 tamen
459 775 131 55 vera
541 775 98 55 de
590 775 262 55 extrinsecis,
803 775 131 55 quae
885 775 131 55 sunt
950 775 147 55 materia

236 804 91 54 &
254 804 128 54 forma

281 819 143 92 Forte
376 819 191 92 dicetur,
519 819 127 92 quod
599 819 143 92 forma
694 819 111 92 non
758 819 111 92 est
821 819 143 92 causa
900 819 191 92 extrinseca

235 880 144 61 ipsius
321 880 158 61 materiae.

274 906 211 64 Respondeo,
440 906 121 64 quod
515 906 136 64 sicut
606 906 151 64 albedo
712 906 106 64 non
772 906 106 64 est
832 906 136 64 causa
908 906 181 64 intrinseca

235 956 142 64 ipsius
334 956 170 64 hominis;
462 956 99 64 est
519 956 128 64 tamen
604 956 128 64 causa
689 956 199 64 intrinseca
845 956 156 64 hominis
945 956 156 64 alibi;umc

233 1003 130 43 licet
319 1003 130 43 forma
405 1003 101 43 non
463 1003 101 43 sit
521 1003 130 43 causa
607 1003 202 43 intrinseca
766 1003 144 43 ipsius
866 1003 187 43 materiae,
1011 1003 86 43 vt
1039 1003 58 43 ma

231 1044 114 43 teria
307 1044 101 43 est,
370 1044 114 43 tamen
446 1044 88 43 est
496 1044 88 43 cam
547 1044 177 43 intrinseca
685 1044 151 43 materiae
799 1044 177 43 actualiter
925 1044 164 43 existentis.

285 1080 96 50 Ad
333 1080 191 50 septimum
476 1080 159 50 potest
588 1080 127 50 dici
667 1080 127 50 quod
747 1080 223 50 similitudo
922 1080 111 50 non
970 1080 127 50 currit

233 1122 105 50 per
293 1122 135 50 omnes
383 1122 150 50 pedes:
489 1122 135 50 licet
579 1122 120 50 enim
654 1122 150 50 multae
759 1122 256 50 similitudines
955 1122 135 50 possint

230 1164 101 50 ibi
287 1164 203 50 assignari,
447 1164 87 50 in
490 1164 116 50 isto
562 1164 130 50 tamen
649 1164 174 50 concluso
780 1164 101 50 non
837 1164 101 50 est
895 1164 145 50 simile
997 1164 101 50 vel
1040 1164 58 50 di

238 1206 165 44 cendum,
358 1206 120 44 quod
433 1206 135 44 maior
523 1206 105 44 non
583 1206 105 44 est
643 1206 135 44 vera,
734 1206 120 44 nisi
809 1206 120 44 vter
884 1206 105 44 que
929 1206 165 44 effectuum

238 1236 94 52 sit
291 1236 94 52 ens
332 1236 94 52 actu-

368 1309 629 90 ARTICVLVS
803 1309 194 90 II

440 1450 139 71 trum
527 1450 104 71 in
579 1450 139 71 calo
666 1450 122 71 sit
718 1450 174 71 materia.

285 1547 184 53 VANTVM
413 1547 110 53 ad
469 1547 202 53 tertium
616 1547 239 53 articulum
800 1547 166 53 dico,
910 1547 147 53 quod
984 1547 110 53 cor-

224 1555 91 86 R
260 1555 127 86 pus
333 1555 199 86 celeste
478 1555 127 86 est
550 1555 254 86 compositum
750 1555 109 86 ex
804 1555 199 86 materia
949 1555 91 86 &
967 1555 127 86 forma

284 1638 77 38 1
314 1638 123 38 Quia
391 1638 139 38 nulla
484 1638 169 38 species
607 1638 108 38 per
669 1638 92 38 se
715 1638 200 38 recipiens
854 1638 246 38 praedicationem

238 1669 170 42 alicuius
365 1669 155 42 generis
478 1669 141 42 potest
577 1669 113 42 esse
648 1669 198 42 simplicior
803 1669 113 42 illo
874 1669 155 42 genere:
987 1669 99 42 sed
1029 1669 57 42 co

234 1708 107 44 lum
295 1708 168 44 tamquam
417 1708 122 44 vera
494 1708 168 44 species
616 1708 199 44 corporis,
770 1708 122 44 quod
846 1708 107 44 est
907 1708 92 44 in
938 1708 153 44 praedica

240 1749 134 46 mento
330 1749 239 46 substantiae,
524 1749 134 46 genus
613 1749 224 46 subalternum
792 1749 164 46 recipit
897 1749 194 46 praedicatio

236 1795 106 46 nem
296 1795 106 46 per
357 1795 106 46 se;
417 1795 76 46 &
448 1795 151 46 corpus
554 1795 257 46 praedicamenti
765 1795 227 46 substantiae
947 1795 106 46 est
992 1795 106 46 compo

234 1825 144 53 situm
330 1825 96 53 ex
378 1825 176 53 materia
506 1825 80 53 &
538 1825 160 53 forma,
650 1825 96 53 vt
698 1825 144 53 patet
794 1825 112 53 per
858 1825 192 53 boethium
986 1825 112 53 super

236 1873 298 44 praedicamenta,
485 1873 132 44 ergo
567 1873 83 44 &
601 1873 149 44 celum
700 1873 99 44 ex
749 1873 182 44 materia
882 1873 83 44 &
915 1873 149 44 forma
998 1873 99 44 erit

225 1904 228 63 compositum,

278 1941 84 51 2
312 1941 234 51 Praeterea,
496 1941 100 51 in
546 1941 217 51 quocumque
713 1941 251 51 reperiuntur
897 1941 201 51 accidentia

231 1985 184 46 materiam
368 1985 260 46 consequentia,
583 1985 92 46 in
629 1985 122 46 illo
705 1985 199 46 reperitur
858 1985 184 46 materia,
981 1985 107 46 celum

242 2024 101 43 est
299 2024 202 43 huiusmodi;
458 2024 115 43 quia
530 2024 202 43 quantitas,
688 2024 216 43 spissitudo,
861 2024 159 43 raritas
977 2024 72 43 &
991 2024 101 43 cete-

228 2068 106 48 ra
281 2068 230 48 huiusmodi
458 2068 283 48 consequuntur
688 2068 124 48 rem
758 2068 247 48 compositam
935 2068 159 48 ratione

240 2098 195 50 materie.
386 2098 130 50 Quod
468 2098 147 50 autem
565 2098 163 50 caelum
680 2098 114 50 sit
745 2098 195 50 quantum,
891 2098 98 50 ad
940 2098 163 50 sensum
1038 2098 65 50 pa

240 2142 117 41 tet:
313 2142 117 41 Quod
386 2142 87 41 in
430 2142 87 41 eo
474 2142 102 41 sit
532 2142 204 41 spissitudo
692 2142 73 41 &
721 2142 175 41 raritas,
852 2142 175 41 apparet;
983 2142 117 41 quia
1042 2142 58 41 in

241 2181 98 48 vna
297 2181 98 48 sui
353 2181 126 48 parte
437 2181 98 48 est
494 2181 225 48 transparens,
676 2181 84 48 in
718 2181 112 48 alia
788 2181 126 48 parte
872 2181 98 48 non
929 2181 98 48 est
971 2181 126 48 transpa

231 2218 138 46 rens.
323 2218 138 46 Etiam
414 2218 230 46 philosophus
598 2218 138 46 dicit
690 2218 92 46 in
736 2218 92 46 de
782 2218 107 46 ce.
843 2218 77 46 &
873 2218 122 46 mui,
950 2218 122 46 quod
1011 2218 92 46 stel

241 2256 84 48 la
283 2256 98 48 est
339 2256 167 48 spissior
464 2256 111 48 pars
534 2256 98 48 sui
589 2256 139 48 orbis.
687 2256 125 48 Maior
771 2256 125 48 etiam
854 2256 139 48 patet:
952 2256 111 48 quia
1007 2256 84 48 sim-

235 2296 138 55 plex
321 2296 156 55 forma
425 2296 260 55 materialium
633 2296 260 55 accidentium
840 2296 225 55 subiectum
996 2296 104 55 esse

241 2340 104 49 non
286 2340 133 49 potest.

272 2360 81 70 3
304 2360 226 70 Praeterea,
481 2360 226 70 quaecumque
659 2360 129 70 sunt
739 2360 97 70 ad
788 2360 177 70 inuicem
901 2360 193 70 comparabi-

233 2413 107 50 lia
294 2413 138 50 penes
386 2413 230 50 materialium
570 2413 138 50 rerum
662 2413 230 50 accidentia,
846 2413 123 50 illa
907 2413 184 50 consequen-

233 2452 112 54 tem
297 2452 160 54 habent
409 2452 208 54 materiam:
569 2452 128 54 celi
649 2452 80 54 &
681 2452 160 54 partes
793 2452 176 54 celorum
921 2452 128 54 sunt
985 2452 112 54 huius

239 2492 124 51 modi
317 2492 140 51 Maior
410 2492 140 51 patet
504 2492 171 51 secundo
628 2492 93 51 de
675 2492 249 51 generatione,
876 2492 109 51 vbi
939 2492 186 51 philoso

238 2535 128 55 phus
318 2535 160 55 contra
430 2535 224 55 Empedoclem
606 2535 128 55 ait,
687 2535 128 55 quod
767 2535 96 55 si
815 2535 192 55 elementa
959 2535 128 55 sunt
1023 2535 64 55 ac

237 2578 167 40 inuicem
358 2578 258 40 comparabilia,
571 2578 182 40 oportet,
707 2578 121 40 quod
783 2578 167 40 habeant
905 2578 167 40 aliquod
1011 2578 76 40 com

236 2612 146 47 mune,
333 2612 130 47 quod
414 2612 113 47 est
479 2612 194 47 materia.
624 2612 146 47 Minor
722 2612 146 47 etiam
819 2612 162 47 patet,
932 2612 130 47 quia
997 2612 97 47 vnum

238 2653 142 46 celum
333 2653 174 46 dicitur
460 2653 142 46 maius
555 2653 158 46 altero
666 2653 142 46 caelo
761 2653 190 46 secundum
887 2653 206 46 quantitatem

237 2697 75 45 &
267 2697 119 45 vnum
341 2697 104 45 est
401 2697 194 45 spissius,
550 2697 104 45 vel
610 2697 179 45 densius,
744 2697 149 45 altero
848 2697 179 45 secundum
968 2697 134 45 qualita

238 2735 125 43 tem:
316 2735 94 43 si
363 2735 125 43 enim
441 2735 156 43 caelum
550 2735 218 43 firmamenti
722 2735 109 43 non
784 2735 140 43 esset
878 2735 94 43 in
924 2735 125 43 omni
987 2735 109 43 parte

244 2766 89 50 ua
289 2766 192 50 spissius,
436 2766 118 50 quam
510 2766 133 50 caeli
599 2766 222 50 planetarum,
776 2766 103 50 ita
835 2766 133 50 esset
924 2766 177 50 peruium,
1057 2766 74 50 &

237 2809 100 49 tra
294 2809 187 49 nsparens,
438 2809 129 49 sicut
524 2809 129 49 caeli
595 2809 187 49 planetarum.

281 2839 78 55 4
313 2839 219 55 Praeterea,
485 2839 141 55 omne,
578 2839 125 55 quod
656 2839 172 55 proprie
781 2839 188 55 mouetur,
922 2839 125 55 habe
1000 2839 78 55 t
1016 2839 78 55 ma-

235 2884 146 49 teriam
337 2884 146 49 partem
439 2884 116 49 sui:
512 2884 116 49 quia
585 2884 87 49 vt
628 2884 160 49 dicitur
745 2884 102 49 a2:
803 2884 160 49 metaph:
919 2884 175 49 materiam
1036 2884 58 49 in

227 2930 120 44 omni
302 2930 105 44 eo,
362 2930 120 44 quod
437 2930 180 44 mouetur,
572 2930 225 44 intelligere
752 2930 165 44 necesse
872 2930 120 44 est;
947 2930 105 44 sed
992 2930 120 44 caelum

241 2968 135 48 vere
309 2968 168 48 mouetur.

288 2998 106 56 Sed
349 2998 106 56 hic
409 2998 228 56 respondetur
592 2998 76 56 a
622 2998 198 56 contrarie
774 2998 243 56 opinantibus,
972 2998 122 56 quod
1033 2998 76 56 phi

241 3041 187 53 losophus
382 3041 109 53 in.
444 3041 94 53 2.
491 3041 156 53 metaph
600 3041 109 53 vbi
662 3041 140 53 ponit
756 3041 218 53 praedictam
912 3041 187 53 proposito-

236 3087 126 48 nem,
315 3087 189 48 intendit
457 3087 142 48 lqqui
551 3087 94 48 de
598 3087 110 48 eo,
661 3087 126 48 quod
740 3087 173 48 mouetur
866 3087 126 48 motu
929 3087 173 48 alteratio

243 3123 123 63 nis,
320 3123 108 63 non
381 3123 138 63 autem
473 3123 92 63 de
520 3123 123 63 motu
597 3123 169 63 locali.

1162 294 78 63 1
1194 294 140 63 Istud
1287 294 109 63 non
1349 294 109 63 est
1412 294 156 63 verum,
1521 294 125 63 quia
1599 294 109 63 nec
1661 294 125 63 aute
1739 294 140 63 illam
1817 294 171 63 proposito

1119 344 122 43 nem,
1195 344 106 43 nec
1256 344 122 43 post
1332 344 167 43 apparet
1453 344 91 43 in
1499 344 137 43 textu
1590 344 243 43 Aristotelis,
1788 344 122 43 quod
1864 344 137 43 magis
1940 344 61 43 lo

1124 382 159 45 quatur
1236 382 111 45 ibi
1299 382 96 45 de
1347 382 127 45 motu
1427 382 271 45 alterationis,
1650 382 127 45 quam
1729 382 96 45 de
1777 382 127 45 motu
1841 382 159 45 localis.

1125 422 102 41 nec
1184 422 117 41 illa
1257 422 175 41 exposito
1388 422 102 41 est
1446 422 160 41 consona
1563 422 160 41 ceteris
1679 422 146 41 dictis
1781 422 146 41 ipsius
1869 422 131 41 Aristo.

1133 463 134 53 telis:
1226 463 107 53 quia
1293 463 80 53 Vt
1333 463 120 53 patet
1414 463 80 53 in
1454 463 107 53 lib.
1521 463 187 53 Topicorum,
1668 463 201 53 Aristoteles
1829 463 120 53 vult,
1896 463 80 53 quod

1142 500 226 42 uandocumque
1322 500 105 42 vna
1383 500 150 42 dictio
1488 500 180 42 conuenit
1623 500 195 42 pluribus,
1773 500 105 42 vni
1834 500 105 42 per
1879 500 105 42 prius

1131 541 73 44 &
1161 541 146 44 alteri
1263 541 102 44 per
1321 541 205 44 posterius,
1482 541 88 44 si
1526 541 175 44 absolute
1657 541 190 44 profertur
1804 541 132 44 magis
1877 541 102 44 debet

1125 580 192 45 intelligi
1273 580 89 45 de
1318 580 104 45 eo,
1377 580 104 45 cui
1436 580 133 45 primo
1525 580 192 45 conuenit:
1673 580 104 45 sed
1732 580 118 45 haec
1806 580 148 45 dictio
1895 580 89 45 moue

1128 616 94 46 ri
1175 616 142 46 prius
1270 616 189 46 conuenit
1412 616 157 46 mobili
1522 616 189 46 secundum
1663 616 157 46 locum:
1773 616 173 46 deficit
1884 616 94 46 enim

1133 656 246 46 couertentia
1330 656 213 46 ceterorum
1494 656 197 46 mobilium
1641 656 98 46 ad
1691 656 164 46 ipsum:
1805 656 115 46 nam
1855 656 131 46 quocum

1137 695 91 47 ue
1182 695 122 47 alio
1258 695 152 47 genere
1365 695 137 47 motus
1456 695 167 47 aliquid
1578 695 106 47 est
1639 695 167 47 mobile,
1760 695 137 47 ipsum
1851 695 106 47 est
1897 695 76 47 mo-

1137 732 124 44 bile
1214 732 186 44 secundum
1353 732 155 44 locum,
1462 732 108 44 sed
1524 732 108 44 non
1570 732 217 44 conuertitur.

1143 772 82 46 2
1175 772 230 46 Praeterea,
1356 772 148 46 sicut
1454 772 115 46 hoc
1520 772 148 46 nomen
1618 772 164 46 motor,
1733 772 82 46 &
1766 772 115 46 hoc
1831 772 148 46 nomen
1913 772 66 46 mo

1130 815 109 41 tus
1193 815 187 41 absolute
1333 815 172 41 prolata
1458 815 125 41 fine
1536 815 203 41 quacumque
1692 815 203 41 additione
1848 815 109 41 non
1895 815 78 41 mi-

1131 856 122 47 nus,
1207 856 107 47 sed
1268 856 137 47 magis
1359 856 259 47 intelliguntur
1573 856 91 47 de
1618 856 168 47 motore,
1740 856 76 47 &
1771 856 122 47 motu
1832 856 152 47 secundum

1129 891 171 44 locum,
1248 891 136 44 quam
1334 891 102 44 de
1385 891 222 44 motoribus
1555 891 85 44 &
1590 891 188 44 motibus
1726 891 205 44 secundum
1863 891 119 44 alias

1129 928 149 48 species
1237 928 135 48 motus:
1331 928 108 48 sic,
1399 928 95 48 cum
1453 928 162 48 dicitur,
1574 928 95 48 res
1628 928 122 48 mota,
1709 928 95 48 vel
1763 928 108 48 res,
1831 928 108 48 quae
1885 928 95 48 moue-

1118 972 124 42 tur,
1195 972 109 42 non
1257 972 140 42 debet
1350 972 155 42 minus,
1459 972 124 42 immo
1536 972 140 42 magis
1629 972 202 42 intelligi
1784 972 93 42 de
1831 972 109 42 re,
1877 972 93 42 quae

1125 1007 189 46 mouetur
1262 1007 206 46 secundum
1416 1007 171 46 locum,
1536 1007 137 46 quam
1622 1007 103 46 de
1673 1007 154 46 rebus
1776 1007 137 46 quae
1845 1007 137 46 mouen-

1124 1048 113 45 tur
1188 1048 194 45 secundum
1334 1048 145 45 alios
1415 1048 129 45 motus.

1166 1084 107 49 Sed
1227 1084 215 49 contrarium
1396 1084 153 49 istius
1503 1084 246 49 conclusionis
1703 1084 138 49 multi
1795 1084 184 49 doctores
1918 1084 61 49 te

1131 1122 127 54 nent,
1216 1122 127 54 Inter
1301 1122 113 54 quos
1372 1122 113 54 vnus
1442 1122 142 54 arguit
1527 1122 71 54 sic

1148 1156 76 45 1
1178 1156 152 45 Illud,
1285 1156 122 45 quod
1361 1156 107 45 est
1422 1156 91 45 in
1468 1156 122 45 pura
1544 1156 183 45 potentia
1681 1156 91 45 ad
1727 1156 122 45 omne
1803 1156 137 45 esse,
1894 1156 122 45 quan
1955 1156 46 45 e

1132 1200 98 55 tum
1188 1200 84 55 in
1230 1200 84 55 se
1272 1200 112 55 est,
1342 1200 210 55 indifferens
1510 1200 98 55 est
1566 1200 84 55 ad
1609 1200 126 55 esse,
1693 1200 70 55 &
1721 1200 98 55 non
1777 1200 126 55 esse:
1861 1200 154 55 materia
1959 1200 42 55 l

1130 1249 106 43 est
1190 1249 212 43 huiusmodi:
1357 1249 121 43 ergo
1433 1249 152 43 celum,
1539 1249 121 43 quod
1615 1249 106 43 non
1676 1249 136 43 habet
1767 1249 91 43 in
1812 1249 91 43 se
1843 1249 136 43 princi-

1136 1281 130 44 pium,
1222 1281 101 44 quo
1280 1281 144 44 possit
1381 1281 101 44 non
1438 1281 130 44 esse,
1525 1281 101 44 cum
1583 1281 101 44 sit
1640 1281 274 44 incorruptibile,
1871 1281 101 44 non
1914 1281 58 44 ha

1122 1318 114 48 bet
1171 1318 179 48 materiam.

1167 1359 76 42 2
1197 1359 213 42 Praeterea,
1365 1359 106 42 Cum
1425 1359 183 42 expresse
1562 1359 137 42 dicat
1654 1359 228 42 philosophus
1836 1359 91 42 7.
1867 1359 106 42 mera-

1128 1393 190 58 physicae,
1274 1393 117 58 quod
1347 1393 160 58 materia
1464 1393 117 58 est,
1537 1393 102 58 qua
1595 1393 102 58 res
1653 1393 146 58 potest
1755 1393 117 58 esse
1828 1393 73 58 &
1857 1393 102 58 non
1901 1393 73 58 es-

1124 1439 113 44 se:
1188 1439 161 44 igitur
1301 1439 177 44 caelum,
1429 1439 129 44 quod
1510 1439 113 44 non
1574 1439 161 44 potest
1687 1439 113 44 non
1751 1439 145 44 esse,
1847 1439 113 44 non
1896 1439 80 44 ha-

1114 1474 119 48 bet
1165 1474 187 48 materiam.

1169 1510 81 52 3
1201 1510 227 52 Praeterea,
1379 1510 194 52 secundum
1525 1510 243 52 philosophum
1720 1510 97 52 S.
1768 1510 162 52 metaph
1882 1510 81 52 &
1898 1510 81 52 pri

1123 1550 99 51 mo
1173 1550 99 51 de
1223 1550 265 51 generatione,
1438 1550 132 51 Quae
1520 1550 248 51 communicant
1719 1550 99 51 in
1768 1550 198 51 materia,
1901 1550 99 51 sunt

1119 1596 94 58 ad
1166 1596 173 58 inuicem
1292 1596 299 58 transmutabilia:
1544 1596 110 58 sed
1607 1596 157 58 caelum
1717 1596 110 58 non
1780 1596 110 58 est
1827 1596 173 58 transmu

1117 1631 162 47 tabile
1230 1631 97 47 in
1279 1631 178 47 aliquam
1409 1631 114 47 rem
1457 1631 195 47 materialem

1165 1653 78 70 4
1197 1653 218 70 Praeterea,
1368 1653 109 70 res
1430 1653 156 70 habens
1540 1653 187 70 materiam
1680 1653 109 70 est
1727 1653 249 70 transmutabilis

1126 1704 99 57 in
1175 1704 148 57 omnem
1274 1704 115 57 rem
1339 1704 247 57 materialem,
1537 1704 148 57 cuius
1636 1704 148 57 forma
1734 1704 230 57 actualiter
1899 1704 82 57 est

1133 1751 178 43 priuata:
1267 1751 104 43 sed
1326 1751 148 43 caelum
1430 1751 134 43 caret
1519 1751 119 43 omni
1593 1751 134 43 forma
1682 1751 134 43 actu,
1771 1751 163 43 excepta
1875 1751 104 43 forma

1122 1794 245 44 coelitigitur
1321 1794 92 44 in
1367 1794 138 44 omnem
1458 1794 107 44 rem
1520 1794 214 44 materialem
1688 1794 153 44 coelum
1795 1794 138 44 esset
1872 1794 107 44 trans

1132 1832 183 46 mutabile.
1273 1832 98 46 Nec
1329 1832 141 46 valet,
1427 1832 84 46 vt
1470 1832 141 46 aliqui
1568 1832 155 46 istorum
1681 1832 155 46 dicunt,
1793 1832 84 46 si
1835 1832 169 46 dicitur,

1137 1867 128 51 quod
1217 1867 176 51 materia
1345 1867 128 51 celi
1425 1867 112 51 non
1489 1867 144 51 habet
1586 1867 240 51 priuationem
1778 1867 192 51 annexam:
1906 1867 80 51 qua

1128 1916 222 39 mpossibile
1303 1916 111 39 est
1366 1916 238 39 priuationem
1557 1916 79 39 &
1589 1916 191 39 materiam
1732 1916 95 39 ab
1779 1916 175 39 inuicem
1891 1916 79 39 se-

1144 1945 143 44 arari,
1244 1945 100 44 cum
1301 1945 115 44 sint
1373 1945 115 44 idem
1444 1945 186 44 subiecto,
1587 1945 86 44 vt
1630 1945 129 44 patet
1716 1945 129 44 primo
1788 1945 186 44 physicorum.

1131 1986 135 43 Item,
1221 1986 105 43 nec
1281 1986 150 43 valet,
1386 1986 90 43 si
1431 1986 180 43 dicitur,
1566 1986 120 43 quod
1641 1986 135 43 celum
1731 1986 105 43 non
1791 1986 105 43 est
1836 1986 165 43 priuatumi

1128 2025 225 47 simpliciter
1308 2025 150 47 formis
1413 2025 135 47 retum
1503 2025 240 47 materialium,
1699 2025 105 47 cum
1759 2025 195 47 contineat
1894 2025 75 47 eas

1130 2063 240 41 virtualiter,
1325 2063 75 41 &
1355 2063 105 41 sit
1415 2063 135 41 causa
1505 2063 150 41 earum:
1610 2063 120 41 quia
1685 2063 150 41 saltem
1790 2063 150 41 animam
1880 2063 90 41 huma

1128 2102 104 43 nam
1188 2102 104 43 non
1247 2102 193 43 continet,
1396 2102 104 43 nec
1455 2102 104 43 est
1515 2102 208 43 causaeius:
1679 2102 74 43 &
1708 2102 119 43 ideo
1783 2102 134 43 esset
1857 2102 119 43 trans-

1115 2139 220 58 mutabile
1280 2139 110 58 in
1317 2139 165 58 hominem

1158 2172 77 64 s
1188 2172 214 64 Praeterea,
1357 2172 138 64 motus
1449 2172 77 64 &
1479 2172 153 64 mobile
1587 2172 306 64 proportionaliter
1847 2172 123 64 sibi
1908 2172 77 64 in-

1128 2217 138 56 uicem
1220 2217 277 56 correspondent,
1451 2217 108 56 sed
1512 2217 138 56 motus
1604 2217 138 56 coeli
1697 2217 108 56 est
1758 2217 169 56 simplex
1881 2217 77 56 :
1897 2217 92 56 ergo

1125 2257 77 42 &
1155 2257 154 42 celum,
1263 2257 123 42 quod
1340 2257 108 42 est
1402 2257 169 42 mobile,
1525 2257 123 42 tali
1602 2257 123 42 motu
1679 2257 123 42 erit
1741 2257 154 42 simplex,

1165 2296 72 49 e
1193 2296 202 49 Praeterea,
1352 2296 144 49 arguit
1453 2296 144 49 quidam
1554 2296 130 49 alius
1640 2296 144 49 doctor
1741 2296 216 49 inquisitiue
1914 2296 115 49 sic.

1132 2332 84 46 Si
1174 2332 84 46 in
1216 2332 127 46 coelo
1301 2332 197 46 necessario
1455 2332 127 46 esset
1540 2332 169 46 materia,
1667 2332 98 46 vel
1723 2332 98 46 hoc
1779 2332 127 46 esset
1849 2332 127 46 ratione

1125 2374 120 47 suae
1200 2374 269 47 corporeitatis,
1424 2374 105 47 vel
1484 2374 164 47 ratione
1603 2374 239 47 quantitatis,
1798 2374 105 47 vel
1842 2374 135 47 ratione

1132 2414 134 47 motus
1206 2414 149 47 localis.

1173 2450 99 49 on
1222 2450 181 49 ratione
1354 2450 165 49 primi:
1469 2450 132 49 quia
1552 2450 148 49 forma
1650 2450 115 49 dat
1716 2450 132 49 esse
1782 2450 198 49 corporeum,

1126 2492 118 46 non
1177 2492 152 46 materia

1167 2528 105 48 Nec
1227 2528 165 48 ratione
1347 2528 180 48 secundi;
1482 2528 120 48 quia
1557 2528 135 48 licet
1648 2528 195 48 quantitas
1783 2528 195 48 indetermina

1134 2577 92 40 ta
1180 2577 138 40 insit
1272 2577 168 40 ratione
1394 2577 199 40 materiae,
1547 2577 199 40 quantitas
1700 2577 138 40 tamen
1777 2577 199 40 determinata

1141 2606 114 52 nest
1212 2606 156 52 ratione
1311 2606 128 52 formae.

1150 2640 104 54 Nec
1210 2640 163 54 ratione
1328 2640 163 54 tertij:
1447 2640 119 54 quia
1522 2640 134 54 motus
1611 2640 89 54 ad
1655 2640 104 54 vbi
1715 2640 104 54 non
1774 2640 134 54 inest
1848 2640 134 54 ratione

1128 2688 189 47 materiae,
1274 2688 102 47 sed
1332 2688 160 47 ratione
1434 2688 218 47 corporeitatis

1172 2724 69 52 p
1200 2724 180 52 Preterea,
1338 2724 138 52 arguit
1435 2724 111 52 iste
1504 2724 111 52 idem
1574 2724 166 52 diuisiue
1698 2724 111 52 sic.
1767 2724 83 52 Si
1809 2724 83 52 in
1850 2724 111 52 celo
1906 2724 69 52 es-

1130 2762 105 49 set
1190 2762 179 49 materia;
1324 2762 105 49 aut
1384 2762 120 49 illa
1459 2762 135 49 esset
1549 2762 164 49 eiuidem
1668 2762 179 49 rationis
1803 2762 105 49 cum
1847 2762 135 49 materia

1125 2804 165 45 istorum
1245 2804 225 45 inseriorum,
1425 2804 105 45 aut
1485 2804 180 45 alterius
1619 2804 195 45 rationis,
1769 2804 105 45 Sed
1829 2804 105 45 nec
1889 2804 120 45 sic,

1128 2846 102 47 nec
1187 2846 117 47 sic.
1260 2846 102 47 Non
1318 2846 117 47 enim
1391 2846 161 47 poterit
1508 2846 117 47 esse
1581 2846 175 47 alterius
1713 2846 190 47 rationis:
1859 2846 117 47 quia
1918 2846 58 47 iu

1138 2883 112 46 pura
1208 2883 168 46 potentia
1334 2883 126 46 nulla
1418 2883 126 46 cadit
1502 2883 196 46 distinctio
1657 2883 182 46 rationis.
1797 2883 126 46 Dicit
1881 2883 126 46 etiam

1145 2917 247 49 Commentator
1342 2917 99 49 in
1391 2917 99 49 12
1441 2917 181 49 metaph.
1573 2917 132 49 quod
1655 2917 181 49 materia
1786 2917 115 49 est
1852 2917 115 49 vna
1902 2917 82 49 om-

1137 2962 141 43 nium
1226 2962 229 43 habentium
1402 2962 123 43 eam
1472 2962 123 43 per
1543 2962 282 43 abnegationem
1772 2962 176 43 omnium
1878 2962 106 43 for-

1131 2995 148 50 marum.
1235 2995 89 50 Et
1279 2995 163 50 iterum,
1398 2995 89 50 si
1442 2995 163 50 propter
1561 2995 104 50 hoc
1620 2995 163 50 materia
1739 2995 119 50 celi
1813 2995 74 50 &
1843 2995 178 50 inferio

1143 3037 119 50 tun
1218 3037 193 50 poneretur
1366 3037 179 50 alterius
1500 3037 193 50 rationis,
1649 3037 89 50 eo
1694 3037 119 50 quod
1768 3037 89 50 ad
1813 3037 164 50 inuicem
1917 3037 74 50 non

1141 3076 120 51 sunt
1216 3076 285 51 transmutabilia,
1456 3076 120 51 tunc
1531 3076 120 51 pari
1607 3076 165 51 ratione
1727 3076 195 51 oporteret
1862 3076 120 51 ponero

1149 3111 105 55 pot
1209 3111 180 55 materias
1344 3111 211 55 diuersarum
1510 3111 195 55 rationum,
1660 3111 120 55 quot
1735 3111 120 55 sunt
1811 3111 150 55 partes
1901 3111 90 55 cae
