2403 3544
220 278 128 67 runt
300 278 160 67 genere
412 278 208 67 naturali,
573 278 96 67 vt
621 278 144 67 patet
717 278 96 67 1o
749 278 144 67 metaph-

307 338 204 48 Praeterea,
468 338 131 48 sicut
555 338 175 48 variatur
686 338 189 48 potentia,
832 338 102 48 sic
890 338 175 48 variatur
1007 338 102 48 mate-

240 383 124 41 ria:
318 383 109 41 sed
380 383 155 41 caelum
489 383 202 41 solummodo
644 383 140 41 habet
737 383 202 41 potentiam
892 383 93 41 ad
939 383 124 41 vbi;
1001 383 93 41 infe

235 421 141 44 riora
330 421 141 44 autem
424 421 157 44 habent
534 421 204 44 potentiam
691 421 94 44 ad
738 421 141 44 esse:
833 421 126 44 ergo
895 421 79 44 &c.

305 457 226 54 Praeterea,
483 457 242 54 philosophus
677 457 97 54 ro
725 457 162 54 metaph
838 457 162 54 dicit,
951 457 129 54 quod
1016 457 97 54 cor-

226 500 261 44 ruptibilium,
437 500 81 44 &
470 500 326 44 incorruptibilium
747 500 114 44 non
812 500 114 44 est
877 500 147 44 eadem
958 500 147 44 materia

269 540 81 46 4
301 540 212 46 Preterea,
464 540 228 46 Themistius
643 540 163 46 dicit,
757 540 98 46 vt
806 540 179 46 allegat
936 540 114 46 eum
985 540 114 46 Commu

240 579 128 52 tator
325 579 85 52 in
367 579 85 52 de
410 579 199 52 substantia
566 579 142 52 orbis,
665 579 113 52 quod
736 579 99 52 sol
793 579 71 52 &
821 579 128 52 luua,
906 579 71 52 &
935 579 128 52 aliae
1006 579 99 52 stel-

229 616 109 48 lae
292 616 109 48 aut
354 616 125 48 sunt
432 616 141 48 forma
526 616 109 48 non
589 616 94 48 in
635 616 187 48 materia,
776 616 109 48 aut
838 616 156 48 habent
932 616 172 48 materiam,

246 661 197 42 aequiuoce
397 661 106 42 cum
458 661 136 42 aliis
534 661 227 42 materialibus.

270 701 103 47 Sed
329 701 118 47 ista
403 701 103 47 non
462 701 207 47 intelligo:
625 701 118 47 quia
698 701 207 47 conmuniter
861 701 162 47 ponitur
979 701 74 47 a
994 701 103 47 docto

236 736 151 43 ribus,
341 736 75 43 &
372 736 136 43 etiam
462 736 121 43 isti
537 736 181 43 doctores
673 736 166 43 ponunt;
794 736 90 43 in
839 736 121 43 tota
914 736 136 43 rerum
989 736 121 43 vniuer

236 777 156 50 sitate
346 777 109 50 non
408 777 109 50 est
471 777 125 50 dare
549 777 125 50 duas
627 777 109 50 res
689 777 219 50 diuersarum
861 777 203 50 rationum,
1001 777 94 50 quam

240 812 151 54 omnino
346 812 212 54 aequaliter
512 812 166 54 distent
633 812 76 54 a
663 812 136 54 primo
754 812 212 54 principio:
920 812 106 54 sed
965 812 136 54 materie

227 853 230 47 superiorum
407 853 82 47 &
440 853 230 47 inferiorum
621 853 197 47 secundum
769 853 99 47 se
818 853 197 47 acceptae
966 853 115 47 per
1015 853 82 47 ne-

241 892 201 50 cessitatem
398 892 201 50 aequaliter
556 892 158 50 distant
670 892 72 50 a
699 892 115 50 Deo,
771 892 100 50 seu
828 892 72 50 a
857 892 129 50 primo
928 892 172 50 principio;

234 944 143 38 quia,
329 944 111 38 cum
393 944 207 38 quaelibet
552 944 143 38 earum
647 944 191 38 secundum
790 944 95 38 se
838 944 175 38 accepta
965 944 111 38 sit
1013 944 95 38 pura

236 972 187 49 potentia,
379 972 172 49 quelibet
509 972 172 49 distabit
638 972 72 49 a
667 972 115 49 puro
738 972 129 49 actu,
825 972 101 49 qui
882 972 101 49 est
940 972 129 49 Deus,
1011 972 101 49 tanta

235 1007 198 51 distantia,
390 1007 99 51 qua
447 1007 127 51 maior
532 1007 99 51 nec
588 1007 113 51 est,
659 1007 99 51 nec
715 1007 113 51 esse
786 1007 141 51 potest
885 1007 127 51 inter
970 1007 127 51 entia
1040 1007 57 51 po

238 1049 164 40 sitiua;
358 1049 149 40 igitur
462 1049 105 40 non
522 1049 164 40 possunt
642 1049 120 40 esse
716 1049 209 40 diuersarum
881 1049 179 40 rationum
1000 1049 105 40 secun

235 1088 100 51 dum
292 1088 86 51 se
335 1088 243 51 essentialiter
535 1088 229 51 differentes.
721 1088 86 51 Et
764 1088 114 51 ista
836 1088 100 51 est
893 1088 172 51 intentio
1007 1088 86 51 Auic

239 1128 129 49 primo
325 1128 100 49 li,
382 1128 244 49 sufficiantiae
583 1128 129 49 suae,
669 1128 100 49 vbi
727 1128 115 49 ait,
799 1128 115 49 Hvlc
870 1128 158 49 commune
985 1128 100 49 est
1028 1128 72 49 om-

233 1168 133 47 nibus
322 1168 74 47 &
352 1168 222 47 naturaliter
529 1168 207 47 generatis,
692 1168 74 47 &
722 1168 148 47 illis,
826 1168 118 47 quae
900 1168 118 47 sunt
974 1168 89 47 de
1003 1168 104 47 nume-

232 1206 104 56 ro
266 1206 243 56 perpetuorum.

271 1247 88 47 Ad
315 1247 147 47 primum
418 1247 191 47 dicendum,
565 1247 118 47 quod
639 1247 88 47 ex
683 1247 118 47 hoc,
756 1247 118 47 quod
830 1247 162 47 materia
947 1247 132 47 vnius
1021 1247 73 47 non

230 1287 111 50 est
294 1287 95 50 in
341 1287 191 50 potentia
485 1287 95 50 ad
532 1287 143 50 omnes
628 1287 175 50 formas,
755 1287 95 50 ad
803 1287 127 50 quas
882 1287 175 50 materia
994 1287 95 50 alte

233 1325 133 51 rius,
322 1325 103 51 non
381 1325 177 51 arguitur
513 1325 206 51 diuersitas
676 1325 221 51 essentialis
852 1325 221 51 materiarum,
1015 1325 88 51 quam

233 1369 110 44 uis
296 1369 126 44 bene
375 1369 188 44 arguatur
516 1369 188 44 diuersus
657 1369 141 44 modus
752 1369 157 44 earum,
861 1369 141 44 puta,
956 1369 126 44 quod
1018 1369 79 44 vna

237 1409 234 49 participet
421 1409 134 49 suam
505 1409 167 49 formam
622 1409 117 49 cum
689 1409 167 49 annexa
806 1409 234 49 priuatione
973 1409 117 49 forma

240 1449 202 41 opposite,
396 1449 124 41 alia
474 1449 124 41 vero
551 1449 124 41 sine
629 1449 233 41 priuatione,
815 1449 93 41 eo
862 1449 124 41 quod
940 1449 109 41 sua
986 1449 109 41 forma

233 1478 132 48 nulli
321 1478 146 48 alteri
424 1478 146 48 formae
526 1478 161 48 proprie
628 1478 220 48 contrariatur.

274 1515 186 47 Praeterea,
420 1515 80 47 si
460 1515 106 47 ista
526 1515 120 47 ratio
606 1515 120 47 esset
685 1515 199 47 sufficiens:
845 1515 106 47 tunc
911 1515 146 47 materia
1004 1515 93 47 vnius

232 1559 125 47 caeli
315 1559 125 47 esset
399 1559 166 47 alterius
523 1559 166 47 rationis
648 1559 69 47 a
676 1559 153 47 materia
787 1559 166 47 alterius
912 1559 139 47 caeli;
1009 1559 97 47 cum
1051 1559 55 47 ma

238 1599 124 46 teria
321 1599 124 46 vnius
404 1599 110 46 celi
473 1599 97 46 non
528 1599 97 46 sit
583 1599 83 46 in
625 1599 166 46 potentia
749 1599 83 46 ad
790 1599 138 46 formam
887 1599 166 46 alterius
997 1599 97 46 caeli

270 1640 100 45 Ad
320 1640 199 45 secundum
470 1640 216 45 dicendum,
636 1640 133 45 quod
719 1640 150 45 etiam
819 1640 150 45 modus
918 1640 133 45 ille
985 1640 116 45 defi-

234 1674 121 45 cit:
310 1674 121 45 quia
385 1674 167 45 quamuis
507 1674 197 45 principia
658 1674 182 45 formalia
795 1674 167 45 possint
916 1674 182 45 secundum
1037 1674 61 45 se

237 1716 177 50 differre,
373 1716 68 50 &
400 1716 122 50 inter
482 1716 95 50 se,
536 1716 68 50 &
563 1716 68 50 a
591 1716 190 50 principiis
740 1716 244 50 potentialibus,
944 1716 122 50 tamen
1012 1716 81 50 prit

244 1765 134 37 cipia
334 1765 119 37 pure
408 1765 224 37 potentialia
587 1765 179 37 secundum
722 1765 90 37 se
767 1765 239 37 considerata,
961 1765 134 37 nullo
1035 1765 60 37 mo

243 1792 93 54 do
289 1792 93 54 ab
336 1792 171 54 inuicem
460 1792 186 54 differre
584 1792 140 54 possunt

279 1832 95 53 Ad
327 1832 174 53 tertium
453 1832 205 53 dicendum,
611 1832 126 53 quod
690 1832 110 53 non
753 1832 174 53 oportet
879 1832 110 53 ea,
942 1832 126 53 quae
1005 1832 95 53 dif-

247 1873 141 42 ferunt
345 1873 141 42 genere
444 1873 183 42 naturali,
585 1873 169 42 differre
711 1873 84 42 in
753 1873 169 42 materia,
880 1873 113 42 sic,
950 1873 113 42 quod
1007 1873 84 42 eori

240 1924 185 42 materiae
378 1924 185 42 secundum
517 1924 123 42 suas
594 1924 200 42 essentias
747 1924 123 42 sint
824 1924 215 42 diuersarum
978 1924 108 42 ratio

234 1950 125 51 num,
313 1950 109 51 sed
375 1950 203 51 sufficit,
531 1950 125 51 quod
609 1950 172 51 habeant
735 1950 188 51 diuersum
875 1950 156 51 modum,
985 1950 94 51 vt
1016 1950 78 51 iam

233 1990 165 55 dictum
332 1990 83 55 est

273 2023 102 56 Ad
324 2023 187 56 quartum
460 2023 136 56 nego
545 2023 204 56 maiorem,
699 2023 136 56 quod
784 2023 119 56 non
852 2023 187 56 oportet
971 2023 119 56 varia

225 2068 89 49 ri
270 2068 178 49 materiam
403 2068 267 49 essentialiter:
626 2068 104 49 sed
685 2068 178 49 sufficit
818 2068 178 49 variatio
952 2068 119 49 modi
1011 2068 89 49 mate

228 2117 161 50 ralis;
341 2117 129 50 illa
421 2117 129 50 enim
502 2117 193 50 potentia
646 2117 113 50 non
711 2117 113 50 est
775 2117 193 50 essentia
904 2117 161 50 materiae

235 2145 107 65 cum
296 2145 107 65 sit
357 2145 169 65 quaedam
480 2145 184 65 carentia
618 2145 169 65 illius,
741 2145 184 65 respectu
879 2145 138 65 cuius
956 2145 138 65 dicitur

206 2187 184 59 potentia

275 2225 106 47 Ad
328 2225 195 47 quintum
470 2225 89 47 &
506 2225 177 47 sextum
630 2225 231 47 dicendum,
807 2225 160 47 eodem
914 2225 160 47 modo.
1002 2225 89 47 Dic

243 2274 103 39 tur
302 2274 118 39 enim
376 2274 118 39 alia
449 2274 162 39 materia
567 2274 221 39 caelestium,
744 2274 74 39 &
773 2274 221 39 inferiorum,
950 2274 74 39 &
965 2274 132 39 dicitur

238 2313 220 42 aequiuoce
407 2313 186 42 propter
542 2313 237 42 praedictos
728 2313 152 42 modos
830 2313 220 42 huiusmodi
982 2313 118 42 mate-

233 2344 126 52 riis
312 2344 253 52 competentes,
518 2344 111 52 his
581 2344 142 52 tamen
676 2344 142 52 modis
770 2344 79 52 &
802 2344 174 52 omnibus
928 2344 158 52 formis
1023 2344 79 52 cir

236 2388 241 42 cumscriptis,
432 2388 135 42 nulla
522 2388 196 42 appareret
673 2388 226 42 differentia
853 2388 135 42 inter
928 2388 166 42 essentiam

234 2425 137 50 illius
330 2425 178 50 materiae,
467 2425 68 50 &
481 2425 109 50 istius

285 2468 105 47 Ad
337 2468 245 47 argumentum
529 2468 245 47 principale
722 2468 192 47 dicedum
862 2468 105 47 ad
897 2468 157 47 maiorem

320 2501 112 59 quod
390 2501 141 59 illud,
489 2501 112 59 quod
559 2501 98 59 fit
615 2501 84 59 ex
657 2501 155 59 aliquo,
770 2501 98 59 non
826 2501 169 59 oportet,
939 2501 84 59 quod

363 2543 104 46 sit
423 2543 89 46 eo
467 2543 193 46 posterius
616 2543 208 46 duratione:
780 2543 104 46 sed
824 2543 149 46 sufficit

398 2583 120 50 quod
473 2583 105 50 sit
533 2583 90 50 eo
579 2583 196 50 posterius
729 2583 166 50 natura.
850 2583 90 50 Ad
880 2583 60 50 mi

434 2620 151 54 norem
535 2620 219 54 dicendum,
703 2620 185 54 quamuis
821 2620 84 54 for

474 2658 108 52 mae
535 2658 108 52 via
597 2658 247 52 generationis
782 2658 93 52 pro-

518 2697 151 52 ductae
624 2697 166 52 propric
729 2697 91 52 sint

549 2737 177 53 eductae
677 2737 96 53 de
710 2737 96 53 mate

584 2774 101 62 ria:
647 2774 101 62 quia
698 2774 50 62 ge

592 2821 143 42 nerans

260 2848 113 76 tum
325 2848 113 76 sit
389 2848 146 76 agens
487 2848 211 76 naturale,
649 2848 243 76 presupponit
843 2848 211 76 materiam:
989 2848 81 76 hoc

337 2894 135 57 tamen
427 2894 105 57 non
487 2894 164 57 oportet
606 2894 150 57 dicere
711 2894 90 57 de
756 2894 150 57 formis
860 2894 105 57 per
905 2894 90 57 cre-

363 2932 177 50 tionem
487 2932 248 50 productis;
682 2932 142 50 quia
770 2932 177 50 creans
877 2932 88 50 non

430 2969 277 66 praesupponit
655 2969 225 66 materiam:
828 2969 121 66 sed

466 3008 192 70 creando
605 3008 244 70 compositum
779 3008 87 70 si-

497 3051 121 57 mul
566 3051 155 57 ereat
652 3051 190 57 materiam,

528 3090 98 54 &
568 3090 215 54 formam:
704 3090 98 54 er-

591 3129 136 62 go
637 3129 113 62 &c.

1190 371 635 65 DISTINCTIO
1643 371 272 65 SIIL

1192 496 225 81 Preuissima
1368 496 144 81 huius
1465 496 289 81 distinctionis,
1705 496 176 81 duisio,
1834 496 96 81 in
1866 496 80 81 qua

1290 552 109 72 de
1344 552 236 72 distincta
1526 552 163 72 verum
1616 552 236 72 corporalium

1382 605 209 64 creatione
1542 605 177 64 incipit
1655 605 96 64 per

1470 654 186 54 tractari.

1363 805 134 64 RIMA
1447 805 286 64 distinctionis
1683 805 202 64 operatio
1834 805 118 64 &c.
1884 805 101 64 Post

1385 855 132 51 quam
1467 855 198 51 Magister
1616 855 264 51 determinanit
1830 855 99 51 de
1863 855 132 51 corpo-

1370 896 189 46 ralium
1502 896 170 46 rerum
1616 896 227 46 communi,
1786 896 95 46 &
1805 896 189 46 quodammo

1389 936 92 49 do
1435 936 229 49 indistincta
1618 936 214 49 creatione;
1786 936 107 49 hic
1832 936 153 49 prosequi

1384 973 105 47 tur
1444 973 90 47 de
1489 973 135 47 earum
1579 973 255 47 distinctione,
1790 973 105 47 seu
1835 973 165 47 distincta

1387 1015 233 51 productione.
1577 1015 87 51 Et
1621 1015 189 51 diuiditur
1766 1015 87 51 in
1810 1015 117 51 tres
1868 1015 117 51 partes

1137 1038 108 66 Nam
1198 1038 138 66 primo
1290 1038 215 66 determinat
1459 1038 92 66 de
1506 1038 200 66 creatione
1659 1038 154 66 lucis,
1767 1038 123 66 quae
1844 1038 108 66 est
1890 1038 92 66 puri

1136 1088 128 43 sima
1216 1088 145 43 rerum
1313 1088 257 43 corporaliter
1521 1088 257 43 productarum.
1730 1088 177 43 Secundo
1859 1088 96 43 de
1891 1088 96 43 pro-

1137 1127 187 43 ductione
1278 1127 141 43 rerum
1372 1127 266 43 inanimatarum.
1590 1127 94 43 Et
1637 1127 156 43 tertio
1747 1127 94 43 de
1778 1127 203 43 productioni

1136 1168 145 45 rerum
1233 1168 210 45 viuentium
1394 1168 113 45 seu
1459 1168 242 45 animatarum.
1652 1168 177 45 Secunda
1781 1168 177 45 incipit
1894 1168 97 45 ibi,

1137 1203 139 47 Dixit
1229 1203 155 47 quoque
1338 1203 139 47 Deus.
1431 1203 155 47 Tertia
1539 1203 124 47 ibi,
1616 1203 139 47 Dixit
1709 1203 139 47 etiam
1802 1203 139 47 Deus.
1880 1203 108 47 Prima

1126 1242 93 47 in
1172 1242 140 47 duas;
1265 1242 109 47 Nam
1327 1242 140 47 primo
1420 1242 171 47 tractat
1544 1242 93 47 de
1591 1242 140 47 lucis
1684 1242 217 47 creatione.
1839 1242 140 47 Secundi

1136 1284 143 44 tangit
1236 1284 143 44 aliqua
1336 1284 86 44 de
1378 1284 114 44 eius
1450 1284 171 44 creatore
1578 1284 114 44 ibi,
1650 1284 186 44 Praeterea
1778 1284 200 44 inuestigandi

1134 1326 118 41 est.
1208 1326 132 41 prima
1296 1326 88 41 in
1340 1326 132 41 tres.
1429 1326 103 41 Nam
1487 1326 132 41 primo
1576 1326 162 41 tractat
1693 1326 88 41 de
1738 1326 132 41 lucis
1811 1326 162 41 productio

1125 1361 104 43 ne.
1184 1361 163 43 Secundo
1303 1361 89 43 de
1348 1361 119 43 eius
1422 1361 208 43 multiplici
1585 1361 222 43 conditione.
1763 1361 148 43 Tertio
1866 1361 89 43 de
1896 1361 89 43 eiua

1130 1404 157 47 effectu
1244 1404 71 47 &
1272 1404 214 47 operatione.
1443 1404 143 47 Secuda
1543 1404 114 47 ibi,
1614 1404 86 47 Si
1657 1404 185 47 quaeritur
1800 1404 157 47 qualis.
1899 1404 86 47 Ter-

1136 1443 96 42 tia
1191 1443 110 42 ibi,
1260 1443 96 42 Hic
1314 1443 164 42 notandum
1437 1443 123 42 est.:
1520 1443 82 42 Et
1561 1443 110 42 haec
1629 1443 82 42 in
1670 1443 123 42 tres,
1752 1443 110 42 quia
1821 1443 123 42 primo
1889 1443 96 42 osten

1134 1480 108 39 dit
1195 1480 169 39 quomodo
1318 1480 108 39 lux
1380 1480 123 39 illa
1457 1480 108 39 suo
1519 1480 123 39 motu
1596 1480 185 39 causabat
1734 1480 123 39 diem
1796 1480 185 39 artificia-

1142 1517 109 48 em,
1205 1517 78 48 &
1236 1517 171 48 noctem.
1360 1517 171 48 Secundo
1484 1517 93 48 ex
1531 1517 124 48 illa
1608 1517 124 48 luce
1686 1517 186 48 ostendit
1810 1517 171 48 naturalit

1134 1557 148 47 dierum
1238 1557 178 47 ordinem.
1371 1557 89 47 Et
1416 1557 148 47 tertio
1520 1557 148 47 mouet,
1623 1557 74 47 &
1653 1557 148 47 soluit
1757 1557 178 47 duplicem
1875 1557 104 47 quae-

1127 1601 165 46 stionem.
1251 1601 151 46 Secunda
1361 1601 110 46 ibi,
1430 1601 96 46 Hic
1485 1601 96 46 est
1540 1601 193 46 naturalis.
1692 1601 138 46 Tertia
1788 1601 110 46 ibi,
1857 1601 124 46 Solet
1926 1601 55 46 at

1129 1638 101 57 tem
1186 1638 159 57 quaeri.
1302 1638 130 57 Circa
1388 1638 144 57 istam.
1490 1638 101 57 13.
1547 1638 130 57 dist.
1634 1638 144 57 quaero
1735 1638 116 57 hanc
1793 1638 202 57 quaestionem.

1407 1770 310 73 Questio.
1614 1770 103 73 I.

1316 1900 107 88 An
1370 1900 160 88 lumen
1476 1900 107 88 in
1530 1900 160 88 medio
1637 1900 125 88 sit
1690 1900 107 88 for-

1460 1968 98 66 ma
1509 1968 179 66 realis.

1152 2380 155 50 VTRVM
1255 2380 155 50 lumen
1359 2380 103 50 in
1410 2380 155 50 medio
1514 2380 121 50 sit
1583 2380 155 50 forma
1686 2380 190 50 realis.
1824 2380 103 50 Et
1858 2380 121 50 vide-

1143 2398 102 65 tur
1202 2398 116 65 quod
1274 2398 116 65 sic:
1347 2398 116 65 quia
1420 2398 175 65 effectus
1551 2398 145 65 realis
1652 2398 102 65 est
1711 2398 131 65 causa
1798 2398 145 65 reali,
1900 2398 102 65 sed
1943 2398 44 65 a

1122 2455 156 47 lumine
1232 2455 187 47 impresso
1372 2455 78 47 a
1403 2455 125 47 sole
1481 2455 125 47 sunt
1560 2455 141 47 omnes
1653 2455 250 47 generationes
1841 2455 141 47 istorum

1126 2499 232 51 inferiorum;
1311 2499 124 51 ergo
1373 2499 77 51 &c.

1164 2533 165 48 Contra,
1284 2533 135 48 omnis
1374 2533 135 48 forma
1464 2533 165 48 realis,
1585 2533 120 48 quae
1660 2533 105 48 per
1720 2533 135 48 actum
1810 2533 165 48 agentis
1915 2533 60 48 ni

1129 2577 114 43 tur:
1200 2577 114 43 alis
1271 2577 100 43 est
1329 2577 86 43 in
1371 2577 157 43 aliquo,
1486 2577 171 43 oportet,
1614 2577 114 43 quod
1685 2577 171 43 realiter
1814 2577 171 43 educatur
1928 2577 57 43 de

1127 2615 178 51 potentia
1260 2615 163 51 illius,
1379 2615 89 51 in
1423 2615 104 51 quo
1483 2615 118 51 est;
1557 2615 104 51 sed
1616 2615 133 51 lumen
1705 2615 104 51 non
1764 2615 178 51 educitur
1897 2615 89 51 de
1927 2615 59 51 po

1128 2664 148 42 tentia
1232 2664 148 42 medii:
1336 2664 119 42 quia
1410 2664 89 42 si
1454 2664 178 42 realiter
1588 2664 208 42 educeretur
1751 2664 89 42 de
1795 2664 178 42 potentia
1914 2664 59 42 me

1129 2694 116 47 dii;
1202 2694 116 47 tunc
1275 2694 145 47 caelum
1377 2694 189 47 recipiens
1522 2694 131 47 lumen
1609 2694 73 47 a
1638 2694 116 47 sole
1711 2694 131 47 esset
1784 2694 189 47 alterabile-

1122 2735 82 45 &
1154 2735 278 45 transmutabile
1383 2735 98 45 ad
1432 2735 180 45 formam:
1562 2735 82 45 &
1595 2735 212 45 pateretur
1758 2735 229 45 peregrinas
1922 2735 65 45 im

1137 2775 221 42 pressiones,
1314 2775 118 42 quae
1387 2775 132 42 omnia
1476 2775 118 42 sunt
1549 2775 147 42 falsa,
1652 2775 103 42 cum
1711 2775 132 42 ipsum
1799 2775 147 42 caelum
1888 2775 88 42 seci

1129 2810 109 48 dum
1192 2810 234 48 philosophum
1379 2810 109 48 sit
1441 2810 156 48 primum
1551 2810 187 48 alterans
1691 2810 265 48 inalterabile.
1894 2810 78 48 Hi-

1127 2850 172 54 videnda
1253 2850 125 54 sunt
1331 2850 204 54 quattuor.
1488 2850 141 54 Primo
1581 2850 141 54 vtrum
1675 2850 110 54 lux
1738 2850 94 54 in
1769 2850 204 54 supercelest

1128 2889 96 44 bus
1183 2889 69 44 &
1211 2889 124 44 istis
1293 2889 220 44 inferioribus
1472 2889 96 44 sit
1528 2889 151 44 eiusdem
1638 2889 179 44 rationis,
1775 2889 165 44 Secundo,
1886 2889 96 44 vtrum

1130 2925 144 43 lumen
1226 2925 192 43 causatum
1370 2925 80 43 a
1402 2925 128 43 luce
1482 2925 112 43 tam
1546 2925 240 43 superiorum,
1738 2925 128 43 quam
1802 2925 176 43 inferiori

1130 2966 101 45 sit
1187 2966 130 45 forma
1274 2966 144 45 realis
1375 2966 101 45 vel
1433 2966 260 45 intentionalis.
1650 2966 159 45 Tertio,
1765 2966 130 45 vtrum
1838 2966 144 45 educatur

1123 3004 94 45 de
1170 3004 187 45 potentia
1311 3004 156 45 medii.
1420 3004 94 45 Et
1467 3004 172 45 quarto,
1592 3004 141 45 vtrum
1685 3004 125 45 duae
1763 3004 156 45 formae
1857 3004 125 45 inten-

1126 3047 182 47 tionales
1262 3047 121 47 solo
1338 3047 152 47 numero
1445 3047 243 47 differentes,
1642 3047 106 47 vel
1703 3047 137 47 etiam
1794 3047 76 47 a
1809 3047 167 47 contrarii

1130 3087 191 55 obiectis
1274 3087 223 55 deriuatae,
1449 3087 175 55 possint
1576 3087 143 55 simul
1672 3087 128 55 esse
1752 3087 96 55 in
1800 3087 143 55 eadem
1879 3087 112 55 parte

1116 3124 132 63 medij
