2387 3536
541 319 320 82 RES
678 319 412 82 OLVTIO.

414 431 163 57 Quamquam
537 431 95 57 lux
591 431 217 57 superioribus
767 431 81 57 &r
808 431 217 57 inferioribus
985 431 176 57 conuenit,
1120 431 163 57 aequiuo¬

438 463 82 52 ce
479 463 122 52 tamen
561 463 109 52 siue
629 463 177 52 analogice
764 463 82 52 de
805 463 163 52 vtrisque
927 463 204 52 enintiatur,
1090 463 109 52 quae
1158 463 95 52 cum
1199 463 68 52 sit

442 514 125 44 ratio
526 514 167 44 videndi,
651 514 167 44 visumque
776 514 97 44 quo
832 514 97 44 quo
887 514 111 44 modo
957 514 181 44 terminet,
1096 514 70 44 &
1124 514 139 44 realis
1207 514 56 44 e-

436 548 92 68 int
489 548 185 68 entionalis
634 548 119 68 forma
713 548 106 68 esse
766 548 171 68 perhibetur.

467 631 663 62 ARTICVLVSI.

441 711 147 88 Vtrum
539 711 114 88 lux
604 711 98 88 in
653 711 163 88 supere
767 711 212 88 elestibus
930 711 82 88 &
963 711 147 88 istis
1044 711 180 88 inferiari

631 782 116 68 bus
697 782 116 68 sit
746 782 297 68 euisdemrationis.

479 844 192 76 VANTVM
613 844 115 76 ad
671 844 192 76 primum
806 844 173 76 dico,
921 844 154 76 quod
998 844 115 76 non-

517 894 79 69 1
549 894 127 69 Quia
628 894 111 69 ea,
691 894 127 69 quae
770 894 206 69 differunt
929 894 174 69 venere,
1055 894 127 69 sunt
1119 894 142 69 diuersa

414 956 104 48 rum
474 956 193 48 rationum:
622 956 104 48 lux
682 956 134 48 solis
771 956 74 48 &
800 956 104 48 lux
860 956 149 48 ignis,
964 956 119 48 siue
1038 956 223 48 cuiuscumque
1202 956 59 48 a-

408 983 146 53 terius
510 983 102 53 rei
569 983 175 53 sphaerae
700 983 190 53 actiuorum
846 983 73 53 &
875 983 219 53 passiuorum,
1050 983 190 53 differunt
1181 983 73 53 ge-

412 1022 129 55 nere,
498 1022 144 55 saltem
598 1022 187 55 naturali:
742 1022 115 55 quia
814 1022 230 55 corruptibile
1000 1022 72 55 &
1029 1022 215 55 incorruptit
1187 1022 72 55 ili

413 1066 196 53 differunt
564 1066 166 53 genere,
685 1066 91 53 vt
730 1066 136 53 patet
821 1066 91 53 1o
851 1066 136 53 metaph-

449 1107 72 51 2
477 1107 202 51 Praeterea,
636 1107 159 51 formae,
751 1107 115 51 quae
823 1107 101 51 sic
881 1107 87 51 se
924 1107 159 51 habent,
1040 1107 115 51 quod
1112 1107 101 51 per
1155 1107 101 51 inten

405 1147 165 51 sionem
520 1147 148 51 vnius
619 1147 181 51 numquam
750 1147 231 51 peruenitur
932 1147 99 51 ad
981 1147 264 51 perfectionem
1179 1147 82 51 al-

418 1183 154 51 terius,
530 1183 126 51 illae
614 1183 98 51 non
670 1183 112 51 sunt
740 1183 154 51 eiusdem
852 1183 182 51 rationis:
991 1183 98 51 sed
1047 1183 98 51 per
1089 1183 182 51 intensionem

419 1222 146 47 lucis
516 1222 146 47 rerum
614 1222 227 47 inferiorum
792 1222 179 47 numquam
922 1222 227 47 peruenitur
1101 1222 97 47 ad
1133 1222 130 47 perse-

408 1265 162 58 ctionem
526 1265 132 58 lucis
599 1265 147 58 solaris.

445 1301 72 53 3
473 1301 202 53 Praeterea,
632 1301 115 53 ista
704 1301 158 53 videtur
819 1301 115 53 esse
891 1301 173 53 intentio
1020 1301 187 53 Auerrois,
1164 1301 101 53 qui
1207 1301 58 53 in

409 1342 89 43 de
454 1342 209 43 substantia
618 1342 134 43 orbis
707 1342 89 43 ex
752 1342 194 43 sententia
901 1342 194 43 Themistij
1050 1342 119 43 ait,
1125 1342 119 43 quod
1184 1342 75 43 qui

413 1386 144 49 cumque
513 1386 115 49 sunt
585 1386 86 49 in
628 1386 216 49 caelestibus
801 1386 216 49 corporibus,
973 1386 72 49 &
1002 1386 86 49 in
1045 1386 129 49 istis
1117 1386 144 49 inferio-

410 1421 155 50 ribus,
518 1421 201 50 aequiuoce
673 1421 93 50 se
704 1421 139 50 habent.

433 1457 101 45 Sed
490 1457 101 45 hic
548 1457 144 45 posset
649 1457 173 45 instari;
778 1457 115 45 quia
850 1457 130 45 illa,
937 1457 115 45 quae
1009 1457 86 45 in
1052 1457 115 45 sunt
1110 1457 158 45 aliquibus

417 1498 188 46 secundum
559 1498 157 46 eandem
668 1498 188 46 naturam,
810 1498 110 46 non
873 1498 157 46 insunt
982 1498 110 46 eis
1045 1498 220 46 aequiuoce:
1218 1498 78 46 &

427 1535 168 46 videntur
553 1535 112 46 esse
623 1535 154 46 eiusdem
734 1535 182 46 rationis;
874 1535 98 46 sed
930 1535 182 46 luciditas
1069 1535 126 46 inest
1139 1535 126 46 celesti

416 1578 129 47 bus,
496 1578 80 47 &
528 1578 257 47 inferioribus
737 1578 193 47 secundum
882 1578 129 47 vnam
963 1578 193 47 naturam.
1107 1578 113 47 Nam
1172 1578 96 47 2.
1204 1578 64 47 de

416 1615 139 52 anima
508 1615 139 52 dicit
601 1615 247 52 philosophus,
802 1615 124 52 quod
879 1615 108 52 nec
941 1615 124 52 aqua
1019 1615 186 52 secundum
1158 1615 93 52 se
1189 1615 77 52 ess

420 1656 153 50 lucida,
531 1656 97 50 nec
587 1656 97 50 aer
642 1656 97 50 per
697 1656 83 50 se
739 1656 97 50 est
795 1656 166 50 lucidus,
919 1656 97 50 sed
975 1656 153 50 quoniam
1086 1656 153 50 videtur
1183 1656 83 50 eade

417 1700 150 56 natura
522 1700 90 56 in
567 1700 120 56 his,
642 1700 75 56 &
672 1700 90 56 in
716 1700 180 56 perpetuo
836 1700 135 56 corpore

460 1724 219 54 Respondeo,
633 1724 125 54 quod
711 1724 172 54 quamuis
836 1724 125 54 illa
915 1724 266 54 diaphaneitas,
1118 1724 157 54 secundum

430 1771 111 54 quam
500 1771 125 54 inest
583 1771 181 54 luciditas
722 1771 222 54 caelestibus,
903 1771 69 54 &
930 1771 236 54 inferioribus,
1125 1771 83 54 de
1167 1771 97 54 qua
1208 1771 56 54 lo

413 1807 149 60 quitur
518 1807 239 60 philosophus,
712 1807 105 60 sit
772 1807 135 60 eadem
861 1807 194 60 analogia,
1011 1807 105 60 vel
1071 1807 149 60 genere
1160 1807 105 60 logi-

414 1859 105 38 co;
474 1859 165 38 differt
594 1859 135 38 tamen
684 1859 150 38 genere
789 1859 195 38 naturali:
938 1859 165 38 propter
1058 1859 120 38 quod
1133 1859 105 38 sua
1178 1859 90 38 iden

417 1888 129 52 titas
503 1888 100 52 non
560 1888 144 52 arguit
661 1888 230 52 sufficienter
847 1888 86 52 ea
890 1888 115 52 esse
962 1888 158 52 eiusdem
1077 1888 187 52 rationis,
1206 1888 72 52 vel

422 1930 105 60 non
482 1930 120 60 esse
557 1930 210 60 aequiuoca,
722 1930 120 60 quae
798 1930 150 60 insunt
903 1930 180 60 secundum
1038 1930 105 60 cam

518 2035 631 67 ARTICVLVS
954 2035 194 67 II

436 2133 170 77 Vtrum
549 2133 170 77 lumen
663 2133 227 77 causatum
833 2133 94 77 d
870 2133 151 77 luce
965 2133 132 77 tam
1021 2133 227 77 siperiorum

535 2184 132 68 quam
618 2184 232 68 inferiorum
800 2184 116 68 sit
867 2184 149 68 forma
966 2184 182 68 realis,
1082 2184 66 68 e-

737 2240 257 58 intentionalis.

455 2348 190 66 VANTVM
588 2348 114 66 ad
645 2348 229 66 secundum
817 2348 248 66 articulum
1007 2348 171 66 primo
1103 2348 171 66 recita

435 2412 113 36 bo
492 2412 245 36 quorundam
680 2412 226 36 doctorum
850 2412 264 36 opiniones,
1058 2412 132 36 qui
1133 2412 113 36 in
1171 2412 94 36 ha-

433 2439 170 46 materia
556 2439 108 46 per
618 2439 170 46 extrema
741 2439 293 46 contradictionis
988 2439 231 46 discordant.
1157 2439 108 46 Secun

429 2478 96 48 do
477 2478 144 48 istam
573 2478 223 48 discordiam
748 2478 208 48 temperabo
908 2478 239 48 aliqualiter
1099 2478 112 48 per
1147 2478 128 48 mediam

433 2522 238 47 positionem.
623 2522 95 47 Et
671 2522 158 47 tertio
782 2522 222 47 respondebo
956 2522 95 47 ad
1004 2522 158 47 motiua
1099 2522 174 47 vtriusque

436 2558 190 57 opinionis
568 2558 160 57 extremae.

456 2604 191 41 Quantum
595 2604 104 41 ad
647 2604 174 41 primum
768 2604 139 41 sunt
855 2604 174 41 quidam
977 2604 226 41 sollemnes
1133 2604 139 41 docto-

429 2639 108 49 res
490 2639 200 49 dicentes,
644 2639 123 49 quod
721 2639 139 49 lumen
814 2639 92 49 in
860 2639 139 49 medio
952 2639 108 49 non
1014 2639 108 49 est
1076 2639 139 49 ferma
1153 2639 123 49 realis

426 2674 107 51 sed
471 2674 229 51 intentionalis

469 2714 81 49 1
501 2714 130 49 Quia
583 2714 147 49 lumen
681 2714 212 49 immediate
843 2714 228 49 contingens
1023 2714 212 49 pupillam,
1186 2714 81 49 a
1202 2714 65 49 vi

419 2752 89 47 su
464 2752 223 47 percipitur,
642 2752 104 47 sed
701 2752 134 47 nulla
790 2752 148 47 realis
894 2752 178 47 qualitas
1028 2752 193 47 immediate
1161 2752 119 47 posita

419 2794 132 50 supra
508 2794 162 50 aliquem
625 2794 162 50 sensum,
743 2794 206 50 percipitur
905 2794 88 50 ab
949 2794 118 50 illo
1023 2794 147 50 sensu,
1126 2794 118 50 quia
1185 2794 88 50 seci

431 2834 115 47 dum
496 2834 247 47 philosophum
694 2834 214 47 sensibile
859 2834 181 47 positum
991 2834 148 47 supra
1090 2834 165 47 sensum
1189 2834 82 47 non

430 2872 149 47 facit
512 2872 132 47 sensum

462 2910 76 44 2
492 2910 213 44 Praeterea,
660 2910 137 44 nihil
751 2910 122 44 dat,
828 2910 122 44 quod
904 2910 107 44 non
965 2910 152 44 habet,
1072 2910 107 44 sed
1133 2910 137 44 lumen
1209 2910 76 44 dat

432 2953 197 50 coloribus
584 2953 121 50 esse
659 2953 243 50 intentionale
857 2953 91 50 in
902 2953 152 50 medio:
1009 2953 121 50 ergo
1069 2953 61 50 &c

473 2991 73 48 3
503 2991 203 48 Praeterea,
662 2991 174 48 qualitas
793 2991 145 48 realis
895 2991 160 48 remanet
1011 2991 87 48 in
1055 2991 174 48 subiecto
1185 2991 87 48 in
1214 2991 73 48 ab-

431 3031 158 39 sentia
542 3031 252 39 producentis:
747 3031 110 39 sed
810 3031 142 39 lumen
904 3031 110 39 non
968 3031 142 39 manet
1062 3031 95 39 in
1109 3031 158 39 medio,
1204 3031 79 39 ab-

431 3066 141 49 sente
510 3066 219 49 illuminante,

443 3104 74 55 4
473 3104 207 55 Praeterea,
635 3104 148 55 forma,
739 3104 118 55 quae
812 3104 177 55 causatur
945 3104 89 55 ex
990 3104 222 55 refractione
1152 3104 133 55 radiori

1289 255 238 79 incidentium
1480 255 95 79 ad
1527 255 175 79 aliquod
1654 255 159 79 corpus
1765 255 238 79 terminatum,
1956 255 111 79 est
2003 255 159 79 intentio

1292 318 149 48 nalis,
1396 318 74 48 &
1426 318 104 48 non
1486 318 164 48 realis:
1605 318 134 48 lumen
1694 318 89 48 in
1739 318 134 48 medio
1828 318 104 48 est
1888 318 209 48 huiusmodi.
2052 318 134 48 Maior

1299 360 147 58 patet,
1402 360 118 58 quia
1476 360 132 58 alias
1564 360 162 58 colores
1681 360 88 58 in
1725 360 147 58 lride,
1828 360 73 58 &
1858 360 132 58 imago
1946 360 88 58 in
1990 360 162 58 speculo
2093 360 73 58 es-

1297 399 116 50 sent
1369 399 145 50 formae
1456 399 130 50 reales.

1301 437 81 54 3
1333 437 209 54 Preterea,
1494 437 97 54 si
1543 437 145 54 lumen
1639 437 145 54 esset
1736 437 145 54 forma
1833 437 177 54 realis:
1961 437 129 54 tunc
2042 437 113 54 non
2090 437 97 54 pos-

1296 477 104 50 set
1356 477 104 50 per
1415 477 134 50 totum
1504 477 148 50 medium
1608 477 238 50 multiplicari
1801 477 89 50 in
1846 477 178 50 instanti
1979 477 193 50 consequen
2113 477 74 50 per

1287 516 107 50 tia
1348 516 153 50 patet:
1455 516 122 50 quia
1531 516 92 50 ad
1577 516 275 50 introductionem
1806 516 153 50 formae
1912 516 153 50 realis
2019 516 183 50 requiri¬
2141 516 46 50 u

1290 557 99 51 tur
1346 557 226 51 transmutatio
1530 557 141 51 realis
1628 557 141 51 ipsius
1727 557 183 51 subiecti,
1868 557 113 51 quae
1939 557 99 51 non
1995 557 141 51 potest
2080 557 71 51 fie

1290 600 91 49 ri
1335 600 227 49 naturaliter
1516 600 91 49 in
1562 600 196 49 instanti.
1713 600 181 49 Falsitas
1849 600 136 49 autem
1939 600 257 49 consequentis,

1299 638 170 47 quamuis
1422 638 108 47 sit
1484 638 124 47 nota
1562 638 124 47 apud
1639 638 232 47 Aristotelem
1825 638 77 47 &
1856 638 170 47 ceteros
1964 638 201 47 peripateti.

1298 676 120 44 cos,
1373 676 149 44 Auctor
1477 676 135 44 tamen
1567 676 239 44 perspectiuae
1761 676 149 44 tenet,
1866 676 120 44 quod
1926 676 224 44 multiplicatio

1290 715 168 56 luminis
1412 715 122 56 fiat
1488 715 92 56 in
1534 715 183 56 tempore,
1671 715 168 56 quamuis
1793 715 137 56 illud
1885 715 153 56 tempus
1991 715 107 56 sit
2037 715 122 56 imper-

1293 755 201 40 ceptibile,
1451 755 115 40 quia
1523 755 130 40 sicut
1609 755 115 40 ipse
1681 755 144 40 dicit,
1782 755 144 40 citius
1883 755 158 40 videtur
1998 755 144 40 medium
2084 755 72 40 ba-

1290 793 104 52 sis
1350 793 104 52 rei
1409 793 208 52 visibilis,
1573 793 119 52 quam
1647 793 164 52 extrema
1766 793 208 52 videantur:
1930 793 104 52 eo,
1989 793 119 52 quod
2049 793 104 52 linea

1294 836 203 40 visualis
1447 836 186 40 breuior
1582 836 119 40 sit
1650 836 102 40 ad
1701 836 186 40 medium,
1836 836 136 40 quam
1921 836 102 40 ad
1972 836 203 40 extrema.

1313 872 109 53 Sed
1376 872 141 53 istud
1470 872 109 53 non
1532 872 156 53 valet,
1641 872 125 53 quia
1720 872 141 53 dato,
1813 872 125 53 quod
1891 872 141 53 illud
1985 872 156 53 tempus
2079 872 78 53 es-

1301 910 105 53 set
1361 910 269 53 imperceptibile
1585 910 90 53 in
1630 910 105 53 vno
1690 910 165 53 stadio;
1810 910 90 53 in
1855 910 135 53 mille
1945 910 135 53 tamen
2019 910 135 53 stadiis

1296 952 150 39 fieret
1401 952 254 39 perceptibile,
1610 952 75 39 &
1640 952 150 39 maxime
1745 952 90 39 ab
1790 952 120 39 ortu
1865 952 135 39 solis
1954 952 135 39 vsque
2044 952 90 39 ad
2074 952 90 39 ocus

1299 991 104 52 lum
1358 991 163 52 nostrum
1477 991 133 52 tanta
1565 991 133 52 esset
1654 991 207 52 durationis
1817 991 237 52 interceptio,
2009 991 118 52 quae
2083 991 104 52 non

1300 1029 138 50 posset
1397 1029 97 50 nos
1439 1029 125 50 latere,

1331 1067 138 46 Probo
1422 1067 153 46 igitur
1529 1067 214 46 falsitatem
1697 1067 153 46 illius
1804 1067 244 46 consequentis
2003 1067 122 46 sic.
2064 1067 107 46 Quan-

1288 1107 205 49 documque
1441 1107 222 49 subiectum
1612 1107 205 49 perfecte
1766 1107 239 49 dispositum
1953 1107 102 49 in
2004 1107 136 49 omni
2073 1107 85 49 iua

1301 1148 132 36 parte
1389 1148 176 36 praesens
1521 1148 147 36 fuerit
1624 1148 147 36 agenti
1726 1148 234 36 sufficienter
1917 1148 161 36 potenti
2019 1148 147 36 inducere

1296 1192 155 33 formam
1404 1192 186 33 aliquam,
1543 1192 124 33 tunc
1620 1192 139 33 talis
1713 1192 139 33 forma
1806 1192 155 33 subito
1914 1192 217 33 inducitur,
2085 1192 77 33 &
2100 1192 62 33 in

1294 1225 183 46 instanti.
1435 1225 113 46 lsta
1505 1225 141 46 patet:
1604 1225 113 46 quia
1674 1225 155 46 duratio
1787 1225 169 46 temporis
1914 1225 99 46 non
1970 1225 211 46 requiritur,

1291 1272 115 48 nisi
1362 1272 100 48 vel
1420 1272 158 48 propter
1535 1272 273 48 insufficientiam
1764 1272 172 48 agentis,
1894 1272 100 48 vel
1951 1272 158 48 propter
2052 1272 100 48 indis

1308 1303 205 43 positionem
1469 1303 190 43 subiecti:
1616 1303 117 43 quae
1689 1303 146 43 quidem
1791 1303 190 43 disposito
1938 1303 205 43 necessario
2084 1303 73 43 ha-

1289 1346 114 38 bet
1354 1346 147 38 fieri
1452 1346 114 38 per
1517 1346 163 38 motum,
1632 1346 82 38 &
1664 1346 327 38 transmutationem,
1942 1346 82 38 &
1974 1346 114 38 per
2023 1346 131 38 conse-

1298 1383 134 54 quens
1387 1383 104 54 non
1447 1383 119 54 sine
1522 1383 179 54 tempore:
1656 1383 104 54 sed
1715 1383 104 54 aer
1775 1383 164 54 serenus
1894 1383 179 54 praesens
2028 1383 119 54 soli
2088 1383 74 54 est

1298 1430 179 44 perfecte
1432 1430 209 44 dispositus
1597 1430 90 44 in
1641 1430 119 44 omni
1716 1430 105 44 sua
1776 1430 134 44 parte
1865 1430 90 44 ad
1910 1430 224 44 receptionem
2074 1430 75 44 lu-

1289 1463 151 55 minis,
1394 1463 75 55 &
1424 1463 105 55 sol
1485 1463 105 55 est
1545 1463 135 55 agens
1635 1463 211 55 sufficiens
1801 1463 90 55 ad
1846 1463 196 55 inducedum
1996 1463 135 55 talem
2072 1463 90 55 for-

1290 1497 128 53 mam
1363 1497 147 53 ergo
1436 1497 92 53 &c.

1364 1528 216 69 Praeterea,
1533 1528 93 69 in
1580 1528 139 69 rebus
1672 1528 247 69 inferioribus
1873 1528 139 69 omnis
1965 1528 154 69 realis
2058 1528 108 69 forma

1291 1580 219 47 sensibilis
1463 1580 141 47 habet
1557 1580 234 47 contrarium:
1744 1580 109 47 sed
1807 1580 141 47 lumen
1900 1580 109 47 non
1963 1580 141 47 habet
2041 1580 125 47 contra

1297 1620 134 51 rium;
1387 1620 119 51 ergo
1461 1620 105 51 non
1521 1620 105 51 est
1581 1620 149 51 realis
1670 1620 105 51 forma

1330 1654 132 50 Alij
1413 1654 149 50 autem
1512 1654 215 50 oppositam
1678 1654 165 50 partem
1794 1654 182 50 probant
1909 1654 83 50 sic

1337 1692 77 53 1
1367 1692 138 53 Forma
1459 1692 261 53 intentionalis
1674 1692 107 53 non
1736 1692 153 53 potest
1843 1692 153 53 habere
1951 1692 169 53 effectu
2058 1692 92 53 rea-

1301 1735 123 52 lem:
1377 1735 108 52 sed
1439 1735 138 52 lumen
1531 1735 92 52 in
1577 1735 138 52 medio
1670 1735 138 52 habet
1762 1735 184 52 effectum
1900 1735 169 52 realem:
2023 1735 123 52 quia
2085 1735 61 52 c-

1303 1776 163 48 lefacit,
1426 1776 68 48 &
1453 1776 177 48 incendit;
1589 1776 136 48 radiij
1684 1776 109 48 enim
1752 1776 122 48 solis
1834 1776 163 48 refracti
1957 1776 122 48 super
2025 1776 122 48 specule

1296 1819 183 44 concauo
1430 1819 217 44 incendunt
1597 1819 167 44 ignem.
1713 1819 100 44 Et
1763 1819 250 44 confirmatur
1964 1819 117 44 per
2014 1819 133 44 Auicen

1316 1856 84 52 ui
1358 1856 112 52 ait,
1428 1856 112 52 quod
1498 1856 154 52 corpora
1609 1856 182 52 caelestia
1749 1856 98 52 per
1805 1856 126 52 lucem
1889 1856 84 52 ab
1931 1856 126 52 ipsis
2000 1856 154 52 deriuatam

1305 1891 131 55 agunt
1393 1891 87 55 in
1436 1891 116 55 haec
1495 1891 175 55 inferiora.

1331 1931 80 48 2
1363 1931 223 48 Praeterea,
1538 1931 143 48 forma
1634 1931 271 48 intentionalis
1857 1931 112 48 non
1921 1931 207 48 denominat
2064 1931 96 48 suum

1308 1973 211 48 subiectum:
1474 1973 106 48 non
1534 1973 121 48 enim
1610 1973 106 48 aer
1670 1973 166 48 dicitur
1791 1973 196 48 coloratus
1942 1973 75 48 a
1972 1973 196 48 speciebus
2108 1973 60 48 in

1302 2015 251 48 tentionalibus
1509 2015 177 48 colorum,
1641 2015 118 48 quae
1715 2015 118 48 sunt
1789 2015 88 48 in
1833 2015 133 48 ipso;
1921 2015 103 48 sed
1980 2015 74 48 a
2010 2015 147 48 lumine
2098 2015 74 48 aer

1301 2048 171 51 dicitur
1410 2048 218 51 illuminatus.

1333 2092 74 48 3
1363 2092 206 48 Praeterea,
1525 2092 103 48 cum
1584 2092 133 48 lumen
1672 2092 133 48 solis
1760 2092 103 48 sit
1819 2092 280 48 intentionaliter
2055 2092 88 48 in
2084 2092 74 48 non

1307 2111 126 66 stris
1391 2111 169 66 sensibus
1518 2111 239 66 interioribus,
1714 2111 98 66 sit
1771 2111 84 66 ab
1813 2111 98 66 eo,
1869 2111 112 66 quod
1939 2111 98 66 aer
1995 2111 126 66 solum
2066 2111 98 66 inte-

1301 2178 214 43 tionaliter
1469 2178 168 43 haberet
1591 2178 153 43 lumen,
1698 2178 199 43 diceretur
1851 2178 214 43 luminosus,
2003 2178 153 43 sequere-

1304 2210 109 53 tur
1367 2210 156 53 etiam,
1476 2210 125 53 quod
1554 2210 187 53 cerebrum
1695 2210 172 53 nostrum
1820 2210 78 53 a
1851 2210 125 53 tali
1929 2210 172 53 luminis
2038 2210 125 53 inten-

1307 2251 147 40 tione
1405 2251 213 40 diceretur
1552 2251 197 40 luminosum.

1344 2286 104 46 His
1404 2286 224 46 Praemissis,
1583 2286 149 46 potest
1687 2286 194 46 distingui
1837 2286 90 46 de
1881 2286 254 46 intentionali,
2090 2286 104 46 Nam

1302 2325 239 61 intentionale
1496 2325 164 61 dicitur
1616 2325 239 61 originaliter
1810 2325 75 61 a
1840 2325 135 61 tendo
1930 2325 164 61 tendis,
2049 2325 90 61 eo
2079 2325 90 61 quod

1311 2372 124 49 psum
1389 2372 155 49 habeat
1498 2372 124 49 adeo
1576 2372 155 49 debile
1685 2372 140 49 esse,
1778 2372 124 49 quod
1856 2372 187 49 potentia
1980 2372 171 49 cognitius

1319 2412 161 46 roprie
1432 2412 113 46 non
1496 2412 226 46 terminatur
1673 2412 97 46 ad
1722 2412 161 46 ipsum:
1835 2412 113 46 sed
1899 2412 113 46 per
1964 2412 145 46 ipsum
2044 2412 113 46 tendu

1311 2442 81 49 in
1352 2442 149 49 alterum
1460 2442 108 49 srin
1528 2442 162 49 obiectu.
1650 2442 81 49 Et
1690 2442 108 49 ideo
1758 2442 108 49 spes
1825 2442 122 49 rerum
1907 2442 203 49 sensibiliu,
2069 2442 68 49 &
2082 2442 68 49 max

1302 2488 83 50 me
1344 2488 152 50 colorum
1454 2488 124 50 pprie
1537 2488 110 50 sunt
1606 2488 248 50 intentionales:
1812 2488 110 50 quia
1881 2488 97 50 ita
1936 2488 124 50 visus
2019 2488 97 50 per
2060 2488 97 50 ipsas

1305 2528 138 54 tendit
1402 2528 83 54 in
1443 2528 166 54 colores,
1568 2528 69 54 &
1595 2528 97 54 per
1651 2528 124 54 ipsas
1734 2528 124 54 videt
1817 2528 166 54 colores,
1941 2528 97 54 scu
1996 2528 97 54 res
2038 2528 124 54 colora-

1310 2559 132 58 tas,
1392 2559 132 58 quod
1474 2559 148 58 tamen
1573 2559 148 58 ipsas
1672 2559 148 58 nullo
1771 2559 132 58 modo
1853 2559 165 58 videt.
1968 2559 148 58 Cumen
2051 2559 115 58 autem

1301 2600 96 60 in
1349 2600 112 60 hoc
1413 2600 191 60 conuenit
1556 2600 112 60 cum
1620 2600 175 60 talibus
1747 2600 223 60 speciebus,
1923 2600 128 60 quod
2003 2600 112 60 per
2050 2600 112 60 lumen

1308 2640 179 60 tendimus
1442 2640 89 60 in
1487 2640 179 60 colores.
1621 2640 89 60 In
1665 2640 104 60 hoc
1725 2640 134 60 tamen
1814 2640 134 60 lumen
1903 2640 164 60 differt
2022 2640 89 60 ab
2052 2640 104 60 ipsis

1303 2678 219 52 speciebus,
1476 2678 125 52 quia
1554 2678 172 52 quamuis
1679 2678 141 52 visus
1773 2678 110 52 non
1836 2678 219 52 terminetur
2008 2678 125 52 adeo
2071 2678 94 52 pro-

1314 2723 115 49 prie
1385 2723 86 49 ad
1428 2723 129 49 lumen
1514 2723 172 49 existens
1643 2723 86 49 in
1686 2723 143 49 medio,
1786 2723 129 49 sicut
1872 2723 86 49 ad
1915 2723 172 49 colores:
2044 2723 115 49 quia
2102 2723 57 49 lu

1313 2768 105 47 men
1373 2768 166 47 proprie
1494 2768 105 47 non
1554 2768 181 47 videtur,
1689 2768 120 47 nisi
1765 2768 90 47 ad
1810 2768 166 47 aliquid
1930 2768 226 47 terminetur:
2096 2768 75 47 ta-

1302 2805 116 39 men
1369 2805 149 39 lumen
1468 2805 165 39 aliquo
1584 2805 132 39 modo
1667 2805 199 39 videtur,
1815 2805 132 39 quod
1898 2805 99 39 de
1948 2805 215 39 speciebus
2097 2805 66 39 di

1310 2836 132 61 cere
1392 2836 115 61 non
1458 2836 214 61 possumus.
1622 2836 99 61 Et
1672 2836 132 61 ideo
1754 2836 148 61 lumen
1853 2836 165 61 aliquo
1968 2836 132 61 modo
2034 2836 132 61 potest

1312 2876 122 57 dici
1388 2876 138 57 forma
1480 2876 275 57 intentionalis,
1709 2876 138 57 prout
1801 2876 138 57 habet
1893 2876 260 57 conuenientiam
2092 2876 76 57 cum

1314 2916 164 56 talibus
1433 2916 208 56 speciebus,
1597 2916 74 56 &
1627 2916 149 56 aliquo
1731 2916 119 56 modo
1805 2916 134 56 forma
1894 2916 164 56 realis,
2013 2916 134 56 prout
2088 2916 74 56 ex-

1302 2955 136 63 cedit
1393 2955 136 63 tales
1483 2955 166 63 species
1604 2955 91 63 in
1649 2955 106 63 eo,
1710 2955 121 63 quod
1785 2955 91 63 ad
1831 2955 136 63 ipsum
1921 2955 151 63 aliquo
2027 2955 121 63 modo
2087 2955 76 63 ter

1320 2993 163 46 minatur
1439 2993 163 46 notitia
1543 2993 163 46 sensitiua

1347 3032 152 66 Potest
1453 3032 137 66 etiam
1544 3032 137 66 dici,
1635 3032 122 66 quod
1711 3032 167 66 quaedam
1833 3032 122 66 sunt
1909 3032 167 66 formae,
2030 3032 122 66 quae
2091 3032 76 66 con

1317 3083 163 48 ueniunt
1436 3083 104 48 cum
1495 3083 148 48 formis
1599 3083 148 48 suorum
1703 3083 252 48 efficientium,
1911 3083 74 48 &
1940 3083 163 48 quantum
2059 3083 89 48 ad
2089 3083 74 48 mo-

1313 3116 117 61 dum
1380 3116 201 61 essendi,
1531 3116 84 61 &
1564 3116 184 61 quantum
1698 3116 100 61 ad
1748 3116 150 61 modum
1848 3116 184 61 agendi.
1982 3116 150 61 Aliae
2066 3116 100 61 sunt
