2420 3534
229 254 151 67 earum
330 254 101 67 ad
381 254 185 67 inuicem
515 254 101 67 in
566 254 286 67 propinquitate
801 254 84 67 &
835 254 235 67 remotione.
1003 254 84 67 Hio

237 319 184 47 quattuor
375 319 123 47 sunt
452 319 184 47 videnda.
590 319 138 47 Primo
682 319 138 47 vtrum
775 319 138 47 motus
867 319 138 47 caeli
959 319 108 47 sit
1005 319 77 47 ips

229 362 126 44 caelo
313 362 196 44 naturalis.
467 362 154 44 Secundo
579 362 84 44 de
621 362 84 44 eo
663 362 126 44 quoed
746 362 196 44 quaeritur.
900 362 140 44 Tertio
984 362 98 44 vtrun

224 392 173 50 habeant
350 392 235 50 influentiam
538 392 141 50 super
632 392 173 50 liberum
758 392 220 50 arbitrium.
930 392 94 50 Et
962 392 125 50 quarto

224 436 143 41 vtrum
319 436 174 41 aliquod
446 436 158 41 caelum
557 436 158 41 habeat
668 436 238 41 influentiam
858 436 158 41 realem
968 436 95 41 in
1000 436 95 41 haec

224 471 222 59 inferiora,
399 471 111 59 non
462 471 191 59 obstante
605 471 127 59 quod
685 471 143 59 ipsum
780 471 191 59 immobile
907 471 175 59 permaneat

366 581 313 91 RES
500 581 403 91 OLVTIO.

219 697 108 51 Etfi
286 697 121 51 caeli
366 697 121 51 motus
447 697 175 51 naturalis
582 697 108 51 dici
649 697 134 51 possit
743 697 81 51 ob
783 697 175 51 naturalem
904 697 175 51 habilitatem

268 751 113 48 quam
339 751 127 48 habet
423 751 141 48 caelum
522 751 85 48 ad
565 751 127 48 talem
650 751 141 48 motum:
749 751 99 48 non
805 751 127 48 tamen
890 751 85 48 ob
932 751 85 48 id
961 751 127 48 natura-

263 780 78 46 us
302 780 155 46 dicitur,
418 780 104 46 quod
483 780 168 46 effectiue
613 780 65 46 a
639 780 117 46 forma
716 780 104 46 sibi
781 780 181 46 intrinseca
924 780 168 46 causetur;
1040 780 39 46 I

263 819 129 53 quidem
353 819 219 53 intelligentia
533 819 154 53 sphaerae
649 819 167 53 assistat,
778 819 90 53 non
829 819 90 53 aut
881 819 77 53 em
920 819 154 53 informet
1023 819 51 53 Ve

266 858 94 46 rum
319 858 135 46 caelum
414 858 121 46 ipsum
495 858 135 46 realem
589 858 121 46 habet
670 858 162 46 actionem
791 858 121 46 circa
872 858 108 46 haec
926 858 162 46 inferiora,

273 892 134 61 libero
366 892 160 61 avbitrio
487 892 147 61 excepto
593 892 80 61 in
634 892 107 61 quod
700 892 147 61 directe
807 892 120 61 agere
888 892 134 61 vmquam
968 892 120 61 potest.

310 977 658 70 ARTICVLVSI

319 1062 132 80 trum
402 1062 149 80 motus
501 1062 132 80 celi
584 1062 116 80 sit
650 1062 132 80 ipsi
732 1062 132 80 colo
798 1062 182 80 natiralis

221 1172 214 69 SVANTVM
376 1172 117 69 ad
434 1172 194 69 primum
571 1172 272 69 praemitto,
784 1172 175 69 primo
901 1172 156 69 vnam
979 1172 97 69 di-

224 1215 286 47 stinctionem,
456 1215 107 47 ex
510 1215 125 47 qua
582 1215 197 47 secundo
725 1215 197 47 eliciam
868 1215 143 47 duas
939 1215 143 47 conclu

215 1259 156 43 siones.
329 1259 142 43 Distin
428 1259 114 43 ctio
499 1259 128 43 talis
584 1259 114 43 est,
656 1259 114 43 quod
727 1259 128 43 motum
812 1259 128 43 caeli
897 1259 114 43 esse
954 1259 128 43 natura-

219 1295 105 50 lem
279 1295 120 50 ipsi
354 1295 120 50 celo
429 1295 210 50 dupliciter
594 1295 150 50 potest
699 1295 210 50 intelligi.
864 1295 105 50 Vno
924 1295 135 50 modo,
999 1295 75 50 quo

222 1343 99 45 pro
278 1343 127 45 tanto
363 1343 156 45 dicatur
477 1343 127 45 talis
561 1343 127 45 motus
646 1343 113 45 ipsi
717 1343 127 45 caelo
802 1343 198 45 naturalis,
958 1343 113 45 quia
1014 1343 71 45 fit

214 1383 148 37 aforma
318 1383 222 37 intrinseca,
495 1383 74 37 &
525 1383 177 37 naturali
658 1383 148 37 ipsius
761 1383 133 37 caeli
850 1383 207 37 effectiue.
997 1383 89 37 Alio

219 1414 148 41 modo,
317 1414 132 41 quod
400 1414 148 41 ipsum
499 1414 165 41 caelum
614 1414 214 41 naturalem
779 1414 231 41 habilitate
944 1414 132 41 habeat

216 1453 106 48 ad
269 1453 159 48 talem
375 1453 176 48 motum.
498 1453 123 48 Quo
569 1453 106 48 ad
622 1453 176 48 primum
745 1453 194 48 membrum
886 1453 176 48 istius
992 1453 88 48 di-

225 1491 238 45 stinctionis
416 1491 127 45 pono
495 1491 254 45 conclusionem
701 1491 222 45 negatiuam,
876 1491 111 45 quo
939 1491 95 45 ad
971 1491 111 45 secun

220 1531 123 53 dum
291 1531 140 53 pono
361 1531 245 53 affirmatiuam

267 1569 158 42 Primam
378 1569 253 42 conclusionem
583 1569 142 42 probo
678 1569 126 42 sic.
757 1569 95 42 Si
804 1569 142 42 motus
899 1569 142 42 caeli
978 1569 110 42 esset

218 1613 183 47 effectiue
359 1613 71 47 a
387 1613 127 47 forma
472 1613 113 47 sibi
542 1613 212 47 intrinseca,
711 1613 71 47 &
740 1613 183 47 naturali:
881 1613 99 47 vel
937 1613 99 47 hoc
979 1613 99 47 essei

219 1662 105 38 pro
279 1662 150 38 tanto,
384 1662 120 38 quia
460 1662 211 38 principium
625 1662 135 38 talis
715 1662 135 38 motus
805 1662 135 38 esset
896 1662 135 38 forma
971 1662 105 38 corpe

232 1699 164 40 reitatis
356 1699 137 40 ipsius
451 1699 137 40 caeli,
547 1699 96 40 vel
602 1699 110 40 quod
670 1699 110 40 ipsa
739 1699 246 40 intelligentia,
944 1699 110 40 quam
999 1699 82 40 dici

223 1728 109 46 mus
286 1728 172 46 motorem
411 1728 156 46 caeli,
520 1728 140 46 esset
613 1728 203 46 coniuncta
769 1728 125 46 ipsi
847 1728 140 46 caelo
925 1728 156 46 secundum

225 1773 139 42 esse,
317 1773 124 42 sibi
395 1773 139 42 dando
488 1773 124 42 esse
565 1773 201 42 animatum,
720 1773 77 42 &
751 1773 108 42 per
813 1773 217 42 consequens
968 1773 108 42 moue-

232 1808 101 40 ri,
289 1808 101 40 sed
347 1808 101 40 nec
405 1808 115 40 sic,
477 1808 101 40 nec
535 1808 173 40 sic:ergo
664 1808 87 40 &c
708 1808 130 40 Maior
794 1808 144 40 patet:
895 1808 159 40 minorem
996 1808 87 40 pro-

230 1849 114 43 bo,
295 1849 131 43 quia
377 1849 98 43 si
426 1849 147 43 primo
524 1849 147 43 modo:
622 1849 131 43 tunc
704 1849 114 43 vel
769 1849 147 43 celum
867 1849 180 43 numquam
982 1849 98 43 mous

224 1893 161 45 retur,
336 1893 112 45 vel
401 1893 209 45 moueretur
561 1893 96 45 in
609 1893 209 45 instanti.
770 1893 112 45 Nam
834 1893 128 45 omne
914 1893 161 45 tempus
1011 1893 64 45 re

238 1930 174 43 quisitum
369 1930 87 43 in
413 1930 131 43 motu,
500 1930 102 43 vel
558 1930 203 43 requiritur
717 1930 160 43 propter
833 1930 232 43 resistentiam
1007 1930 73 43 mo-

230 1963 141 49 bilis
324 1963 94 49 ad
371 1963 188 49 motorem,
512 1963 141 49 sicut
606 1963 94 49 in
653 1963 125 49 motu
731 1963 219 49 animalium:
903 1963 110 49 vel
950 1963 141 49 propter

224 2001 249 41 resistentiam
427 2001 140 41 medij
520 2001 140 41 sicut
614 2001 93 41 in
661 2001 125 41 motu
738 2001 171 41 grauium
863 2001 78 41 &
894 2001 171 41 leuium.
1003 2001 78 41 Sec

224 2042 85 49 in
266 2042 114 49 motu
337 2042 199 49 caelestium
494 2042 128 49 nulla
579 2042 99 49 est
636 2042 213 49 resistentia
806 2042 142 49 medij,
906 2042 85 49 vt
948 2042 85 49 de
991 2042 85 49 se
1019 2042 57 49 pa

226 2079 118 50 tet,
300 2079 103 50 nec
359 2079 103 50 est
418 2079 221 50 resistentia
595 2079 162 50 mobilis
713 2079 89 50 ad
757 2079 177 50 motorem,
890 2079 118 50 quia
964 2079 118 50 sola
1023 2079 59 50 ma

212 2120 131 50 teria
300 2120 102 50 non
358 2120 131 50 facit
445 2120 87 50 in
489 2120 160 50 talibus
605 2120 160 50 aliquam
721 2120 247 50 resistentiam:
925 2120 131 50 sicut
998 2120 87 50 appa

215 2156 108 49 ret
276 2156 93 49 de
323 2156 155 49 graui,
431 2156 124 49 quod
509 2156 93 49 in
555 2156 139 49 vacuo
648 2156 108 49 vbi
710 2156 155 49 nullam
819 2156 170 49 haberet
927 2156 155 49 reusten-

225 2197 117 51 tiam
299 2197 146 51 medij,
401 2197 190 51 moueretur
547 2197 88 51 in
591 2197 190 51 instanti;
738 2197 102 51 sed
796 2197 117 51 isto
869 2197 146 51 posito
972 2197 102 51 non
1016 2197 73 51 es-

230 2240 106 47 set
290 2240 136 47 maior
381 2240 227 47 resistentia
562 2240 166 47 mobilis
683 2240 91 47 ad
728 2240 166 47 motorem
849 2240 91 47 in
895 2240 151 47 caelo,
1000 2240 121 47 quam

219 2285 102 44 sit
278 2285 87 44 in
321 2285 117 44 ipso
394 2285 146 44 graui.
496 2285 102 44 Nec
555 2285 146 44 potest
657 2285 117 44 dari
729 2285 189 44 secundum,
875 2285 131 44 puta,
962 2285 117 44 quod
1021 2285 58 44 in

231 2314 218 44 telligetia,
406 2314 116 44 quam
479 2314 203 44 appellamus
638 2314 160 44 motorem
755 2314 145 44 caeli,
856 2314 102 44 sit
915 2314 145 44 forma,
1002 2314 87 44 siue

232 2352 134 56 anima
321 2352 149 56 caeli:
425 2352 104 56 nam
485 2352 104 56 cum
544 2352 223 56 intellectus
722 2352 74 56 &
752 2352 178 56 voluntas
886 2352 149 56 ipsius
975 2352 104 56 intel

230 2395 192 52 ligentiae
378 2395 192 52 fundentur
525 2395 192 52 immediate
672 2395 88 52 in
717 2395 177 52 essentia
849 2395 133 52 eius:
938 2395 147 52 igitur
1026 2395 59 52 si

229 2434 257 47 intelligentia
441 2434 212 47 formaliter
607 2434 106 47 per
668 2434 197 47 essentiam
819 2434 121 47 suam
894 2434 136 47 esset
970 2434 121 47 coniun

224 2470 110 47 cta
287 2470 126 47 ipsi
366 2470 157 47 caelo,
476 2470 126 47 tunc
555 2470 110 47 non
618 2470 236 47 contingeret
807 2470 157 47 caelum
917 2470 94 47 in
948 2470 142 47 mouendo

228 2509 211 48 immediate
390 2509 113 48 per
455 2509 243 48 intellectum
649 2509 81 48 &
682 2509 243 48 voluntatem,
876 2509 113 48 sed
925 2509 162 48 mediante

233 2557 201 41 essentia:
387 2557 170 41 propter
511 2557 124 41 quod
589 2557 201 41 oporteret
743 2557 279 41 intelligentiam
960 2557 124 41 moueri

227 2590 146 47 caelum
330 2590 175 47 mediante
461 2590 146 47 aliqua
564 2590 175 47 organica
695 2590 175 47 virtute,
827 2590 132 47 sicut
915 2590 88 47 de
958 2590 132 47 facto
1032 2590 58 47 vi

232 2628 138 53 demus
324 2628 92 53 in
370 2628 138 53 nobis
462 2628 92 53 de
508 2628 138 53 anima
601 2628 215 53 rationali;
770 2628 77 53 &
801 2628 108 53 per
862 2628 215 53 consequens
1016 2628 77 53 mo-

229 2667 104 43 tus
288 2667 133 43 caeli
377 2667 104 43 non
436 2667 148 43 posset
540 2667 222 43 perpetuari,
717 2667 118 43 quia
791 2667 148 43 virtus
895 2667 192 43 immediate
1028 2667 59 43 mo

233 2710 105 40 tiua
299 2710 132 40 ipsius
391 2710 118 40 caeli
470 2710 184 40 necessario
614 2710 184 40 lassarctur

236 2742 91 49 Et
281 2742 243 49 confirmatur,
479 2742 122 49 quia
555 2742 137 49 forma
647 2742 274 49 intellectualis
875 2742 198 49 immedtate
1012 2742 76 49 con

226 2784 163 55 iuncta
340 2784 180 55 corpori
471 2784 114 55 per
536 2784 213 55 essentiam
700 2784 147 55 tenet
798 2784 180 55 insimum
929 2784 163 55 gradum
1027 2784 65 55 in

235 2824 143 53 genere
335 2824 299 53 intelligentiarum:
591 2824 143 53 igitur
691 2824 128 53 celum
776 2824 100 53 non
833 2824 157 53 differt
947 2824 143 53 specic
1033 2824 57 53 ab

235 2862 155 48 homine,
348 2862 113 48 quia
419 2862 99 48 non
475 2862 155 48 possent
588 2862 113 48 dari
659 2862 113 48 duae
730 2862 170 48 species,
857 2862 127 48 cuius
927 2862 170 48 vtriusquen

238 2902 138 57 forma
330 2902 169 57 teneret
452 2902 153 57 gradum
560 2902 169 57 infimum
683 2902 92 57 in
729 2902 153 57 genere
821 2902 276 57 intelligibilium.

273 2941 94 51 In
320 2941 126 51 ista
399 2941 173 51 materia
525 2941 157 51 quidam
635 2941 157 51 doctor
745 2941 157 51 multum
855 2941 142 51 dubie
934 2941 157 51 loquitur

232 2981 177 54 attamen
360 2981 177 54 quantum
489 2981 96 54 ex
537 2981 161 54 dictis
649 2981 128 54 suis
730 2981 193 54 apparet,
874 2981 145 54 magis
954 2981 145 54 videtur

233 3021 207 51 affirmare,
396 3021 118 51 quod
470 3021 251 51 intelligentia
676 3021 103 51 sit
735 3021 133 51 anima
824 3021 177 51 corporis
942 3021 148 51 caelesti

233 3069 217 41 viuificans
404 3069 155 41 ipsum:
513 3069 78 41 &
544 3069 124 41 quod
621 3069 109 41 non
684 3069 140 41 solum
777 3069 171 41 vniatur
901 3069 124 41 sibi
978 3069 109 41 per
1025 3069 62 41 mo

233 3099 112 50 tum,
303 3099 126 50 sicut
387 3099 154 50 figulus
498 3099 168 50 iungitur
624 3099 140 50 rotae.
722 3099 84 50 Et
764 3099 126 50 haec,
848 3099 84 50 vt
889 3099 140 50 dicit,
987 3099 98 50 non
1029 3099 56 50 vi

1126 258 146 72 dentur
1228 258 73 72 a
1257 258 116 72 side
1330 258 204 72 dissonare,
1490 258 102 72 sed
1548 258 131 72 magis
1636 258 175 72 videntur
1767 258 131 72 sequi
1854 258 87 72 ex
1898 258 116 72 his,

1119 319 123 60 quae
1195 319 138 60 sides
1272 319 107 60 tenet

1198 358 122 55 Quia
1274 358 153 55 caelum
1381 358 107 55 est
1443 358 138 55 causa
1534 358 199 55 aliquorum
1687 358 230 55 animatorum,
1871 358 77 55 &
1886 358 92 55 ipsa

1114 399 87 49 in
1158 399 116 49 esse
1231 399 204 49 conseruat,
1391 399 116 49 quod
1464 399 146 49 facere
1566 399 102 49 non
1624 399 146 49 posset
1726 399 102 49 sua
1769 399 204 49 corporeitas.

1132 442 73 42 2
1162 442 204 42 Praeterea,
1322 442 146 42 probat
1424 442 117 42 ipse
1497 442 117 42 idem
1570 442 117 42 sic,
1643 442 117 42 quia
1716 442 87 42 in
1759 442 131 42 caelo
1832 442 146 42 apparent

1117 476 195 46 virtutes,
1267 476 120 46 quae
1342 476 105 46 non
1402 476 165 46 possunt
1522 476 150 46 reduci
1628 476 90 46 in
1673 476 255 46 corporeitatem
1868 476 105 46 celi-

1118 515 153 46 Oriens
1225 515 122 46 enim
1301 515 137 46 habet
1392 515 198 46 specialem
1545 515 198 46 virtutem,
1697 515 107 46 cum
1758 515 137 46 ipsum
1850 515 107 46 sit
1896 515 76 46 dex

1116 553 140 47 trum,
1210 553 78 47 &
1241 553 186 47 occidens
1365 553 186 47 sinistrum,

1193 591 130 48 Item,
1279 591 145 48 aliqua
1381 591 145 48 virtus
1482 591 101 48 est
1540 591 87 48 in
1584 591 130 48 polis
1671 591 72 48 :
1700 591 130 48 polus
1787 591 116 48 enim
1845 591 130 48 articus

1111 629 149 53 trahit
1215 629 149 53 actum,
1320 629 89 53 vt
1365 629 164 53 apparet
1484 629 89 53 in
1529 629 224 53 experimento
1708 629 194 53 nautarum.
1857 629 89 53 Et
1887 629 89 53 alia

1120 673 98 43 est
1176 673 141 43 virtus
1275 673 155 43 eiusdem
1387 673 155 43 stelle,
1500 673 98 43 cum
1556 673 141 43 fuerit
1655 673 84 43 in
1697 673 127 43 alia,
1781 673 70 43 &
1809 673 113 43 alia
1866 673 98 43 domo-

1124 716 124 49 gitur
1207 716 152 49 necesse
1317 716 110 49 est,
1386 716 83 49 vt
1428 716 124 49 dicit
1511 716 110 49 iste
1580 716 152 49 doctor,
1690 716 110 49 quod
1759 716 124 49 tales
1828 716 138 49 virtutes

1118 750 195 46 deriuentur
1272 750 70 46 a
1299 750 112 46 celo
1369 750 84 46 in
1411 750 154 46 virtute
1523 750 140 46 animae
1621 750 112 46 sibi
1676 750 126 46 vnitae.

1202 789 195 51 praeterea,
1356 789 84 51 si
1398 789 112 51 non,
1467 789 112 51 tunc
1537 789 140 51 corpus
1635 789 168 51 caeleste
1761 789 98 51 non
1816 789 126 51 esset
1886 789 84 51 cor-

1111 827 113 51 pus
1176 827 211 51 physicum,
1338 827 113 51 sed
1402 827 275 51 mathematicum,
1629 827 130 51 quia
1710 827 113 51 non
1775 827 146 51 esset
1872 827 97 51 in
1904 827 65 51 eo

1112 868 220 50 principium
1269 868 157 50 naturale

1180 905 205 49 Praeterea,
1342 905 147 49 aliter
1444 905 103 49 non
1503 905 176 49 apparet,
1635 905 161 49 quomodo
1752 905 176 49 spiritus
1869 905 88 49 cae-

1110 948 142 41 lestes
1209 948 128 41 possi
1295 948 85 41 nt
1337 948 142 41 mouere
1437 948 142 41 corpus
1522 948 157 41 caeleste.

1151 981 93 49 Et
1198 981 140 49 istud
1291 981 140 49 dicit
1384 981 124 49 esse
1462 981 93 49 de
1509 981 217 49 intentione
1679 981 248 49 Comentatoris
1881 981 78 49 &
1897 981 62 49 Ar

1117 1023 192 42 stotelis.
1265 1023 133 42 Dicit
1354 1023 118 42 enim
1428 1023 222 42 Commentator
1606 1023 89 42 in
1650 1023 89 42 de
1695 1023 207 42 substantia
1843 1023 118 42 orbis;

1107 1062 120 44 quod
1182 1062 150 44 corpus
1287 1062 180 44 caeleste
1423 1062 105 44 est
1483 1062 165 44 materia
1603 1062 180 44 animarum
1738 1062 226 44 caelestium.
1904 1062 60 44 Et

1111 1103 86 45 in
1154 1103 129 45 eodem
1239 1103 129 45 libro
1325 1103 114 45 ait,
1397 1103 114 45 quod
1468 1103 143 45 corpus
1569 1103 172 45 caeleste
1697 1103 100 45 est
1755 1103 172 45 simplex,
1883 1103 72 45 &
1898 1103 57 45 ni

1107 1143 259 40 transmutabile
1320 1143 92 40 ab
1366 1143 153 40 aliquo
1473 1143 229 40 extrinseco:
1656 1143 122 40 ideo
1732 1143 107 40 non
1793 1143 168 40 indiget
1900 1143 61 40 in

1113 1182 102 40 suo
1172 1182 117 40 esse
1245 1182 131 40 anima
1333 1182 205 40 sensibili,
1493 1182 102 40 nec
1552 1182 234 40 imaginatiua,
1742 1182 102 40 sed
1800 1182 146 40 tantum
1888 1182 58 40 in

1116 1219 143 46 diget
1212 1219 143 46 anima
1307 1219 175 46 mouente
1435 1219 96 46 in
1483 1219 143 46 loco.
1578 1219 96 46 Et
1626 1219 112 46 12.
1690 1219 159 46 metaph
1802 1219 128 46 ait,
1865 1219 96 46 quod

1116 1260 121 45 bene
1191 1260 166 45 apparet
1312 1260 166 45 corpora
1433 1260 196 45 caelestia
1584 1260 121 45 esse
1659 1260 181 45 animata,
1795 1260 75 45 &
1825 1260 121 45 quod
1886 1260 75 45 non

1107 1300 151 40 habent
1212 1300 90 40 de
1258 1300 211 40 virtutibus
1423 1300 151 40 animae
1529 1300 121 40 nisi
1604 1300 241 40 intellectum,
1800 1300 75 40 &
1815 1300 151 40 virtutem

1119 1336 274 49 desideratiuam,
1347 1336 122 49 quae
1424 1336 137 49 mouet
1515 1336 91 49 in
1546 1336 91 49 loco

1153 1377 82 48 Et
1194 1377 82 48 si
1235 1377 149 48 dicitur
1344 1377 109 48 isti
1412 1377 163 48 doctori,
1534 1377 109 48 quod
1602 1377 95 48 Sol
1656 1377 68 48 &
1683 1377 122 48 Cuna,
1765 1377 68 48 &
1792 1377 136 48 cetera
1873 1377 82 48 comn

1128 1416 102 42 ora
1187 1416 190 42 caelestia
1333 1416 233 42 rationaliter
1522 1416 160 42 possent
1639 1416 175 42 adorari:
1770 1416 88 42 si
1814 1416 117 42 isto
1872 1416 88 42 modo

1109 1460 214 47 quodlibet
1273 1460 148 47 eorum
1372 1460 181 47 viueret
1504 1460 115 47 per
1570 1460 165 47 formam
1685 1460 148 47 ipsum
1767 1460 198 47 intrinsece

1102 1494 266 45 informantem,
1318 1494 133 45 quae
1401 1494 149 45 esset
1501 1494 183 45 sanctus
1634 1494 83 45 &
1667 1494 166 45 beatus
1783 1494 199 45 angelus.

1143 1534 116 49 Ipse
1216 1534 174 49 praecise
1347 1534 189 49 respondet
1492 1534 102 49 has
1550 1534 160 49 verbis,
1666 1534 116 49 quod
1739 1534 160 49 antiqui
1840 1534 131 49 adoram-

1110 1570 99 45 tes
1166 1570 127 45 Solem
1251 1570 70 45 &
1279 1570 155 45 stellas
1392 1570 183 45 idolatrae
1532 1570 141 45 erant,
1631 1570 113 45 quia
1701 1570 99 45 eis
1758 1570 169 45 rationem
1870 1570 85 45 pri-

1116 1607 91 48 mi
1161 1607 197 48 principij
1313 1607 227 48 tribuebant.
1494 1607 91 48 Et
1540 1607 121 48 iste
1616 1607 121 48 idem
1691 1607 151 48 doctor
1782 1607 182 48 quaestione

1115 1646 186 45 immediate
1258 1646 186 45 sequenti,
1402 1646 172 45 scilicet
1531 1646 201 45 quaestione
1688 1646 143 45 vltima
1789 1646 100 45 14.
1832 1646 129 45 distin-

1113 1691 153 42 ctionis
1224 1691 83 42 2.
1266 1691 125 42 libri
1349 1691 222 42 sententiarum
1530 1691 125 42 circa
1614 1691 125 42 finem
1697 1691 139 42 illius
1780 1691 181 42 quaestionis

1114 1732 116 50 ait,
1186 1732 116 50 quod
1258 1732 159 50 concedi
1374 1732 159 50 potest,
1489 1732 116 50 quod
1561 1732 159 50 corpora
1677 1732 188 50 caelestia
1822 1732 116 50 sunt
1879 1732 87 50 ani-

1109 1767 120 52 mata
1184 1767 225 52 aliqualiter
1364 1767 75 52 &
1394 1767 120 52 sunt
1469 1767 195 52 animalia,
1619 1767 105 52 sed
1679 1767 195 52 aequiuoce
1829 1767 105 52 cum
1874 1767 90 52 ani-

1120 1808 169 44 malibus,
1247 1808 113 44 quae
1317 1808 113 44 sunt
1388 1808 99 44 hic
1430 1808 141 44 inferius

1148 1836 102 57 Sed
1207 1836 117 57 ista
1280 1836 131 57 dicta
1367 1836 102 57 non
1425 1836 175 57 videntur
1556 1836 117 57 esse
1615 1836 87 57 vera

1134 1878 79 51 1
1166 1878 127 51 Quia
1245 1878 206 51 quicumque
1404 1878 174 51 angelus
1531 1878 143 51 celum
1626 1878 111 51 sic
1689 1878 238 51 informaret,
1864 1878 95 51 illu

1111 1920 181 45 numquam
1242 1920 164 45 posset
1357 1920 131 45 esse
1439 1920 98 45 in
1488 1920 115 45 vno
1554 1920 131 45 loco
1636 1920 181 45 communi
1767 1920 115 45 cum
1816 1920 148 45 ceteris

1117 1961 163 45 beatis,
1236 1961 118 45 puta
1310 1961 89 45 in
1354 1961 133 45 caelo
1443 1961 178 45 empvreo.
1576 1961 104 45 Nam
1635 1961 89 45 si
1680 1961 148 45 vmquam
1783 1961 118 45 tale
1843 1961 118 45 caelum

1113 2008 208 40 intraret,
1273 2008 128 40 tunc
1353 2008 112 40 vel
1417 2008 160 40 corpus
1529 2008 224 40 informatum
1704 2008 112 40 per
1768 2008 144 40 ipsum
1848 2008 112 40 secum

1119 2045 192 43 traheret:
1267 2045 103 43 vel
1326 2045 89 43 si
1370 2045 118 43 tale
1444 2045 148 43 corpus
1547 2045 207 43 dimitteret
1709 2045 118 43 tunc
1768 2045 192 43 corrumpere-

1127 2079 101 54 tur
1184 2079 116 54 talc
1257 2079 202 54 compositum
1415 2079 87 54 ex
1459 2079 159 54 angelo,
1574 2079 72 54 &
1603 2079 159 54 corpore
1719 2079 188 54 caelesti,
1848 2079 116 54 quorum

1118 2124 191 46 vtrumque
1261 2124 191 46 absurdum
1404 2124 127 46 esse
1468 2124 159 46 videtur.

1122 2160 84 49 2
1156 2160 237 49 Praeterea,
1342 2160 237 49 Damascenus
1528 2160 152 49 libro
1629 2160 186 49 secundo
1764 2160 135 49 ait.
1832 2160 135 49 Nullus

1110 2201 179 44 animatos
1244 2201 164 44 caelos,
1363 2201 104 44 vel
1423 2201 193 44 luminaria
1571 2201 208 44 existimer:
1735 2201 193 44 inanimati
1869 2201 89 44 sunt

1097 2236 110 53 enim

1139 2271 78 57 3
1171 2271 218 57 Praeterea,
1341 2271 233 57 Commentator
1528 2271 93 57 5.
1575 2271 249 57 metaphysicae
1777 2271 155 57 dicit,
1870 2271 93 57 quod

1121 2315 196 49 corporibus
1275 2315 210 49 caelestibus
1443 2315 98 49 non
1499 2315 98 49 est
1555 2315 98 49 res
1611 2315 168 49 animata,
1737 2315 112 49 quia
1807 2315 126 49 illic
1891 2315 98 49 non

1121 2350 109 48 est
1184 2350 187 48 aliquid,
1324 2350 125 48 quod
1402 2350 187 48 animetur
1542 2350 109 48 per
1605 2350 171 48 animam,
1729 2350 109 48 vel
1792 2350 125 48 quod
1854 2350 109 48 viuas

1129 2389 110 51 per
1192 2389 157 51 vitam.
1302 2389 94 51 Et
1349 2389 125 51 idem
1427 2389 235 51 Commentator
1615 2389 94 51 2.
1662 2389 141 51 cael.
1756 2389 78 51 &
1788 2389 110 51 mun
1850 2389 110 51 ait
1897 2389 63 51 di

1124 2429 129 52 ipsis
1210 2429 172 52 caelorum
1339 2429 201 52 motoribus,
1496 2429 100 52 Hae
1554 2429 143 52 formae
1654 2429 115 52 sunt
1725 2429 201 52 abstractae
1869 2429 100 52 secun

1121 2471 104 50 dum
1181 2471 119 50 esse

1157 2504 96 55 Ad
1205 2504 160 55 primum
1317 2504 160 55 igitur
1428 2504 176 55 motiuum
1556 2504 160 55 istius
1668 2504 192 55 doctoris
1795 2504 176 55 dicendum,

1130 2558 126 42 quod
1209 2558 173 42 caelum,
1334 2558 173 42 quamuis
1460 2558 110 42 non
1523 2558 110 42 sit
1586 2558 220 42 formaliter
1758 2558 141 42 viuum
1852 2558 78 42 &
1868 2558 110 42 anima

1110 2592 133 43 tum,
1193 2592 182 43 proprie
1326 2592 199 43 loquendo
1475 2592 99 43 de
1525 2592 133 43 viuo
1607 2592 83 43 &
1641 2592 199 43 animato:
1790 2592 133 43 quia
1856 2592 116 43 tamen

1127 2621 209 48 nfluentiam
1291 2621 119 48 suam
1365 2621 164 48 dirigit
1485 2621 104 48 huc
1544 2621 179 48 inferius
1678 2621 89 48 in
1723 2621 164 48 virtute
1827 2621 149 48 intelli-

1131 2664 158 53 sentiae
1246 2664 129 53 ipsum
1332 2664 187 53 mouentis,
1475 2664 115 53 quae
1547 2664 115 53 vere
1619 2664 144 53 viuit:
1719 2664 115 53 ideo
1791 2664 144 53 potest
1892 2664 115 53 esse

1123 2703 145 45 causa
1220 2703 178 45 viuorum
1349 2703 81 45 &
1381 2703 242 45 animatorum.
1575 2703 145 45 Sicut
1672 2703 129 45 enim
1753 2703 145 45 semen
1834 2703 145 45 decisum

1128 2737 84 50 ab
1170 2737 155 50 animali
1283 2737 127 50 viuo,
1367 2737 113 50 quia
1437 2737 113 50 agit
1508 2737 84 50 in
1550 2737 155 50 virtute
1663 2737 169 50 animalis
1789 2737 127 50 viui,
1859 2737 113 50 causat

1127 2785 163 47 animal
1241 2785 163 47 viuum:
1354 2785 114 47 sic
1419 2785 114 47 &c.
1484 2785 114 47 Est
1549 2785 130 47 enim
1631 2785 163 47 caelum
1744 2785 146 47 quasi
1826 2785 146 47 quoddam

1133 2818 216 52 vniuersale
1302 2818 216 52 seminarium
1472 2818 154 52 ipsius
1580 2818 108 52 Dei
1642 2818 185 52 respectu
1781 2818 154 52 omnium
1874 2818 108 52 infe-

1117 2864 184 45 riorum,
1251 2864 134 45 quod
1335 2864 167 45 quidem
1452 2864 234 45 seminarium
1636 2864 100 45 ad
1686 2864 134 45 suum
1770 2864 134 45 opus
1837 2864 134 45 exequo

1123 2894 117 50 dum
1190 2894 233 50 applicatur
1373 2894 167 50 quadam
1490 2894 250 50 ordinatione
1690 2894 183 50 diuina,
1806 2894 167 50 medianti

1118 2935 121 55 motu
1193 2935 166 55 causato
1314 2935 90 55 ab
1359 2935 75 55 i
1389 2935 121 55 psis
1449 2935 136 55 angelis

1168 2973 101 53 Ad
1219 2973 202 53 secundum
1371 2973 219 53 dicendum,
1539 2973 135 53 quod
1624 2973 186 53 propter
1759 2973 219 53 huiusmodi
1911 2973 67 53 v-

1133 3020 186 47 rietatem
1272 3020 202 47 virtutum,
1427 3020 124 47 quam
1505 3020 171 47 videmus
1629 3020 93 47 in
1675 3020 186 47 partibus
1815 3020 155 47 caeli,
1908 3020 78 47 non

1127 3053 169 52 oportet
1249 3053 107 52 nos
1311 3053 153 52 dicere
1418 3053 153 52 caelum
1525 3053 169 52 proprie
1648 3053 199 52 animatum,
1801 3053 107 52 nam
1847 3053 138 52 saepius

1136 3094 194 53 contingit,
1288 3094 111 53 quod
1358 3094 111 53 vnus
1427 3094 125 53 lapis
1510 3094 180 53 continuus
1648 3094 97 53 est
1703 3094 166 53 alterius
1828 3094 166 53 virtutis
1939 3094 55 53 in
