2381 3539
184 273 174 48 tractat
311 273 95 48 de
358 273 174 48 hominis
485 273 253 48 institutione
690 273 221 48 dependente
864 273 79 48 a
896 273 111 48 Dei
943 273 95 48 crea

192 318 159 42 tione,
303 318 175 42 Secundo
430 318 95 42 de
478 318 175 42 hominis
605 318 254 42 destitutione
811 318 238 42 contingente
986 318 63 42 ex

203 351 170 45 peccati
326 351 247 45 commissione,
527 351 124 45 ibi.
604 351 154 45 Videns
712 351 154 45 igitur
820 351 201 45 diabolus.
959 351 93 45 Pri-

196 389 91 56 ma
241 389 91 56 in
287 389 137 56 duas.
378 389 106 56 Nam
439 389 137 56 primo
530 389 167 56 tractat
652 389 91 56 de
697 389 167 56 hominis
819 389 91 56 ad
865 389 122 56 esse
925 389 122 56 produm

195 427 162 51 ctione.
313 427 162 51 Secundo
432 427 89 51 de
476 427 162 51 hominis
594 427 89 51 in
638 427 118 51 esse
712 427 266 51 conseruatione,
934 427 118 51 ibi.
993 427 59 51 So

187 459 123 50 lent
263 459 153 50 quaeri
371 459 153 50 plura.
478 459 138 50 Prima
570 459 92 50 in
616 459 138 50 duas.
708 459 107 50 Nam
770 459 138 50 primo
847 459 199 50 indistincte

186 510 167 54 tractat
307 510 91 54 de
353 510 198 54 creatione
505 510 183 54 hominis,
642 510 167 54 Secundo
764 510 198 54 distincte
901 510 152 54 tractat.

191 543 86 57 de
234 543 216 57 productione
407 543 130 57 viri,
493 543 72 57 &
522 543 187 57 mulieris,
666 543 115 57 ibi.
738 543 101 57 Hic
796 543 86 57 de
839 543 173 57 origine.
955 543 86 57 Pri-

186 591 93 51 ma
232 591 93 51 in
278 591 139 51 duas:
371 591 123 51 quia
448 591 139 51 primo
540 591 123 51 huic
617 591 200 51 tractatui
771 591 93 51 de
818 591 154 51 homine
910 591 139 51 praemit

187 624 109 45 tit
250 624 202 45 prooemium
405 624 171 45 Secundo
530 624 202 45 exequitur
686 624 218 45 tractatum,
857 624 125 45 ibi,
935 624 93 45 In
966 624 78 45 Qe-

191 666 125 55 nesi
270 666 141 55 &c.Et
364 666 125 55 haec
442 666 94 55 in
489 666 141 55 tres.
583 666 110 55 Nam
645 666 141 55 Primo
739 666 188 55 ostendit
880 666 172 55 hominem
990 666 47 55 f

182 706 101 45 re
233 706 253 45 exemplatum,
435 706 84 45 &
468 706 185 45 creatum
603 706 101 45 ad
654 706 286 45 similitudinem
873 706 168 45 imaginis

190 741 165 56 diuinae
310 741 165 56 Secundo
431 741 165 56 innuit,
551 741 120 56 quid
626 741 90 56 in
671 741 120 56 tali
746 741 180 56 factione
882 741 150 56 nomine
972 741 75 56 ima

192 789 138 47 ginis
283 789 168 47 debemus
406 789 244 47 intelligere.
604 789 153 47 Tertio
711 789 183 47 exprimit
849 789 92 47 in
895 789 107 47 qua
940 789 92 47 part

187 823 170 46 animae
306 823 187 46 debemus
442 823 221 46 attendere
612 823 204 46 imaginem
765 823 187 46 creatam
901 823 102 46 in
935 823 102 46 homi

186 862 101 50 ne.
243 862 159 50 Secunda
359 862 116 50 ibi,
432 862 130 50 lmago
519 862 130 50 autem
606 862 101 50 &c.
663 862 145 50 Tertia
765 862 116 50 ibi,
837 862 145 50 Factus
939 862 101 50 est
982 862 58 50 es

182 901 94 52 go
229 901 125 52 homo
308 901 94 52 ad
354 901 203 52 imaginem.
511 901 94 52 Et
558 901 125 52 haec
636 901 94 52 in
683 901 141 52 duas:
777 901 125 52 quia
855 901 141 52 primo
933 901 110 52 osten

182 947 116 50 dit
249 947 182 50 quomodo
381 947 133 50 homo
464 947 182 50 dicitur
597 947 149 50 imago
696 947 133 50 Dei,
779 947 83 50 &
812 947 99 50 ad
862 947 215 50 imaginem.

174 976 173 46 Secundo
300 976 204 46 ostendit,
457 976 125 46 quod
535 976 157 46 filius
645 976 94 46 in
692 976 173 46 diuinis
817 976 173 46 dicitur
927 976 110 46 imaoc

179 1015 120 53 Dei,
254 1015 105 53 sed
314 1015 105 53 non
375 1015 90 53 ad
420 1015 196 53 imaginem.
570 1015 166 53 Secunda
691 1015 120 53 ibi;
766 1015 105 53 Quo
826 1015 151 53 circa,
932 1015 105 53 &c.
977 1015 60 53 Ei

184 1057 110 54 haec
253 1057 96 54 est
308 1057 179 54 sententia
446 1057 138 54 istius
542 1057 234 54 sextaedecimae
734 1057 234 54 distinctionis
927 1057 83 54 in
954 1057 83 54 gens

184 1097 125 61 rali;
268 1097 125 61 circa
351 1097 112 61 hanc
421 1097 139 61 quaero
519 1097 84 61 in
547 1097 139 61 speciali

413 1229 349 94 Quaestio

388 1357 122 81 An
449 1357 183 81 Imago
570 1357 122 81 in
611 1357 203 81 creatura

499 1419 254 70 reperiatur,

170 1510 93 52 Pre
223 1510 93 52 Dac
276 1510 187 52 quaestione
423 1510 107 52 vide
490 1510 200 52 quaestionem
649 1510 147 52 secudam
756 1510 147 52 tertiae
849 1510 187 52 dirtinctioni

216 1564 130 55 primo
302 1564 231 55 sententiarum
490 1564 87 55 in
533 1564 72 55 t
562 1564 130 55 abula
634 1564 130 55 tiusdem

414 1676 141 63 IRVM
503 1676 159 63 imago
608 1676 123 63 Dei
679 1676 247 63 reperiatur
873 1676 106 63 in
908 1676 141 63 aliqua

433 1728 117 53 pura
506 1728 190 53 creatura.
652 1728 88 53 Et
696 1728 175 53 videtur,
827 1728 117 53 quod
900 1728 117 53 non,
958 1728 88 53 quia

439 1763 138 47 illud,
536 1763 110 47 quod
604 1763 96 47 est
660 1763 165 47 proprium
783 1763 110 47 vni,
852 1763 83 47 in
894 1763 124 47 nullo
962 1763 83 47 alio

426 1802 145 56 potest
528 1802 189 56 reperiri:
674 1802 87 56 si
717 1802 116 56 enim
790 1802 87 56 in
833 1802 145 56 altero
921 1802 116 56 reperi

437 1845 108 54 tur,
504 1845 108 54 tunc
571 1845 94 54 nec
625 1845 135 54 illius
720 1845 94 54 nec
773 1845 135 54 istius
868 1845 94 54 est
908 1845 135 54 proprium

428 1884 115 44 sed
493 1884 198 44 commune,
642 1884 115 44 sed
708 1884 198 44 secundum
856 1884 181 44 sanctos
971 1884 66 44 do

186 1924 146 51 ctores
289 1924 176 51 proprium
421 1924 103 51 est
479 1924 146 51 ipsius
582 1924 132 51 filii
670 1924 117 51 Dei,
743 1924 117 51 quod
816 1924 103 51 sit
875 1924 132 51 imago
948 1924 73 51 Dei

226 1956 171 57 Contra,
350 1956 186 57 dicitur,
489 1956 124 57 Deus
567 1956 171 57 creauit
691 1956 171 57 hominem
815 1956 93 57 de
861 1956 155 57 terra;
970 1956 78 57 &
985 1956 62 57 se

182 2000 158 53 cundum
293 2000 189 53 imaginem
434 2000 126 53 suam
513 2000 142 53 fecit
608 2000 158 53 illum.
718 2000 95 53 Et
765 2000 142 53 Dixit
860 2000 142 53 Deus,
938 2000 95 53 Faci

180 2041 120 51 mus
249 2041 189 51 hominem
386 2041 103 51 ad
438 2041 224 51 imaginem,
610 2041 86 51 &
644 2041 292 51 similitudinem
885 2041 189 51 nostram

185 2078 111 54 Hic
249 2078 191 54 quattuor
392 2078 127 54 sunt
471 2078 191 54 videnda.
615 2078 159 54 Primo,
726 2078 143 54 vtrum
821 2078 95 54 in
869 2078 159 54 homine
964 2078 64 54 re

190 2128 197 46 periatur
338 2128 148 46 imago
436 2128 132 46 Dei,
519 2128 197 46 Secundo,
667 2128 148 46 vtrum
765 2128 148 46 magis
864 2128 99 46 in
897 2128 148 46 homine,

179 2174 121 40 quam
254 2174 91 40 in
300 2174 166 40 angelo.
420 2174 166 40 Tertio,
541 2174 136 40 vtrum
632 2174 136 40 magis
722 2174 91 40 in
767 2174 136 40 viro,
858 2174 121 40 quam
933 2174 91 40 in
964 2174 75 40 mu-

180 2198 151 62 liere.
286 2198 91 62 Et
331 2198 166 62 quarto,
452 2198 136 62 vtrum
543 2198 136 62 magis
634 2198 91 62 in
679 2198 182 62 potentia
815 2198 212 62 cognitiua,
966 2198 76 62 vel

177 2240 88 66 in
221 2240 177 66 potentia
339 2240 177 66 affectiua.

333 2327 315 57 RES
468 2327 405 57 OLVTIO.

182 2408 140 81 Triplex
284 2408 89 81 cum
335 2408 178 81 reperiatur
475 2408 127 81 imago,
565 2408 178 81 creationis
705 2408 166 81 scilicet,
832 2408 76 81 &e
858 2408 191 81 recreationis,

216 2460 83 58 ac
258 2460 138 58 tandem
354 2460 277 58 glorificationis.
590 2460 207 58 Perfectiori
756 2460 111 58 modo
825 2460 194 58 creationis
963 2460 83 58 imag

211 2499 186 52 reperitur
354 2499 86 52 in
397 2499 143 52 angelo
497 2499 115 52 quam
569 2499 86 52 in
612 2499 158 52 homine.
726 2499 229 52 Recreationis
913 2499 129 52 vero,
984 2499 72 52 quo

223 2543 79 49 ad
262 2543 197 49 subrtantiam
420 2543 158 49 habitus,
539 2543 92 49 pot
591 2543 92 49 est
644 2543 105 49 esse
710 2543 184 49 aequalitas
855 2543 66 49 &
881 2543 145 49 ercedes
986 2543 66 49 &
999 2543 53 49 ex

214 2582 142 51 cessum
313 2582 170 51 hominum,
441 2582 85 51 &r
483 2582 199 51 angelorum:
640 2582 99 51 non
696 2582 128 51 tamen
781 2582 99 51 quo
838 2582 85 51 ad
881 2582 128 51 actus
952 2582 99 51 ferio

220 2618 116 53 rem,
292 2618 87 53 de
336 2618 116 53 puro
408 2618 174 53 viatore.
539 2618 87 53 &e
582 2618 174 53 secundum
713 2618 131 53 legem
800 2618 174 53 comminem
916 2618 131 53 loquen-

222 2672 91 47 do.
274 2672 246 47 Olorificationis
481 2672 117 47 autem
559 2672 130 47 itidem
650 2672 104 47 erit
715 2672 195 47 aequalitas,
870 2672 65 47 &
896 2672 156 47 excedent
1000 2672 39 47 e

210 2698 220 62 exctessum,
383 2698 78 62 &
414 2698 173 62 hominum
540 2698 78 62 &
556 2698 188 62 angelorum.

258 2767 692 87 ARTICVLVS

380 2882 172 69 Vtrum
494 2882 115 69 in
552 2882 191 69 homine
666 2882 172 69 reperia

488 2932 130 76 tur
563 2932 167 76 imago
656 2932 111 76 Dei.

247 3002 85 78 E
281 3002 153 78 PRIMO
383 3002 153 78 nihil
485 3002 153 78 dicam
587 3002 102 78 ad
638 3002 187 78 presens
774 3002 187 78 praeter
910 3002 119 78 ea,
961 3002 85 78 qua

196 3043 138 75 Ddixi
288 3043 92 75 in
334 3043 138 75 primo
426 3043 154 75 libro.
534 3043 138 75 di.3.
626 3043 108 75 vbi
688 3043 138 75 satis
780 3043 169 75 protise
903 3043 138 75 illum
980 3043 77 75 ar-

198 3102 175 67 ticulum
310 3102 207 67 pertractaui

1156 252 708 87 ARTICVLVS
1646 252 163 87 I

1172 360 172 79 Vtrum
1287 360 153 79 mago
1382 360 134 79 Dei
1459 360 172 79 magis
1573 360 268 79 reperiatur
1765 360 57 79 u

1293 414 184 76 homine
1421 414 147 76 quam
1514 414 110 76 in
1550 414 166 76 angelo.

1146 489 183 69 VANTVM
1274 489 183 69 igitur
1401 489 110 69 ad
1456 489 219 69 secundum
1621 489 164 69 dico,
1730 489 146 69 quod
1803 489 128 69 imago

1201 551 149 50 potest
1305 551 89 50 in
1350 551 149 50 homine
1454 551 223 50 tripliciter
1633 551 238 50 considerari.
1827 551 104 50 Vno
1871 551 60 50 mo

1081 589 106 50 do,
1141 589 91 50 vt
1187 589 166 50 dicatur
1308 589 136 50 imago
1399 589 227 50 creationis;
1580 589 121 50 Alio
1656 589 136 50 modo,
1746 589 136 50 imago
1822 589 121 50 recrea

1079 628 168 49 tionis;
1201 628 153 49 Tertio
1308 628 137 49 modo,
1399 628 137 49 imago
1491 628 305 49 glorificationis.
1751 628 137 49 Prima
1827 628 107 49 imago

1081 665 232 53 attenditur
1264 665 100 53 in
1314 665 183 53 homine,
1447 665 199 53 secundum
1596 665 133 53 quod
1679 665 100 53 ad
1729 665 199 53 imaginem
1862 665 66 53 De

1076 706 91 53 in
1121 706 122 53 esse
1198 706 168 53 naturae
1320 706 229 53 producitur,
1502 706 183 53 Secunda,
1640 706 183 53 secundum
1777 706 122 53 quod
1853 706 91 53 in
1883 706 46 53 e

1071 741 88 56 se
1115 741 161 56 gratiae
1232 741 205 56 reficitur,
1393 741 73 56 &
1422 741 205 56 reparatur.
1583 741 88 56 Et
1627 741 146 56 tertia
1729 741 175 56 secundum
1846 741 88 56 quod

1073 785 94 53 in
1120 785 125 53 esse
1199 785 173 53 gloriae
1324 785 235 53 perficitur,
1513 785 78 53 &
1544 785 251 53 consummatur.
1748 785 94 53 Et
1779 785 157 53 secundum

1072 821 139 54 istam
1164 821 263 54 distinctionem
1381 821 155 54 possum
1489 821 155 54 ponere
1597 821 124 54 tres
1659 821 232 54 conclufiones.

1112 861 149 49 Prima
1212 861 215 49 conclusio
1378 861 149 49 erit,
1477 861 133 49 quod
1560 861 149 49 primo
1659 861 133 49 modo
1742 861 199 49 loquendo
1875 861 66 49 de

1079 904 196 54 imagine,
1226 904 245 54 perfectiori
1422 904 131 54 modo
1504 904 213 54 reperitur
1667 904 147 54 imago
1765 904 98 54 in
1798 904 131 54 angelo

1080 941 143 61 quam
1169 941 107 61 in
1205 941 143 61 homine

1109 953 79 80 1
1141 953 110 80 Nam
1204 953 110 80 cum
1266 953 141 80 imago
1361 953 173 80 dicatur
1486 953 141 80 quasi
1580 953 188 80 imitago:
1722 953 157 80 illud,
1816 953 110 80 cuius

1073 1027 209 44 naturalia
1234 1027 241 44 perfectiori
1427 1027 129 44 modo
1507 1027 209 44 imitantur
1668 1027 145 44 ipsum
1764 1027 145 44 Deum,
1845 1027 80 44 ho-

1093 1057 201 51 perfectius
1251 1057 100 51 est
1308 1057 86 51 ad
1351 1057 172 51 imaginem
1480 1057 115 51 Dei;
1552 1057 100 51 sed
1609 1057 187 51 naturalia
1753 1057 144 51 angeli
1839 1057 86 51 sunt

1082 1095 222 48 huiusmodi;
1257 1095 127 48 quia
1336 1095 159 48 quando
1448 1095 159 48 aliqua
1559 1095 143 48 plura
1654 1095 175 48 causata
1765 1095 175 48 procedunt

1074 1138 90 51 ab
1119 1138 120 51 vna,
1194 1138 75 51 &
1224 1138 135 51 eadem
1314 1138 150 51 causa,
1419 1138 120 51 quae
1494 1138 150 51 quidem
1598 1138 135 51 causa
1688 1138 105 51 est
1733 1138 210 51 perfectissi-

1078 1177 99 51 ma,
1135 1177 128 51 illud
1220 1177 185 51 causatum,
1362 1177 128 51 cuius
1447 1177 185 51 naturalia
1589 1177 114 51 sunt
1660 1177 227 51 perfectiora,
1831 1177 99 51 illud

1086 1222 207 48 perfectius
1249 1222 177 48 imitatur
1382 1222 177 48 secundum
1515 1222 104 48 sua
1574 1222 192 48 naturalia
1722 1222 133 48 talem
1796 1222 133 48 causam.

1073 1255 105 43 sed
1133 1255 165 43 angeli,
1253 1255 75 43 &
1283 1255 165 43 homines
1403 1255 120 43 sunt
1478 1255 90 43 ab
1523 1255 105 43 vno
1583 1255 120 43 Deo,
1658 1255 105 43 qui
1718 1255 105 43 est
1778 1255 135 43 causa
1853 1255 75 43 por

1074 1293 222 52 fectissima,
1251 1293 74 52 &
1281 1293 192 52 naturalia
1429 1293 148 52 angeli
1532 1293 118 52 sunt
1606 1293 222 52 perfectiora
1769 1293 162 52 naturali-

1077 1332 106 55 bus
1138 1332 152 55 ipsius
1244 1332 182 55 hominis;
1381 1332 121 55 ergo
1441 1332 61 55 &c

1119 1362 74 59 2
1149 1362 208 59 Praeterea,
1312 1362 178 59 creatura
1446 1362 104 59 non
1506 1362 164 59 dicitur
1625 1362 119 59 esse
1699 1362 223 59 naturaliter
1863 1362 59 59 ac

1071 1410 184 43 imaginem
1208 1410 122 43 Dei,
1285 1410 122 43 nisi
1362 1410 199 43 inquantum
1515 1410 107 43 est
1576 1410 276 43 intellectualis
1790 1410 138 43 naturae

1071 1449 135 55 ideo,
1161 1449 120 55 quod
1235 1449 135 55 magis
1325 1449 105 55 est
1385 1449 269 55 intellectualis
1609 1449 164 55 naturae
1729 1449 135 55 magis
1803 1449 120 55 videtu

1072 1494 134 51 esse
1156 1494 100 51 ad
1206 1494 200 51 imaginem
1356 1494 134 51 Dei;
1440 1494 117 51 sed
1507 1494 184 51 angelus
1640 1494 150 51 magis
1741 1494 184 51 proprie
1857 1494 84 51 est

1072 1532 304 50 intellectualis
1326 1532 203 50 naturae,
1478 1532 135 50 quam
1562 1532 152 50 homo,
1664 1532 118 50 cum
1731 1532 186 50 angeius
1850 1532 85 50 na-

1069 1572 200 43 turaliter
1223 1572 216 43 intelligat
1392 1572 123 43 sine
1469 1572 200 43 discursu,
1623 1572 123 43 homo
1700 1572 139 43 autem
1792 1572 108 43 cum
1839 1572 92 43 dis-

1078 1606 167 53 cursu.
1195 1606 184 53 Propter
1329 1606 134 53 quod
1412 1606 150 53 etiam
1513 1606 200 53 secundum
1663 1606 167 53 Dionv.
1780 1606 100 53 5.
1830 1606 100 53 de
1863 1606 67 53 di

1073 1644 104 57 no,
1132 1644 163 57 proprie
1251 1644 192 57 loquendo,
1399 1644 148 57 angeli
1502 1644 118 57 sunt
1576 1644 163 57 naturae
1680 1644 251 57 intellectualis.

1076 1679 124 54 homo
1154 1679 140 54 autem
1248 1679 171 54 naturae
1372 1679 233 54 rationalis.
1559 1679 124 54 Hinc
1636 1679 140 54 etiam
1730 1679 109 54 ait
1792 1679 124 54 ille
1854 1679 78 54 Au-

1083 1725 122 53 ctor
1159 1725 91 53 de
1205 1725 167 53 causis,
1326 1725 122 53 quod
1402 1725 137 53 anima
1494 1725 152 53 humana
1600 1725 167 53 causata
1722 1725 107 53 est
1783 1725 91 53 in
1813 1725 122 53 orixon

1081 1769 88 48 te
1125 1769 249 48 aeternitatis.
1330 1769 102 48 Nam
1389 1769 132 48 sicut
1476 1769 102 48 ori
1535 1769 102 48 xon
1593 1769 146 48 medium
1696 1769 132 48 tenet
1784 1769 132 48 inter
1857 1769 73 48 emi

1082 1816 147 41 perium
1185 1816 176 41 superius
1318 1816 74 41 &
1347 1816 191 41 inferius;
1494 1816 118 41 ita,
1567 1816 118 41 quod
1641 1816 103 41 est
1700 1816 176 41 superior
1817 1816 118 41 emispe

1078 1836 98 60 rio
1134 1836 197 60 inferiori,
1289 1836 70 60 &
1317 1836 98 60 est
1373 1836 169 60 inferior
1500 1836 183 60 emisperio
1641 1836 197 60 superiori:
1795 1836 98 60 sic
1838 1836 98 60 anima

1077 1881 161 59 nostra
1190 1881 193 59 superior
1334 1881 113 59 est
1399 1881 177 59 omnibus
1528 1881 161 59 formis
1640 1881 274 59 materialibus;
1849 1881 113 59 infe-

1072 1923 128 53 rior
1152 1923 144 53 tamen
1232 1923 144 53 angelis

1113 1933 133 82 Forte
1202 1933 178 82 dicetur,
1335 1933 119 82 qnod
1409 1933 133 82 istud
1498 1933 163 82 videtur
1617 1933 119 82 esse
1691 1933 148 82 contra
1780 1933 148 82 Augusti-

1076 1997 111 55 num
1139 1997 95 55 in
1187 1997 174 55 sermone
1313 1997 95 55 de
1361 1997 190 55 imagine,
1503 1997 111 55 vbi
1566 1997 126 55 ait,
1645 1997 126 55 quod
1724 1997 126 55 Deus
1788 1997 142 55 creauit

1081 2034 185 59 hominem
1216 2034 101 59 ad
1266 2034 202 59 imaginem
1417 2034 151 59 suam,
1518 2034 134 59 quod
1602 2034 151 59 nulli
1703 2034 151 59 aliae
1787 2034 134 59 creatu

1081 2082 87 49 rae
1130 2082 124 49 dedit,

1096 2092 215 76 Respondeo
1262 2092 215 76 breuiter,
1427 2092 132 76 quod
1510 2092 116 76 ibi
1576 2092 231 76 Augustinus
1758 2092 116 76 non
1807 2092 116 76 comp-

1080 2169 108 43 rat
1141 2169 170 43 hominem
1265 2169 93 43 ad
1312 2169 186 43 angelum,
1451 2169 108 43 sed
1513 2169 139 43 solum
1606 2169 93 43 ad
1652 2169 217 43 inferiores
1807 2169 108 43 creat

1073 2204 121 42 ras,
1149 2204 121 42 quae
1224 2204 152 42 carent
1331 2204 227 42 intellectu,
1513 2204 76 42 &
1543 2204 212 42 libertate.
1710 2204 91 42 Si
1755 2204 121 42 quis
1816 2204 106 42 tamen

1073 2235 162 59 omnino
1186 2235 162 59 vellet
1300 2235 211 59 ponderare
1461 2235 146 59 istam
1559 2235 243 59 vniuersalem
1737 2235 194 59 negatiuam.

1078 2279 101 48 qua
1135 2279 130 48 dicit
1222 2279 217 48 Augustinus,
1396 2279 116 48 quod
1469 2279 130 48 nulli
1556 2279 130 48 aliae
1643 2279 188 48 creaturae
1788 2279 145 48 dedit,
1875 2279 72 48 tuc

1081 2316 204 55 dicerem,
1234 2316 136 55 quod
1318 2316 187 55 quantum
1454 2316 102 55 ad
1505 2316 187 55 aliquam
1641 2316 271 55 accidentalem
1844 2316 102 55 con-

1086 2351 207 58 ditionem
1241 2351 207 58 imaginis
1396 2351 138 58 homo
1482 2351 155 58 magis
1585 2351 121 58 est
1654 2351 103 58 ad
1706 2351 207 58 imaginem
1844 2351 86 58 Dei

1092 2404 123 48 quam
1168 2404 184 48 angelus.
1306 2404 107 48 Nam
1367 2404 138 48 sicut
1459 2404 92 48 in
1505 2404 138 48 eodem
1597 2404 168 48 sermone
1720 2404 184 48 apparet,
1842 2404 92 48 fici

1084 2444 132 41 anima
1173 2444 236 41 intellectiua
1364 2444 162 41 hominis
1482 2444 103 41 est
1541 2444 118 41 tota
1614 2444 88 41 in
1658 2444 118 41 toto
1732 2444 177 41 corpore,
1850 2444 88 41 quod

1089 2480 128 47 regit
1174 2480 71 47 &
1203 2480 185 47 gubernat,
1345 2480 71 47 &
1373 2480 114 47 tota
1444 2480 85 47 in
1487 2480 171 47 qualibet
1615 2480 128 47 parte
1700 2480 185 47 corporis:
1842 2480 128 47 sicut

1078 2519 125 50 vnus
1157 2519 125 50 Deus
1235 2519 110 50 est
1298 2519 141 50 totus
1392 2519 94 50 in
1439 2519 125 50 toto
1517 2519 204 50 vniuerso,
1674 2519 125 50 quod
1752 2519 204 50 gubernat,
1893 2519 47 50 &

1079 2559 139 44 totus
1171 2559 93 44 in
1218 2559 186 44 qualibet
1357 2559 139 44 parte
1450 2559 170 44 eiusdem
1574 2559 201 44 vniuersi.
1728 2559 170 44 Angelus
1837 2559 108 44 autem

1088 2599 146 45 mouens
1191 2599 132 45 celum
1279 2599 102 45 nec
1337 2599 132 45 totus
1425 2599 102 45 est
1483 2599 88 45 in
1527 2599 117 45 toto
1600 2599 161 45 corpore
1718 2599 190 45 caelesti,
1849 2599 88 45 quod

1086 2640 189 46 gubernat,
1232 2640 102 46 nec
1290 2640 131 46 totus
1377 2640 87 46 in
1420 2640 174 46 qualibet
1551 2640 131 46 parte
1638 2640 131 46 talis
1725 2640 189 46 corporis,
1870 2640 102 46 sed

1084 2680 105 40 est
1144 2680 90 40 in
1189 2680 105 40 vna
1249 2680 105 40 sui
1309 2680 135 40 parte
1400 2680 241 40 determinata,
1595 2680 90 40 vt
1640 2680 180 40 asserunt
1761 2680 180 40 philosophi

1079 2705 182 62 scilicet
1215 2705 91 62 in
1260 2705 182 62 oriente,
1397 2705 76 62 &
1427 2705 121 62 ideo
1502 2705 106 62 quo
1563 2705 91 62 ad
1608 2705 106 62 hoc
1669 2705 166 62 angelus
1775 2705 166 62 naturali-

1087 2747 110 51 ter
1150 2747 110 51 non
1213 2747 110 51 est
1276 2747 94 51 ad
1323 2747 188 51 imaginem
1464 2747 126 51 Dei,
1543 2747 110 51 sed
1605 2747 141 51 solus
1684 2747 94 51 homo

1121 2789 185 49 Secundo
1256 2789 152 49 dico,
1357 2789 135 49 quod
1441 2789 185 49 quantum
1576 2789 101 49 ad
1627 2789 219 49 imaginem,
1795 2789 135 49 quae
1863 2789 84 49 at-

1083 2831 175 45 tenditur
1215 2831 132 45 penes
1303 2831 117 45 esse
1376 2831 161 45 gratiae
1493 2831 175 45 possumus
1624 2831 234 45 distinguere;
1814 2831 117 45 quia
1873 2831 58 45 ve

1089 2872 212 46 attenditur
1255 2872 166 46 quantum
1376 2872 91 46 ad
1421 2872 196 46 essentiam
1572 2872 166 46 habitus
1693 2872 181 46 gratiae,
1829 2872 106 46 vel
1875 2872 60 46 qu

1088 2908 102 48 tum
1147 2908 88 48 ad
1191 2908 176 48 feruorem
1322 2908 146 48 ipsius
1425 2908 146 48 actus,
1527 2908 132 48 Primo
1615 2908 117 48 modo
1688 2908 132 48 dico,
1776 2908 117 48 quod
1835 2908 102 48 potes

1095 2947 116 45 esse
1168 2947 218 45 aequalitas,
1343 2947 73 45 &
1372 2947 189 45 excedens,
1517 2947 73 45 &
1547 2947 189 45 excessum,
1692 2947 116 45 quia
1765 2947 73 45 &
1794 2947 87 45 in
1838 2947 116 45 via,
1910 2947 73 45 &

1093 2983 86 51 in
1136 2983 144 51 patria
1237 2983 187 51 possibile
1381 2983 101 51 est
1438 2983 158 51 aliquos
1553 2983 158 51 homines
1668 2983 115 51 esse
1740 2983 173 51 aequales
1856 2983 86 51 ango

1092 3025 106 50 lis
1152 3025 106 50 quo
1213 3025 91 50 ad
1258 3025 227 50 substantiam
1440 3025 166 50 habitus
1561 3025 182 50 gratiae:
1697 3025 166 50 aliquos
1818 3025 121 50 vero
1878 3025 61 50 mi

1102 3065 154 48 nores:
1209 3065 169 48 aliquos
1332 3065 138 48 autem
1424 3065 184 48 maiores.
1562 3065 107 48 Nam
1624 3065 215 48 verisimile
1792 3065 123 48 esse
1854 3065 92 48 vido

1101 3101 119 60 tur,
1176 3101 119 60 quod
1250 3101 134 60 virgo
1340 3101 179 60 gloriosa
1474 3101 134 60 adhuc
1563 3101 179 60 existens
1698 3101 89 60 in
1742 3101 119 60 via,
1802 3101 149 60 habuerit
