2395 3513
243 239 90 79 go
288 239 210 79 naturalis,
453 239 75 79 &
483 239 90 79 in
528 239 135 79 eadem
618 239 150 79 natura
723 239 165 79 patris,
843 239 135 79 cuius
933 239 105 79 est
978 239 120 79 imago-

246 307 107 47 sed
307 307 137 47 anima
398 307 153 47 nostra
505 307 107 47 est
566 307 137 47 imago
658 307 107 47 Dei
719 307 153 47 aliquo
825 307 122 47 modo
886 307 214 47 artificialis

237 346 180 42 producta
372 346 90 42 in
417 346 150 42 aliena
522 346 165 42 natura.
642 346 150 42 Iterum
747 346 150 42 filius
852 346 105 42 est
912 346 135 42 imago
987 346 120 42 patris

251 385 192 50 perfecta,
399 385 103 50 sed
458 385 133 50 anima
546 385 103 50 est
605 385 147 50 totius
708 385 206 50 trinitatis
870 385 147 50 imago,
973 385 74 50 &
988 385 118 50 imper

226 411 125 54 fecta.

289 508 538 93 DISTINCTI
703 508 207 93 O
744 508 290 93 xVIi.

236 611 147 80 chara
334 611 147 80 buius
431 611 277 80 distinctionis
660 611 196 80 diuisio,
806 611 98 80 in
855 611 114 80 qua
921 611 98 80 de
953 611 147 80 hominis

379 678 230 70 creatione
556 678 124 70 cum
627 678 159 70 sexus
715 678 247 70 distinctione

561 734 209 64 peragitur.

530 830 111 69 Ie
586 830 111 69 DE
642 830 204 69 origine
790 830 130 69 &c.
864 830 222 69 Postquam
1012 830 93 69 Ma-

574 890 170 52 gister
693 890 272 52 determinauit
914 890 102 52 in
948 890 153 52 communi

575 931 97 51 de
623 931 177 51 hominis
752 931 210 51 creatione
914 931 161 51 absque
1010 931 81 51 se-

569 977 106 44 xus
630 977 258 44 distinctione,
842 977 106 44 seu
888 977 212 44 discretione.

574 1014 119 48 Hic
642 1014 255 48 determinate
846 1014 255 48 prosequitur
1032 1014 68 48 de

573 1053 174 46 hominis
700 1053 237 46 productione
889 1053 111 46 cum
953 1053 142 46 sexus
1032 1053 63 46 di

574 1094 204 42 stinctione,
737 1094 95 42 seu
792 1094 217 42 discretione.
968 1094 81 42 Et
1009 1094 122 42 diui¬

573 1132 136 42 ditur
664 1132 91 42 in
709 1132 121 42 duas
785 1132 166 42 partes;
905 1132 106 42 nam
966 1132 136 42 primo
1042 1132 60 42 do

241 1172 197 47 terminat
388 1172 98 47 de
438 1172 246 47 productione
634 1172 148 47 sexus
733 1172 230 47 masculini.
913 1172 181 47 Secundo
1028 1172 66 47 de

235 1213 235 46 productione
423 1213 141 46 sexus
517 1213 204 46 soeminini
674 1213 125 46 ibi,
752 1213 94 46 In
799 1213 141 46 eodem
893 1213 157 46 quoque
987 1213 110 46 para-

239 1252 135 45 diso.
329 1252 135 45 Prima
419 1252 90 45 in
464 1252 135 45 duas;
554 1252 120 45 quia
629 1252 135 45 primo
718 1252 165 45 tractat
838 1252 90 45 de
883 1252 135 45 primi
958 1252 135 45 hominis

233 1289 263 48 supernaturali
449 1289 248 48 productione.
651 1289 170 48 Secundo
774 1289 93 48 de
821 1289 124 48 eius
898 1289 155 48 locali
991 1289 93 48 habi

235 1328 203 49 tatione,
387 1328 135 49 ibi,
472 1328 186 49 Hominem
607 1328 152 49 autem
709 1328 118 49 ita
777 1328 220 49 formatum.
946 1328 152 49 Prima
1030 1328 68 49 in

236 1367 142 45 duas:
331 1367 126 45 quia
409 1367 142 45 primo
504 1367 220 45 determinat
677 1367 94 45 de
724 1367 173 45 hominis
850 1367 205 45 creatione
992 1367 94 45 quan

231 1408 108 50 tum
292 1408 93 50 ad
339 1408 155 50 animae
447 1408 124 50 suae
525 1408 186 50 naturam.
664 1408 170 50 Secundo
788 1408 170 50 quantum
911 1408 93 50 ad
942 1408 155 50 corporis

232 1447 97 47 sui
288 1447 167 47 staturam
413 1447 111 47 ibi,
483 1447 125 47 Solet
566 1447 125 47 etiam
650 1447 153 47 quaeri.
761 1447 125 47 Prima
844 1447 84 47 in
886 1447 125 47 tres:
970 1447 97 47 nam
1011 1447 84 47 pri-

232 1485 93 48 mo
278 1485 186 48 ostendit
417 1485 93 48 ex
464 1485 201 48 scriptura
618 1485 217 48 distinctam
789 1485 170 48 fuisset
897 1485 201 48 formationem

233 1525 195 43 corporis
379 1525 146 43 primi
476 1525 195 43 hominis,
622 1525 81 43 e
654 1525 227 43 creationem
833 1525 178 43 animae.
946 1525 146 43 Secundo

229 1563 183 44 ostendit
366 1563 138 44 circa
458 1563 214 44 creationem
626 1563 153 44 animae
733 1563 168 44 quosdam
856 1563 214 44 haereticos
1009 1563 76 44 per

235 1609 155 41 peram,
343 1609 78 41 &
374 1609 109 41 non
436 1609 140 41 recte
529 1609 155 41 sapere
638 1609 155 41 Tertio
746 1609 202 41 inquirit,
901 1609 140 41 vtrum
979 1609 109 41 anima

233 1650 144 41 fuerit
334 1650 144 41 creata
435 1650 130 41 extra
522 1650 159 41 corpus,
637 1650 101 41 vel
695 1650 87 41 in
738 1650 159 41 corpore
854 1650 159 41 Secunda
969 1650 116 41 ibi,
1027 1650 58 41 Pu

237 1686 184 47 tauerunt
374 1686 122 47 enim
451 1686 168 47 quidam.
573 1686 153 47 Tertia
681 1686 122 47 ibi,
757 1686 107 47 sed
818 1686 138 47 vtrum
910 1686 92 47 in
941 1686 153 47 corpore-

223 1719 200 43 Sequitur
373 1719 150 43 autem
473 1719 133 43 illa
556 1719 133 43 pare
639 1719 183 43 Hominem
772 1719 150 43 autem
872 1719 116 43 ita
922 1719 166 43 formatum

243 1759 90 50 Et
288 1759 195 50 diuiditur
438 1759 90 50 in
483 1759 120 50 duas
558 1759 165 50 partes:
679 1759 105 50 nam
739 1759 135 50 primo
829 1759 180 50 ostendit
949 1759 135 50 paradi-

230 1805 111 41 sum
294 1805 222 41 corporalem
468 1805 158 41 fuisse
579 1805 143 41 primi
674 1805 174 41 hominis
801 1805 269 41 habitationen.
1007 1805 79 41 Se-

247 1833 127 61 cundo
331 1833 141 61 tangit
430 1833 141 61 aliqua
529 1833 197 61 spectantia
684 1833 225 61 singulariter
867 1833 85 61 ad
909 1833 169 61 paradisi
1022 1833 70 61 per

241 1876 181 49 fectionem
381 1876 112 49 ibi.
450 1876 223 49 Intelligitut
632 1876 140 49 autem.
729 1876 84 49 Et
771 1876 112 49 haec
841 1876 84 49 in
883 1876 126 49 duas;
966 1876 98 49 nam
1008 1876 84 49 pri-

229 1914 95 45 mo
277 1914 158 45 tangit
388 1914 254 45 perfectionem
594 1914 190 45 paradisi
736 1914 95 45 ex
784 1914 190 45 fructuum
911 1914 174 45 vbertate;

235 1954 136 45 sontis
331 1954 217 45 irriguitate,
507 1954 68 45 &
534 1954 122 45 situs
616 1954 190 45 venustate,
765 1954 109 45 puta
833 1954 109 45 quia
901 1954 95 45 est
956 1954 82 45 ad
983 1954 95 45 oriet

231 1999 109 46 tem
293 1999 155 46 posita
401 1999 171 46 Secundo
525 1999 155 46 tangit
634 1999 124 46 eius
711 1999 248 46 perfectionem
913 1999 93 46 ex
959 1999 140 46 ligni
1037 1999 47 46 v

237 2037 97 46 tae
293 2037 167 46 bonitate
418 2037 111 46 ibi,
487 2037 83 46 in
529 2037 97 46 hac
585 2037 125 46 autem
668 2037 97 46 &c.
724 2037 83 46 Et
765 2037 111 46 haec
835 2037 83 46 in
877 2037 125 46 duas;
960 2037 97 46 nam
1002 2037 83 46 pri-

229 2071 90 47 mo
274 2071 149 47 tangit
378 2071 90 47 de
423 2071 149 47 ligno,
528 2071 134 47 cuius
617 2071 164 47 fructus
737 2071 119 47 erat
811 2071 149 47 homini
901 2071 194 47 salutiferus

224 2111 76 50 &
254 2111 183 50 licitus,
391 2111 167 50 Secundo
513 2111 91 50 de
558 2111 137 50 ligno
650 2111 198 50 scientiae
802 2111 122 50 boni
878 2111 76 50 &
908 2111 137 50 mali,
985 2111 107 50 cuius

222 2153 166 55 fructus
343 2153 121 55 erat
418 2153 151 55 homini
524 2153 226 55 mortiferus,
705 2153 75 55 &
735 2153 211 55 prohibitus
901 2153 121 55 ibi,
961 2153 121 55 Cignum

225 2193 128 53 autem
310 2193 185 53 scientiae
452 2193 128 53 boni,
537 2193 71 53 &
566 2193 128 53 mali.
651 2193 128 53 Circa
736 2193 142 53 istam.
835 2193 99 53 17.
878 2193 213 53 distinctionem

218 2230 163 51 quaero
332 2230 130 51 hanc
413 2230 244 51 quaestionem
593 2230 81 51 &c.

494 2309 325 81 Questio.
711 2309 108 81 1.

325 2392 108 82 An
379 2392 162 82 anima
487 2392 288 82 intellectiua
720 2392 126 82 sit
792 2392 162 82 forma
882 2392 108 82 sub-

486 2454 237 69 stantialis
655 2454 169 69 hominis,

463 2802 128 63 TRVM
543 2802 144 63 anima
640 2802 257 63 intellectiua
848 2802 112 63 sit
912 2802 144 63 forma
993 2802 80 63 sut

470 2856 208 45 stantialis
634 2856 179 45 hominis.
768 2856 89 45 Et
812 2856 179 45 videtur,
946 2856 119 45 quod
1006 2856 74 45 non

473 2900 112 48 quia
543 2900 98 48 rei
599 2900 237 48 corruptibilis
794 2900 98 48 non
850 2900 140 48 potest
947 2900 112 48 esse
1003 2900 70 48 foi

468 2934 89 46 ma
513 2934 252 46 substantialis
721 2934 297 46 incorruptibilis;
973 2934 104 46 sed
1018 2934 59 46 ho

472 2982 87 43 mo
516 2982 102 43 est
574 2982 102 43 res
632 2982 261 43 corruptibilis:
850 2982 131 43 anima
937 2982 131 43 autem
1009 2982 73 43 in-

459 3024 204 45 tellectiua
620 3024 102 45 est
678 3024 102 45 res
736 3024 291 45 incorruptibilis,
984 3024 87 45 Vt
1013 3024 73 45 pa-

223 3057 116 55 tet.
295 3057 87 55 3.
338 3057 87 55 de
381 3057 144 55 anima,
482 3057 116 55 ergo
540 3057 58 55 &c

262 3092 159 71 Contra,
377 3092 130 71 illud
464 3092 101 71 est
522 3092 130 71 forma
608 3092 246 71 substantialis
811 3092 188 71 alicuius,
955 3092 101 71 per
998 3092 87 71 quod

1141 245 244 77 principaliter
1342 245 86 77 in
1385 245 115 77 esse
1457 245 187 77 specisico
1601 245 201 77 reponitur,
1759 245 101 77 sed
1816 245 115 77 homo
1888 245 101 77 per
1931 245 72 77 ani

1133 313 102 46 mam
1192 313 247 46 intellectiuam
1395 313 189 46 reponitur
1541 313 87 46 in
1585 313 160 46 specle,
1701 313 116 46 quia
1774 313 102 46 per
1832 313 131 46 ipsam
1905 313 87 46 homo

1143 348 236 55 distinguitur
1335 348 148 55 specie
1439 348 89 55 ab
1483 348 118 55 omni
1557 348 103 55 non
1616 348 162 55 homine:
1734 348 118 55 ergo
1808 348 103 55 &c.
1867 348 103 55 Hic
1911 348 89 55 quat

1143 389 127 45 tuor
1222 389 127 45 sunt
1302 389 175 45 videnda
1429 389 159 45 Primo,
1540 389 143 45 vtrum
1635 389 143 45 anima
1730 389 254 45 intellectiua
1921 389 79 45 sit

1142 428 225 52 composita,
1319 428 193 52 Secundo,
1463 428 145 52 vtrum
1559 428 112 52 sit
1624 428 112 52 vna
1688 428 96 52 in
1736 428 177 52 omnibus
1848 428 145 52 homini-

1141 468 100 54 bus
1198 468 157 54 Tertio,
1312 468 128 54 vtrum
1398 468 100 54 sit
1455 468 128 54 forma
1540 468 257 54 substaintialis
1754 468 171 54 hominis.
1883 468 86 54 Et
1911 468 86 54 quar

1137 515 104 54 to,
1197 515 134 54 vtrum
1286 515 163 54 creetur
1404 515 74 54 a
1434 515 104 54 Deo
1493 515 134 54 extra
1582 515 163 54 corpus,
1701 515 104 54 vel
1760 515 89 54 in
1805 515 163 54 corpore
1909 515 74 54 ip-

1133 542 127 53 sius
1197 542 143 53 hominis

1283 619 203 75 R
1365 619 244 75 ES
1446 619 366 75 OLVTIO.

1139 712 120 71 Anima
1219 712 134 71 quidem
1313 712 94 71 int
1366 712 174 71 ellectiua
1500 712 107 71 haud
1567 712 174 71 composita
1701 712 94 71 est
1754 712 214 71 substantiali
1915 712 67 71 con

1180 772 192 50 positione:
1331 772 234 50 multiplicatur
1524 772 124 50 tamen
1606 772 165 50 secundum
1730 772 110 50 quod
1799 772 151 50 hominei
1895 772 96 50 mulit

1167 808 100 52 plit
1229 808 124 52 antur,
1316 808 100 52 Vnde
1378 808 112 52 forma
1453 808 149 52 substant
1565 808 112 52 ialis
1640 808 137 52 homimis
1739 808 100 52 rite
1801 808 100 52 esse
1851 808 137 52 censetur,

1166 855 104 51 quam
1231 855 104 51 sant
1296 855 196 51 impossibile
1453 855 91 51 non
1505 855 91 51 est
1557 855 130 51 fuisse
1649 855 104 51 ante
1714 855 91 51 sui
1766 855 157 51 corporis
1871 855 104 51 pvodu-

1160 890 159 43 ctionem:
1279 890 119 43 licet
1358 890 79 43 de
1398 890 119 43 facto
1478 890 93 43 nec
1531 890 119 43 anima
1610 890 119 43 primi
1690 890 146 43 hominis
1796 890 93 43 nec
1835 890 146 43 ceterorum

1174 922 95 66 ent
1229 922 68 66 e
1256 922 136 66 suorum
1351 922 163 66 corperum
1473 922 149 66 produft
1581 922 108 66 onem
1635 922 217 66 praecesserint.

1220 1015 532 65 ARTICVLV
1618 1015 222 65 s
1663 1015 177 65 1.

1288 1093 166 85 Vtrum
1398 1093 166 85 Anima
1509 1093 277 85 intellectua
1712 1093 92 85 sit

1424 1157 216 70 composita

1181 1225 189 81 VANTVM
1314 1225 114 81 ad
1370 1225 189 81 primum
1503 1225 170 81 ponam
1616 1225 151 81 duas
1692 1225 284 81 conclusiones,

1280 1289 133 50 Prima
1369 1289 118 50 est,
1443 1289 118 50 quod
1516 1289 133 50 anima
1605 1289 236 50 intellectiua
1797 1289 103 50 non
1856 1289 103 50 est
1900 1289 74 50 con

1127 1323 147 52 posita
1230 1323 221 52 compositone
1407 1323 250 52 iubstantiali,
1613 1323 118 52 puta
1687 1323 88 52 ex
1731 1323 162 52 materia
1849 1323 74 52 &
1864 1323 103 52 forma

1154 1368 78 47 1
1186 1368 125 47 Quia
1264 1368 94 47 si
1311 1368 141 47 anima
1405 1368 141 47 esset
1499 1368 204 47 composita
1656 1368 94 47 ex
1703 1368 188 47 materia,
1845 1368 78 47 &
1860 1368 110 47 forma

1129 1402 100 45 tuc
1186 1402 114 45 ipsa
1257 1402 100 45 non
1315 1402 143 45 posset
1415 1402 114 45 esse
1486 1402 143 45 forma,
1587 1402 100 45 seu
1644 1402 186 45 perfectio
1787 1402 157 45 humanae
1887 1402 86 45 mate

1129 1447 110 47 riae
1198 1447 192 47 consequens
1349 1447 96 47 est
1404 1447 151 47 falsum,
1514 1447 82 47 vt
1555 1447 151 47 patebit
1665 1447 82 47 in
1706 1447 137 47 tertio
1802 1447 165 47 articulo
1912 1447 69 47 con

1130 1483 186 50 sequentia
1273 1483 143 50 patet:
1373 1483 115 50 quia
1445 1483 115 50 tunc
1517 1483 143 50 essent
1617 1483 115 50 duae
1688 1483 129 50 purae
1774 1483 186 50 potentiae
1903 1483 72 50 si-

1117 1521 128 52 mul
1190 1521 110 52 in
1245 1521 164 52 eodem
1336 1521 146 52 homine

1163 1534 99 79 Et
1213 1534 264 79 confirmatur,
1428 1534 132 79 quia
1510 1534 149 79 anima
1610 1534 198 79 secundum
1758 1534 149 79 totam
1857 1534 132 79 suam
1923 1534 83 79 es-

1127 1599 169 51 sentiam,
1254 1599 85 51 vt
1296 1599 127 51 infra
1381 1599 169 51 patebit,
1508 1599 169 51 perficit
1635 1599 169 51 materiam
1762 1599 169 51 hominis:
1875 1599 99 51 alias

1120 1641 104 48 non
1180 1641 134 48 esset
1269 1641 119 48 eius
1343 1641 134 48 forma
1433 1641 268 48 substantialis,
1656 1641 104 48 sed
1715 1641 89 48 si
1760 1641 134 48 anima
1834 1641 134 48 haberet

1124 1688 196 41 materiam
1271 1688 164 41 pattem
1386 1688 131 41 sui,
1467 1688 131 41 tunc
1549 1688 196 41 secundum
1697 1688 147 41 talem
1795 1688 164 41 partem
1893 1688 82 41 ma-

1122 1718 175 48 terialem
1254 1718 102 48 non
1312 1718 146 48 posset
1414 1718 117 48 esse
1487 1718 189 48 perfectio
1632 1718 189 48 materiae:
1778 1718 117 48 quia
1836 1718 146 48 potentia

1132 1758 91 52 on
1177 1758 181 52 perficit
1313 1758 196 52 potentiam

1162 1768 74 84 2
1192 1768 206 84 Praeterea,
1354 1768 147 84 omnia,
1457 1768 118 84 quae
1531 1768 206 84 conueniunt
1693 1768 88 84 in
1737 1768 177 84 materia,
1870 1768 103 84 sic
1914 1768 59 84 se

1115 1834 176 50 habent,
1243 1834 128 50 quod
1323 1834 112 50 vni
1387 1834 112 50 non
1451 1834 208 50 repugnat,
1611 1834 128 50 quin
1691 1834 160 50 possit
1803 1834 96 50 in
1835 1834 144 50 alterum

1119 1873 246 56 transmutari:
1318 1873 108 56 sed
1380 1873 92 56 de
1426 1873 138 56 anima
1518 1873 246 56 intellectiua
1718 1873 108 56 non
1779 1873 154 56 potest
1871 1873 108 56 fieri

1129 1915 166 43 orpus:
1246 1915 133 43 quia
1329 1915 199 43 secundum
1478 1915 133 43 Aug.
1561 1915 100 43 7:
1611 1915 149 43 super
1710 1915 116 43 Sen
1777 1915 133 43 omne
1843 1915 133 43 corpus

1117 1948 95 46 in
1165 1948 127 46 omne
1244 1948 159 46 corpus
1355 1948 143 46 posse
1450 1948 174 46 mutari,
1577 1948 111 46 non
1640 1948 222 46 defuerunt,
1815 1948 111 46 qui
1878 1948 111 46 hoc
1926 1948 79 46 as-

1117 1994 189 53 sererent,
1263 1994 146 53 corpus
1365 1994 131 53 autem
1452 1994 175 53 aliquod,
1583 1994 116 53 siue
1656 1994 189 53 terrenum,
1801 1994 116 53 siue
1860 1994 146 53 caeleste

1119 2034 192 54 conuerti
1263 2034 96 54 in
1311 2034 176 54 animam,
1438 2034 192 54 fierique
1582 2034 176 54 naturam
1710 2034 255 54 incorpoream,
1901 2034 80 54 nec

1131 2072 163 48 uemquam
1250 2072 178 48 sensisse
1383 2072 133 48 scio,
1471 2072 104 48 nec
1531 2072 133 48 fides
1619 2072 148 48 habet,
1723 2072 118 48 ergo
1782 2072 74 48 &c.

1154 2112 78 54 3
1186 2112 219 54 Praeterea,
1358 2112 157 54 ibidem
1468 2112 110 54 ait
1530 2112 235 54 Augustinus,
1718 2112 141 54 Situt
1812 2112 125 54 Deus
1875 2112 94 54 omne

1110 2156 232 46 creaturam,
1293 2156 116 46 sic
1359 2156 149 46 anima
1459 2156 149 46 omnem
1558 2156 232 46 corporalem
1741 2156 216 46 creaturam
1890 2156 83 46 na-

1115 2195 130 39 turae
1201 2195 188 39 dignitate
1346 2195 217 39 praecellit:
1519 2195 101 39 sed
1577 2195 87 39 si
1620 2195 159 39 haberet
1736 2195 173 39 materiam
1851 2195 116 39 partem

1113 2233 127 40 sui,
1192 2233 127 40 tunc
1272 2233 111 40 non
1335 2233 190 40 apparet,
1478 2233 95 40 in
1525 2233 111 40 quo
1589 2233 143 40 omnem
1684 2233 206 40 corpoream
1826 2233 143 40 naturam

1113 2268 172 43 naturali
1242 2268 186 43 dignitate
1385 2268 244 43 praecelleret,
1586 2268 129 43 alias
1672 2268 115 43 enim
1744 2268 201 43 excelleret
1887 2268 86 43 seip

1114 2307 122 48 sam:
1190 2307 122 48 quia
1266 2307 137 48 omne,
1358 2307 122 48 quod
1434 2307 137 48 habet
1525 2307 183 48 materiam
1662 2307 168 48 proprie
1784 2307 168 48 dictam,
1891 2307 76 48 ess

1121 2349 154 49 natura
1213 2349 169 49 corporea.

1163 2378 72 55 4
1191 2378 200 55 Praeterea,
1349 2378 129 55 sicut
1435 2378 114 55 duae
1506 2378 143 55 formae
1606 2378 157 55 eiusdem
1721 2378 172 55 rationis
1850 2378 100 55 non
1892 2378 72 55 pos

1116 2426 121 42 sunt
1192 2426 136 42 simul
1282 2426 197 42 perficere
1434 2426 151 42 eandem
1540 2426 197 42 materiam,
1691 2426 106 42 sic
1752 2426 106 42 vna
1813 2426 136 42 forma
1888 2426 76 42 non

1124 2466 138 47 potest
1221 2466 124 47 simul
1303 2466 179 47 perficere
1441 2466 110 47 duas
1509 2466 165 47 materias
1633 2466 151 47 eiusdem
1743 2466 179 47 rationis;
1881 2466 96 47 sed
1922 2466 55 47 si

1106 2506 145 47 anima
1203 2506 258 47 intellectiua
1412 2506 177 47 haberet
1542 2506 194 47 materiam
1687 2506 161 47 partem
1800 2506 129 47 sui,
1864 2506 97 47 tund

1117 2547 96 39 vna
1172 2547 137 39 forma,
1268 2547 164 39 scilicet
1391 2547 109 39 illa
1459 2547 191 39 actualitas
1610 2547 137 39 ipsius
1705 2547 137 39 animae
1801 2547 123 39 simul
1869 2547 96 39 infor

1116 2584 132 52 maret
1204 2584 190 52 materiam,
1350 2584 117 52 quae
1424 2584 132 52 esset
1511 2584 117 52 pars
1585 2584 117 52 sui,
1658 2584 73 52 &
1687 2584 190 52 materiam,
1833 2584 117 52 quae
1892 2584 73 52 es-

1112 2620 109 54 set
1175 2620 124 54 pars
1252 2620 186 54 hominis,
1392 2620 124 54 quae
1470 2620 155 54 quidem
1579 2620 186 54 materiae
1718 2620 155 54 essent
1827 2620 171 54 eiusdem

1117 2663 191 39 rationis:
1264 2663 118 39 quia
1338 2663 132 39 ambae
1426 2663 147 39 essent
1529 2663 118 39 pura
1603 2663 191 39 potentia,
1750 2663 88 39 in
1794 2663 103 39 qua
1853 2663 103 39 non
1897 2663 74 39 po-

1123 2702 103 55 est
1182 2702 146 55 cadere
1284 2702 176 55 secundum
1416 2702 88 55 se
1460 2702 220 55 distinctio,
1636 2702 88 55 vt
1680 2702 176 55 superius
1812 2702 161 55 probaui
1914 2702 59 55 de

1105 2737 166 55 materia
1225 2737 135 55 celi:
1316 2737 120 55 ergo
1376 2737 60 55 &c

1186 2779 198 50 Preterea,
1338 2779 167 50 ceterae
1459 2779 152 50 formae
1566 2779 182 50 materiam
1703 2779 243 50 informantes,
1885 2779 76 50 non

1111 2815 120 54 sunt
1186 2815 210 54 compositae
1351 2815 90 54 ex
1396 2815 180 54 materia,
1531 2815 75 54 &
1560 2815 150 54 forma,
1665 2815 90 54 vt
1710 2815 135 54 patet
1800 2815 165 54 vndique
1905 2815 60 54 in

1117 2861 93 51 in
1163 2861 309 51 philosophiasergo
1426 2861 108 51 nec
1488 2861 139 51 anima
1580 2861 263 51 intellectiua,
1781 2861 186 51 consequen-

1125 2898 92 49 ia
1171 2898 154 49 patet,
1279 2898 123 49 quia
1355 2898 154 49 quanto
1463 2898 139 49 forma
1556 2898 108 49 est
1617 2898 231 49 perfectior.
1802 2898 77 49 &
1833 2898 108 49 Deo
1879 2898 92 49 pro-

1116 2938 194 46 pinquior,
1266 2938 135 46 tanto
1355 2938 90 46 in
1400 2938 105 46 sua
1460 2938 149 46 natura
1564 2938 105 46 est
1624 2938 164 46 purior,
1744 2938 75 46 &
1774 2938 135 46 minus
1848 2938 120 46 permi-

1118 2972 105 53 vta
1178 2972 195 53 materiali
1313 2972 150 53 potentia

1161 2986 207 83 Praeterea,
1323 2986 133 83 dicit
1412 2986 177 83 Doethius
1545 2986 89 83 in
1589 2986 103 83 lib
1648 2986 89 83 de
1692 2986 148 83 duabus
1796 2986 177 83 naturis,
1929 2986 74 83 &

1126 3057 93 40 na
1172 3057 170 40 persona
1295 3057 185 40 Christi,
1434 3057 123 40 quod
1511 3057 139 40 omnis
1604 3057 154 40 natura
1712 3057 232 40 incorporeae
1882 3057 77 40 sub

1106 3095 181 49 stantiae
1242 3095 136 49 nullo
1332 3095 181 49 materiae
1468 3095 196 49 innititur
1604 3095 196 49 fundamento
