2390 3552
441 280 71 72 3
469 280 199 72 Praeterea,
626 280 100 72 ea,
683 280 114 72 quae
754 280 157 72 possunt
868 280 114 72 esse
939 280 114 72 sine
1010 280 171 72 corpore,
1138 280 114 72 illa
1195 280 71 72 nec

395 352 154 45 habent
503 352 185 45 materiam
641 352 231 45 sensibilem,
827 352 108 45 nec
888 352 293 45 intelligibilem,
1135 352 93 45 vt
1166 352 108 45 patet

418 387 106 44 per
478 387 242 44 philosophum.
675 387 91 44 7.
705 387 106 44 meta.

449 418 107 55 Sed
510 418 107 55 est
571 418 169 55 quaedam
694 418 169 55 opinio,
817 418 123 55 quae
894 418 215 55 contrarium
1063 418 138 55 tenet
1139 418 123 55 istius

419 461 251 49 conclusionis;
626 461 103 49 Pro
685 461 103 49 qua
744 461 177 49 videntur
877 461 118 49 esse
951 461 133 49 dicta
1039 461 192 49 aliquorum
1172 461 89 49 san-

427 499 158 52 torum.
538 499 158 52 Deatus
648 499 126 52 enim
727 499 221 52 Augustinus
900 499 158 52 super.
1011 499 110 52 Sen
1058 499 205 52 tripliciter

420 543 170 46 probat
539 543 170 46 animam
658 543 170 46 habere
760 543 187 46 materiam.

442 575 81 56 1
474 575 145 56 Primo
571 575 129 56 sic,
652 575 161 56 Corpus
765 575 145 56 habet
862 575 194 56 materiam
1007 575 113 56 pro
1071 575 113 56 suo
1120 575 145 56 generes

422 631 126 38 ergo
501 631 237 38 rationabile
690 631 126 38 esse
769 631 174 38 videtur
895 631 158 38 animam
1006 631 158 38 habere
1116 631 189 38 materiam

407 664 121 65 pro
476 664 121 65 suo
527 664 138 65 genere

449 693 79 58 2
481 693 174 58 Secundo
608 693 127 58 sic,
687 693 95 58 Si
734 693 158 58 corpus
845 693 143 58 habet
940 693 190 58 materiam
1083 693 174 58 propter
1194 693 79 58 sui

415 734 288 51 mutabilitatem,
655 734 144 51 etiam
751 734 144 51 anima
847 734 176 51 habebit
974 734 208 51 materiam,
1134 734 112 51 cum
1182 734 80 51 sit

407 778 196 58 mutabilis
558 778 91 58 de
603 778 166 58 virtute
724 778 91 58 in
770 778 166 58 vltium:
891 778 76 58 &
906 778 181 58 econuerso.

457 803 79 68 3
489 803 157 68 Tertio
599 803 126 68 sic,
678 803 157 68 catnem
788 803 189 68 arguimus
930 803 157 68 habere
1040 803 205 68 materiam:
1182 803 94 68 quia

405 858 121 59 nunc
481 858 106 59 est
541 858 182 59 pulchra,
678 858 121 59 nunc
754 858 167 59 turpis;
875 858 152 59 igitur
982 858 137 59 anima
1058 858 213 59 etiamvidetur

420 896 164 53 habere
518 896 180 53 materiam.

454 914 78 72 4
486 914 219 72 Praeterea,
657 914 187 72 Docthius
798 914 140 72 circa
891 914 219 72 principium
1063 914 109 72 sui
1126 914 140 72 libri
1204 914 62 72 de

422 980 146 45 trini.
524 980 117 45 ait,
597 980 146 45 formas
699 980 117 45 esse
772 980 190 45 subiectas
918 980 248 45 accidentibus,
1122 980 102 45 hoc
1166 980 102 45 facit

423 1016 181 51 materia:
558 1016 105 51 sod
619 1016 135 51 anima
709 1016 241 51 intellectiua
905 1016 181 51 subiecta
1040 1016 105 51 est
1085 1016 181 51 accidenti-

416 1057 129 48 bus:
497 1057 129 48 ergo
561 1057 65 48 &c

434 1077 73 57 3
464 1077 204 57 Praeterea.
624 1077 87 57 2.
667 1077 175 57 metaphy.
798 1077 175 57 dicitur,
929 1077 116 57 quod
1002 1077 160 57 necesse
1118 1077 102 57 est
1177 1077 87 57 in
1206 1077 58 57 re

410 1133 123 46 mota
487 1133 201 46 imaginari
641 1133 201 46 materiam:
795 1133 108 46 sed
857 1133 139 46 anima
950 1133 154 46 moueri
1058 1133 170 46 potest:
1166 1133 108 46 alias

422 1168 182 47 numquam
555 1168 215 47 recederet
720 1168 99 47 de
770 1168 166 47 humano
886 1168 199 47 corpore;
1035 1168 132 47 ergo
1101 1168 83 47 &c.

445 1198 78 59 S
477 1198 219 59 Praeterea,
649 1198 250 59 proprietates
852 1198 172 59 numquam
977 1198 188 59 deserunt
1118 1198 156 59 illud,
1211 1198 63 59 cu

420 1245 102 50 ius
479 1245 117 50 sunt
552 1245 249 50 proprietates:
757 1245 102 50 sed
815 1245 176 50 subiici,
947 1245 190 50 recipere,
1093 1245 73 50 &
1123 1245 117 50 pati
1181 1245 88 50 sunt

413 1292 237 54 proprietates
606 1292 193 54 materiae,
755 1292 104 54 hae
814 1292 134 54 autem
903 1292 237 54 proprietates
1096 1292 148 54 insunt
1185 1292 89 54 ani-

411 1332 121 48 mae;
487 1332 121 48 ergo
547 1332 76 48 &c.

444 1362 70 55 V
472 1362 181 55 Preterea,
611 1362 125 55 nihil
695 1362 125 55 viuit
778 1362 98 55 per
834 1362 84 55 se
876 1362 139 55 ipsum,
973 1362 70 55 &
1001 1362 84 55 in
1043 1362 153 55 seipso,
1155 1362 111 55 nisi
1210 1362 56 55 so

422 1400 103 49 lus
481 1400 133 49 Deus:
570 1400 162 49 propter
688 1400 118 49 quod
762 1400 177 49 Saluator
894 1400 103 49 dit
953 1400 89 49 in
998 1400 162 49 loanne,
1116 1400 133 49 sicut
1189 1400 74 49 pa-

421 1439 101 54 ter
478 1439 130 54 habet
565 1439 130 54 vitam
651 1439 86 54 in
694 1439 202 54 semetipso:
853 1439 101 54 sic
911 1439 130 54 dedit
997 1439 72 54 &
1026 1439 130 54 filio
1112 1439 144 54 habere
1199 1439 72 54 vi-

417 1474 97 55 tam
473 1474 83 55 in
514 1474 125 55 semet
597 1474 125 55 ipso,
681 1474 97 55 sed
736 1474 125 55 anima
819 1474 166 55 separata
944 1474 139 55 viuit;
1041 1474 139 55 igitur
1138 1474 111 55 erit
1194 1474 69 55 di-

414 1515 193 58 uisibilis
563 1515 89 58 in
607 1515 134 58 talia
696 1515 119 58 duo,
770 1515 148 58 quorum
874 1515 119 58 vnum
948 1515 134 58 viuit
1038 1515 104 58 per
1097 1515 178 58 alterum,
1216 1515 59 58 ab

422 1564 88 49 eo
466 1564 192 49 recipiens
614 1564 133 49 vitam

446 1592 74 55 S
476 1592 207 55 Praeterea,
638 1592 133 55 actio
727 1592 163 55 nullius
845 1592 163 55 agentis
964 1592 148 55 realis
1067 1592 207 55 terminatur
1215 1592 59 55 ad

414 1634 130 51 solam
500 1634 159 51 formam,
616 1634 87 51 vt
659 1634 144 51 patet.
760 1634 87 51 8.
803 1634 144 51 physi,
905 1634 101 51 sed
962 1634 159 51 creatio
1078 1634 202 51 terminatur
1222 1634 58 51 ad

415 1676 150 58 solam
515 1676 184 58 animam,
649 1676 133 58 ergo
716 1676 83 58 &c.

458 1717 114 58 Sed
523 1717 131 58 ista
605 1717 114 58 non
654 1717 196 58 concludunt

465 1747 116 68 Vnde
537 1747 87 68 ad
580 1747 130 68 prima
667 1747 116 68 tria
740 1747 188 68 dicendum,
884 1747 116 68 quod
957 1747 203 68 Angustinus
1116 1747 101 68 ibi
1174 1747 130 68 loqui

423 1790 102 53 tur
482 1790 233 53 disputatiue,
671 1790 117 53 quod
744 1790 146 53 patet,
846 1790 117 53 quia
919 1790 146 53 ibidem
1021 1790 146 53 arguit
1123 1790 87 53 ad
1152 1790 117 53 opposi

419 1832 105 58 tam
479 1832 151 58 partem
585 1832 181 58 quattuor
720 1832 166 58 mediis.
840 1832 105 58 Nec
901 1832 135 58 illae
991 1832 120 58 tres
1066 1832 181 58 rationes
1187 1832 90 58 Aug.

409 1876 220 54 concludunt
582 1876 94 54 de
629 1876 173 54 materia
755 1876 173 54 proprie
880 1876 157 54 dicta,
990 1876 110 54 sed
1053 1876 141 54 solum
1132 1876 141 54 probant

408 1911 168 50 animam
526 1911 168 50 aliquo
643 1911 134 50 modo
727 1911 134 50 esse
811 1911 101 50 in
845 1911 168 50 potentia

460 1954 101 52 Ad
511 1954 186 52 quartum
646 1954 219 52 dicendum,
814 1954 135 52 quod
899 1954 202 52 Doethius
1051 1954 118 52 ibi
1101 1954 169 52 loquitur

409 1999 140 47 large
503 1999 94 47 de
550 1999 187 47 materia,
690 1999 140 47 prout
784 1999 125 47 omne
862 1999 218 47 materiale,
1033 1999 109 47 vel
1080 1999 187 47 potentiale

417 2040 205 43 quandoque
575 2040 174 43 dicitur
701 2040 190 43 materia,
844 2040 111 43 quo
907 2040 126 43 modo
986 2040 111 43 ait
1049 2040 158 43 Auctor
1159 2040 95 43 de
1191 2040 79 43 cau

416 2067 123 53 sis,
493 2067 123 53 quod
570 2067 201 53 quaelibet
724 2067 262 53 intelligentia
940 2067 139 53 habet
1033 2067 123 53 suum
1094 2067 170 53 hyleachim

425 2107 89 53 id
470 2107 103 53 est
529 2107 118 53 suum
602 2107 207 53 materiale,
765 2107 103 53 seu
809 2107 177 53 potentiale

464 2136 96 58 Ad
512 2136 175 58 quintum
639 2136 207 58 dicendum,
799 2136 128 58 quod
878 2136 112 58 ibi
942 2136 191 58 loquitur
1070 2136 207 58 philosophus

418 2186 94 55 de
465 2186 126 55 his,
544 2186 126 55 quae
623 2186 189 55 mouentur
764 2186 126 55 motu
843 2186 204 55 continuo,
1000 2186 79 55 &
1031 2186 173 55 proprie
1141 2186 126 55 dicto;

427 2234 118 52 quo
495 2234 135 52 modo
579 2234 219 52 solummodo
748 2234 169 52 potest
866 2234 169 52 moueri
967 2234 152 52 corpus.

465 2262 90 61 Ad
510 2262 150 61 sextum
615 2262 195 61 dicendum,
766 2262 120 61 quod
841 2262 180 61 subiici,
976 2262 135 61 pati,
1066 2262 75 61 &
1097 2262 180 61 recipere
1217 2262 60 61 in

403 2305 154 53 anima,
510 2305 77 53 &
541 2305 92 53 in
587 2305 169 53 materia
710 2305 108 53 non
771 2305 230 53 reperiuntur
956 2305 184 53 vniuoce:
1094 2305 108 53 sed
1140 2305 123 53 aequi-

410 2352 147 42 uoce:
507 2352 114 42 nam
573 2352 147 42 anima
670 2352 179 42 recipit
801 2352 163 42 formas
915 2352 310 42 intellectuales;
1159 2352 98 42 mate

422 2381 103 54 ria
481 2381 147 54 formas
584 2381 220 54 sensibiles:
760 2381 117 54 pati
833 2381 147 54 ipsius
936 2381 147 54 animae
1039 2381 103 54 non
1098 2381 103 54 est
1142 2381 132 54 proprie

424 2422 156 54 passio,
537 2422 99 54 sed
594 2422 128 54 salus
679 2422 71 54 &
707 2422 184 54 receptio:
849 2422 156 54 materia
962 2422 113 54 vero
1033 2422 156 54 proprie
1132 2422 142 54 patitur:

418 2461 112 57 quia
488 2461 112 57 eius
558 2461 140 57 passio
655 2461 126 57 magis
739 2461 126 57 facta
823 2461 153 57 abiicit
934 2461 70 57 a
962 2461 195 57 substantia
1116 2461 112 57 rei,
1171 2461 98 57 cuius

417 2503 103 50 est
476 2503 177 50 materia.
609 2503 148 50 Iterum
713 2503 162 50 materia
831 2503 207 50 subiicitur
993 2503 148 50 formis
1082 2503 192 50 particulari

425 2547 127 40 pus;
505 2547 143 40 anima
600 2547 143 40 autem
695 2547 159 40 formis
807 2547 286 40 vniuersalibus;
1045 2547 111 40 non
1109 2547 143 40 tamen
1188 2547 80 40 hoc

422 2577 120 50 dico
497 2577 105 50 pro
557 2577 150 50 tanto,
662 2577 120 50 quod
737 2577 165 50 species
858 2577 210 50 existentes
1023 2577 90 50 in
1068 2577 135 50 anima
1158 2577 120 50 sunt
1218 2577 60 50 in

414 2619 87 53 se
458 2619 232 53 vniuersales:
647 2619 102 53 sed
705 2619 116 53 quia
777 2619 131 53 aptae
865 2619 116 53 nate
937 2619 116 53 sunt
1010 2619 232 53 representare
1184 2619 87 53 quid

423 2666 157 45 ditates
537 2666 128 45 rerum
623 2666 86 45 in
665 2666 214 45 vniuersali,

457 2684 103 63 Ad
508 2684 205 63 septimum
662 2684 222 63 dicendum,
833 2684 137 63 quod
918 2684 222 63 potentiae
1089 2684 171 63 animae
1192 2684 85 63 vi-

423 2738 122 55 uunt
499 2738 107 55 per
545 2738 183 55 essentiam.

451 2774 103 54 Ad
502 2774 189 54 octauum
640 2774 223 54 dicendum,
812 2774 138 54 quod
898 2774 189 54 quamuis
1035 2774 155 54 forma
1138 2774 120 54 non
1190 2774 86 54 pos

422 2816 107 54 sit
483 2816 199 54 terminare
636 2816 184 54 actionem
774 2816 169 54 agentis
897 2816 215 54 naturalis:
1065 2816 138 54 tamen
1157 2816 123 54 bene
1219 2816 61 54 po

428 2855 120 49 test
503 2855 195 49 terminare
654 2855 180 49 actionem
789 2855 211 49 creatoris;
954 2855 135 49 nulla
1044 2855 120 49 enim
1120 2855 135 49 forma
1195 2855 75 49 ess

423 2892 115 48 adeo
495 2892 101 48 tam
552 2892 216 48 materialis,
726 2892 115 48 quin
798 2892 130 48 Deus,
884 2892 87 48 si
928 2892 159 48 vellet,
1043 2892 144 48 posset
1144 2892 101 48 eam
1187 2892 87 48 sine

427 2942 167 42 materia
548 2942 167 42 creare,
670 2942 76 42 &
700 2942 167 42 creatam
822 2942 228 42 conseruare,
1004 2942 152 42 dumodo
1110 2942 137 42 talis
1186 2942 91 42 for-

417 2971 89 55 ma
462 2971 104 55 sit
521 2971 222 55 simpliciter
699 2971 104 55 res
743 2971 148 55 absoluta

470 3006 178 50 becundo
599 3006 145 50 dico,
696 3006 129 50 quod
777 3006 145 50 anima
873 3006 161 50 potest
986 3006 129 50 dici
1067 3006 210 50 composita
1212 3006 65 50 ex

431 3054 188 47 materia,
572 3054 172 47 sumendo
698 3054 188 47 materiam
839 3054 157 47 large,
948 3054 188 47 scilicet
1089 3054 110 47 pro
1136 3054 141 47 quacum-

442 3091 84 50 ue
484 3091 168 50 potentia
610 3091 168 50 alicuius
736 3091 70 50 a
764 3091 84 50 se
806 3091 168 50 realiter
933 3091 182 50 distincti
1073 3091 196 50 receptiua.
1213 3091 70 50 Nam

429 3129 134 55 anima
519 3129 134 55 habet
608 3129 119 55 esse
683 3129 179 55 receptum
817 3129 89 55 in
862 3129 194 55 essentia.
1011 3129 149 55 Iterum
1115 3129 119 55 suae
1175 3129 104 55 poten

1284 283 114 69 tiae
1355 283 157 69 insuuit
1470 283 114 69 suae
1541 283 200 69 essentiae.
1699 283 143 69 Iterum
1799 283 114 69 suae
1870 283 186 69 potentiae
2014 283 114 69 sunt
2071 283 100 69 reces

1308 347 143 49 tiuae
1403 347 222 49 specierum,
1578 347 175 49 actuum,
1705 347 79 49 &
1737 347 207 49 habituum,
1896 347 127 49 quae
1975 347 143 49 omnia
2055 347 111 49 prote

1289 388 171 48 stantur
1414 388 295 48 potentialitatem
1662 388 155 48 ipsius
1771 388 171 48 animae,
1895 388 78 48 &
1926 388 109 48 per
1973 388 186 48 consequens

1296 421 303 65 materialitatem,
1551 421 144 65 large
1647 421 191 65 loquendo
1791 421 96 65 de
1822 421 160 65 materia.

1412 497 596 86 ARTICVLVS
1825 497 183 86 I.

1428 594 154 76 Vtrum
1530 594 154 76 anima
1633 594 273 76 intellectiua
1855 594 120 76 sit
1923 594 120 76 vna
1975 594 51 76 n

1543 647 236 70 omnibus
1693 647 214 70 homiubus

1359 716 177 61 VANTVM
1483 716 106 61 ad
1537 716 213 61 secundum
1696 716 230 61 articulum
1873 716 160 61 primo
1980 716 142 61 pono
2051 716 106 61 unam

1411 776 161 42 veram,
1523 776 80 42 &
1556 776 225 42 catholicam
1732 776 273 42 conclusionem.
1957 776 177 42 Secundo
2070 776 80 42 re-

1287 813 166 61 citabo
1403 813 282 61 Commentatoris
1635 813 199 61 errorem,
1784 813 133 61 quia
1867 813 133 61 huic
1934 813 215 61 conclusioni

1302 851 231 54 opponitur,
1483 851 82 54 &
1516 851 148 54 ipsum
1598 851 198 54 improbabo.

1335 887 121 59 Dico
1411 887 151 59 igitur
1517 887 151 59 primo,
1623 887 121 59 quod
1698 887 136 59 anima
1789 887 242 59 intellectiua
1971 887 197 59 multiplica-

1290 932 115 47 tur
1355 932 213 47 secundum,
1519 932 131 47 quod
1601 932 180 47 homines
1716 932 278 47 multiplicantur.

1340 956 78 68 1
1372 956 124 68 Quia
1449 956 124 68 dato
1527 956 218 68 oppositum:
1698 956 124 68 tunc
1776 956 171 68 periret
1900 956 187 68 praemium
2025 956 124 68 virtu-

1296 1013 122 44 tum,
1372 1013 76 44 &
1403 1013 199 44 correctio
1555 1013 199 44 vitiorum,
1708 1013 122 44 quod
1784 1013 107 44 est
1846 1013 153 44 contra
1952 1013 183 44 iudicium
2075 1013 76 44 na-

1299 1052 162 47 turale
1412 1052 260 47 consequentia
1623 1052 162 47 patet:
1737 1052 114 47 nam
1802 1052 114 47 cum
1867 1052 162 47 multos
1980 1052 179 47 homines
2094 1052 65 47 vi

1303 1087 147 49 tiosos
1406 1087 176 49 videamus
1538 1087 176 49 affluere
1670 1087 147 49 multis
1773 1087 176 49 deliciis
1905 1087 88 49 in
1949 1087 103 49 hoc
2007 1087 147 49 mundo,
2110 1087 73 49 &

1293 1129 148 40 multos
1397 1129 192 40 virtuosos
1545 1129 178 40 torqueri
1678 1129 148 40 varijs
1782 1129 207 40 laboribus:
1945 1129 89 40 si
1989 1129 148 40 animae
2078 1129 74 40 eo-

1297 1163 107 52 rum
1358 1163 123 52 post
1435 1163 123 52 hanc
1511 1163 215 52 corporalem
1680 1163 138 52 vitam
1772 1163 107 52 non
1834 1163 169 52 essent,
1957 1163 123 52 tunc
2033 1163 107 52 nec
2079 1163 77 52 il-

1297 1199 84 55 li
1339 1199 153 55 vitiosi
1451 1199 209 55 punirentur,
1618 1199 98 55 nec
1674 1199 112 55 isti
1743 1199 167 55 virtuosi
1869 1199 237 55 premiarentur.
2064 1199 98 55 Sed
2106 1199 56 55 si

1300 1244 106 53 vna
1361 1244 137 53 esset
1452 1244 137 53 anima
1543 1244 258 53 intellectiua,
1756 1244 122 53 tunc
1832 1244 152 53 animae
1938 1244 167 53 proprie
2045 1244 106 53 homi-

1305 1288 93 46 um
1352 1288 155 46 essent
1461 1288 233 46 sensibiles,
1647 1288 78 46 &
1678 1288 109 46 per
1740 1288 217 46 consequens
1896 1288 248 46 corruptibiles.

1316 1323 78 51 2
1348 1323 217 51 Praeterea,
1518 1323 202 51 sequitur,
1674 1323 124 51 quod
1751 1323 171 51 diuersi
1875 1323 171 51 homines
2000 1323 140 51 simul
2077 1323 78 51 in-

1296 1369 232 43 telligentes
1481 1369 124 43 idem
1558 1369 201 43 obiectum,
1713 1369 263 43 intelligerent
1929 1369 139 43 eodem
2022 1369 124 43 actu
2084 1369 77 43 in-

1298 1404 208 48 telligendi
1461 1404 208 48 consequens
1624 1404 104 48 est
1684 1404 163 48 falsum,
1802 1404 119 48 quia
1876 1404 178 48 actiones
1995 1404 163 48 multipli-

1297 1442 164 42 cantur
1412 1442 312 42 multiplicatione
1674 1442 263 42 suppositorum
1888 1442 214 42 agentium:
2036 1442 131 42 conse-

1309 1482 150 48 uentia
1414 1482 150 48 patet,
1519 1482 120 48 quia
1595 1482 135 48 eadem
1685 1482 135 48 anima
1775 1482 241 48 intellectiua
1971 1482 180 48 respectu
2091 1482 60 48 e-

1302 1519 149 48 iusdem
1406 1519 164 48 obiecti
1525 1519 104 48 non
1585 1519 149 48 potest
1689 1519 208 48 informari,
1853 1519 119 48 nisi
1927 1519 134 48 vnico
2016 1519 119 48 actu
2076 1519 74 48 in

1280 1558 204 48 telligendi.

1306 1601 79 46 3
1338 1601 221 46 Praeterea,
1512 1601 111 46 vna
1575 1601 142 46 forma
1670 1601 269 46 substantialis
1891 1601 111 46 non
1954 1601 158 46 potest
2049 1601 111 46 simul

1291 1640 209 49 informare
1452 1640 193 49 materiam
1597 1640 258 49 distinctorum
1806 1640 274 49 suppositorum:
2031 1640 129 49 sed,
2096 1640 64 49 vt

1307 1673 160 46 patebit
1423 1673 87 46 in
1466 1673 174 46 articulo
1597 1673 189 46 sequenti,
1742 1673 131 46 anima
1829 1673 232 46 intellectiua
2017 1673 102 46 est
2061 1673 102 46 forma

1307 1716 234 50 substantialis
1486 1716 152 50 hiominis,

1316 1756 107 57 Sed
1377 1756 214 57 contrarium
1545 1756 153 57 istius
1652 1756 244 57 conclusionis
1850 1756 138 57 ponit
1942 1756 199 57 Auerroes,
2080 1756 76 57 com

1294 1790 187 58 mentator
1434 1790 93 58 3.
1481 1790 93 58 de
1528 1790 156 58 anima,
1637 1790 78 58 &
1668 1790 109 58 hoc
1730 1790 109 58 tam
1792 1790 109 58 per
1854 1790 124 58 eum,
1932 1790 124 58 quam
2010 1790 109 58 per
2057 1790 93 58 hae-

1304 1834 163 48 teticos
1423 1834 118 48 suos
1497 1834 178 48 sequaces
1630 1834 178 48 probatur
1763 1834 133 48 primo
1837 1834 89 48 sic.

1337 1870 85 47 1
1371 1870 203 47 Secundum
1523 1870 271 47 philosophum.
1744 1870 102 47 5.
1794 1870 203 47 metaphy.
1947 1870 135 47 quod
2015 1870 135 47 aliqua

1308 1908 125 60 sint
1387 1908 141 60 plura
1481 1908 172 60 numero,
1606 1908 78 60 &
1637 1908 125 60 vnum
1716 1908 172 60 specie,
1841 1908 110 60 hoc
1903 1908 219 60 contingit:
2060 1908 94 60 quia

1299 1954 154 42 multam
1406 1954 154 42 habent
1514 1954 200 42 materiam:
1668 1954 77 42 &
1699 1954 123 42 ideo
1775 1954 92 42 in
1822 1954 138 42 alia,
1914 1954 77 42 &
1945 1954 123 42 alia
2022 1954 138 42 parte
2098 1954 62 42 ma

1300 1993 141 45 teriae
1399 1993 183 45 recipitur
1539 1993 127 45 alia,
1624 1993 70 45 &
1652 1993 113 45 alia
1722 1993 141 45 forma:
1821 1993 113 45 ergo
1891 1993 70 45 a
1920 1993 225 45 destructione
2089 1993 70 45 con

1308 2029 215 46 sequentis,
1477 2029 154 46 illud,
1585 2029 123 46 quod
1662 2029 154 46 nullam
1769 2029 139 46 habet
1862 2029 200 46 materiam,
2016 2029 92 46 in
2046 2029 108 46 eadem

1304 2068 144 52 specie
1404 2068 230 52 multiplicari
1591 2068 100 52 non
1648 2068 158 52 potest:
1763 2068 100 52 sed
1820 2068 129 52 anima
1907 2068 244 52 intellectiua,
2093 2068 72 52 seu

1304 2119 215 43 intellectus
1476 2119 201 43 possibilis
1633 2119 186 43 separatus
1777 2119 100 43 est
1834 2119 72 43 a
1863 2119 158 43 materia
1978 2119 72 43 :
2006 2119 115 43 ergo
2064 2119 57 43 &c

1320 2152 89 45 2
1356 2152 232 45 Preterea,
1535 2152 214 45 secundum
1695 2152 268 45 philosophum
1910 2152 197 45 numquam
2035 2152 125 45 multi

1304 2189 203 44 plicantur
1460 2189 156 44 aliqua
1569 2189 187 44 secundum
1710 2189 109 44 num
1772 2189 140 44 erum,
1866 2189 125 44 nisi
1944 2189 125 44 quia
2022 2189 109 44 non
2068 2189 94 44 pos-

1305 2225 127 50 sunt
1385 2225 222 50 perpetuari
1559 2225 95 50 in
1607 2225 111 50 uno
1671 2225 191 50 secundum
1813 2225 191 50 numerum:
1956 2225 111 50 sed
2004 2225 159 50 intelle-

1303 2266 110 61 ctus
1372 2266 96 61 est
1427 2266 275 61 incorruptibilis,
1661 2266 110 61 quia
1729 2266 179 61 separatur
1867 2266 82 61 ab
1908 2266 137 61 aliis,
2004 2266 124 61 sicut
2073 2266 96 61 perpe

1308 2306 115 47 tuum
1379 2306 72 47 a
1408 2306 243 47 corruptibili,
1608 2306 129 47 sicut
1694 2306 129 47 patet
1780 2306 86 47 3.
1823 2306 86 47 de
1852 2306 100 47 anima

1320 2339 77 52 3
1350 2339 199 52 Preterea,
1504 2339 92 52 si
1550 2339 291 52 multiplicaretur
1795 2339 138 52 anima
1887 2339 261 52 intellectina,
2086 2339 77 52 hoc

1308 2385 149 52 maxime
1412 2385 193 52 videretur
1561 2385 178 52 prtanto,
1694 2385 119 52 quia
1769 2385 134 52 esset
1858 2385 134 52 forma
1932 2385 223 52 substantialis

1303 2424 175 45 hominis:
1435 2424 102 45 sed
1493 2424 102 45 hoc
1552 2424 102 45 non
1610 2424 146 45 potest
1712 2424 131 45 esse,
1800 2424 117 45 quia
1873 2424 175 45 potentia
2004 2424 102 45 non
2048 2424 117 45 potest

1308 2462 120 42 esse
1383 2462 165 42 maioris
1503 2462 270 42 abstractionis,
1728 2462 120 42 quam
1802 2462 195 42 essentia,
1952 2462 90 42 in
1997 2462 105 42 qua
2042 2462 120 42 funda-

1299 2501 105 54 tur
1359 2501 75 54 :
1389 2501 179 54 potentia
1523 2501 120 54 enim
1598 2501 105 54 non
1658 2501 105 54 est
1718 2501 209 54 abstracta,
1882 2501 120 54 nisi
1957 2501 120 54 quia
2017 2501 149 54 fundatur

1309 2541 84 45 in
1351 2541 169 45 essentia
1478 2541 197 45 abstracta,
1632 2541 98 45 sed
1688 2541 169 45 potentia
1815 2541 225 45 intellectiua
1997 2541 183 45 abstrahit
2124 2541 42 45 a

1306 2579 168 55 materia:
1432 2579 112 55 ergo
1502 2579 168 55 essentia
1627 2579 140 55 animae
1725 2579 237 55 intellectiuae
1921 2579 98 55 non
1976 2579 154 55 poterit
2088 2579 112 55 esse

1303 2620 131 50 forma
1391 2620 247 50 substantialis
1579 2620 160 50 materiae.

1385 2655 200 53 Praeterea,
1542 2655 214 53 intellectus
1714 2655 100 53 est
1771 2655 114 53 pura
1842 2655 172 53 potentia
1971 2655 86 53 in
2014 2655 143 53 genere
2100 2655 71 53 in-

1303 2701 270 50 telligibilium,
1528 2701 90 50 vt
1573 2701 105 50 ait
1633 2701 225 50 Commentator
1814 2701 90 50 3.
1859 2701 90 50 de
1904 2701 150 50 anima,
2009 2701 135 50 sicut
2084 2701 75 50 ma-

1298 2739 132 37 teria
1386 2739 132 37 prima
1475 2739 88 37 in
1519 2739 147 37 genere
1621 2739 162 37 entium:
1739 2739 103 37 sed
1798 2739 88 37 in
1842 2739 118 37 pura
1915 2739 176 37 potentia
2047 2739 103 37 non
2092 2739 73 37 po-

1309 2782 105 57 test
1375 2782 105 57 esse
1441 2782 198 57 distinctio,
1599 2782 92 57 cum
1651 2782 119 57 actus
1730 2782 92 57 sit
1783 2782 92 57 qui
1836 2782 198 57 distinguit:
1994 2782 92 57 nec
2046 2782 92 57 per
2086 2782 79 57 com-

1314 2814 170 52 sequens
1422 2814 231 52 multiplicatio

1386 2856 198 40 Praeterea,
1541 2856 99 40 vna
1598 2856 155 40 species
1710 2856 254 40 intelligibilis
1922 2856 141 40 potest
2007 2856 155 40 informare

1309 2897 237 54 intellectum
1499 2897 158 54 omnium
1610 2897 190 54 hominum:
1752 2897 126 54 ergo
1831 2897 126 54 vnus
1910 2897 111 54 est
1957 2897 206 54 intellectus

1303 2932 142 58 eorum
1398 2932 252 58 consequentia
1603 2932 189 58 probatur
1745 2932 95 58 ex
1792 2932 126 58 hoc:
1871 2932 126 58 quia
1950 2932 142 58 sicut
2045 2932 95 58 si
2076 2932 95 58 ocu-

1313 2971 113 49 lus
1377 2971 161 49 omnium
1490 2971 177 49 hominum
1619 2971 258 49 informaretur
1829 2971 113 49 vna
1894 2971 161 49 specie
1991 2971 177 49 sensibili

1304 3009 204 45 sequeretur
1465 3009 117 45 omes
1538 3009 160 45 homines
1654 3009 146 45 habere
1757 3009 117 45 vnum
1830 3009 160 45 oculum:
1946 3009 117 45 sic.
2019 3009 102 45 &c.
2063 3009 102 45 Licet

1308 3050 79 46 n
1340 3050 110 46 non
1403 3050 237 46 causaliter,
1592 3050 142 46 tamen
1687 3050 205 46 arguitiue
1845 3050 95 46 ab
1892 3050 174 46 vnitate
2002 3050 158 46 acciden-

1318 3091 100 51 tis
1375 3091 171 51 infertur
1503 3091 142 51 vnitas
1603 3091 185 51 subiecti.
1745 3091 199 51 Antecedens
1901 3091 171 51 probatur
2030 3091 114 51 sic;
2101 3091 100 51 nam

1318 3131 110 64 tum
1381 3131 157 64 plures
1491 3131 172 64 homines
1616 3131 235 64 intelligunt
1804 3131 125 64 idem
1883 3131 204 64 obiectum,
2040 3131 110 64 aut
2087 3131 78 64 hoc
