2432 3545
230 268 170 70 faciunt
353 268 108 70 per
415 268 124 70 vnam
493 268 170 70 specie,
617 268 77 70 &
648 268 124 70 tunc
725 268 170 70 habetur
849 268 232 70 propositum:
1020 268 77 70 aut

237 332 100 47 per
294 332 142 47 aliam,
393 332 100 47 aut
450 332 142 47 aliam,
550 332 71 47 &
578 332 114 47 tunc
649 332 128 47 illae
734 332 156 47 species
848 332 142 47 plures
934 332 156 47 differunt

229 382 168 35 numero,
351 382 76 35 &
381 382 214 35 conueniunt
549 382 92 35 in
595 382 107 35 vna
656 382 198 35 specifica
808 382 168 35 natura:
930 382 107 35 cum
976 382 122 35 ducant

228 413 98 43 in
277 413 196 43 notitiam
424 413 147 43 vnius
522 413 180 43 nature:
653 413 114 43 sed
718 413 196 43 secundum
849 413 245 43 Commentatorem

229 454 261 48 quotiescunque
443 454 153 48 aliqua
551 454 199 48 differunt
704 454 169 48 numero,
826 454 77 48 &
857 454 215 48 conueniunt
1010 454 77 48 soi

226 488 103 45 ma,
285 488 117 45 siue
358 488 161 45 specle,
475 488 117 45 tunc
549 488 147 45 nullum
651 488 132 45 eorum
739 488 103 45 est
798 488 205 45 intellectu
959 488 88 45 in
988 488 103 45 actu;

219 528 107 48 sed
280 528 92 48 ab
326 528 137 48 ipsis
417 528 153 48 potest
524 528 183 48 abstrahi
661 528 137 48 vnum,
753 528 122 48 quod
829 528 107 48 est
891 528 168 48 commune
997 528 92 48 vtri

218 571 125 52 que,
296 571 78 52 &
327 571 125 52 tunc
405 571 203 52 quaeritur
561 571 93 52 de
608 571 125 52 illo
686 571 187 52 communi,
826 571 140 52 vtrum
904 571 187 52 intelliga-

225 607 104 45 tur
285 607 74 45 a
314 607 179 45 pluribus
448 607 104 45 per
508 607 149 45 eandem
612 607 179 45 speciem:
746 607 89 45 si
790 607 119 45 non,
865 607 119 45 tunc
939 607 119 45 erit
999 607 89 45 pro-

229 650 142 47 cessus
328 650 85 47 in
371 650 199 47 infinitum:
527 650 85 47 si
569 650 113 47 sic,
640 650 113 47 tunc
711 650 156 47 habetur
825 650 184 47 intentum:
966 650 113 47 quia
1023 650 71 47 qua

225 684 167 52 ratione
346 684 106 52 vna
407 684 167 52 species
529 684 152 52 potest
635 684 198 52 informare
787 684 228 52 intellectum
954 684 137 52 plurium

220 727 227 47 hominum,
390 727 170 47 eadem
504 727 208 47 ratione
655 727 189 47 omnium
769 727 170 47 hominum

238 756 79 58 e
270 756 221 58 Praeterea,
444 756 237 58 intelligere
633 756 111 58 non
696 756 253 58 communicatur
901 756 190 58 corpori:
1028 756 63 58 er

226 802 87 56 go
269 802 101 56 nec
327 802 144 56 virtus
428 802 245 56 intellectiua,
630 802 115 56 siue
702 802 130 56 anima
788 802 245 56 intellectiua.
976 802 101 56 conse

222 846 165 48 quentia
342 846 150 48 patet:
447 846 120 48 quia
522 846 105 48 cui
582 846 105 48 non
642 846 105 48 est
702 846 255 48 communicabile
897 846 180 48 calefacere

227 885 140 52 eidem
321 885 109 52 non
383 885 109 52 est
446 885 281 52 communicabilis
680 885 156 52 virtus
773 885 203 52 calefactiua

227 928 78 39 3
259 928 203 39 Preterea,
415 928 94 39 si
461 928 234 39 intellectus
648 928 296 39 multiplicaretur
882 928 203 39 multiplica-

219 960 139 47 tione
311 960 186 47 hominum:
451 960 108 47 cum
513 960 77 47 a
543 960 201 47 principio
698 960 248 47 aeternitatis
899 960 139 47 mundi
977 960 108 47 infi-

222 1005 116 42 niti
294 1005 159 42 homines
410 1005 261 42 praecesserint,
627 1005 101 42 iam
685 1005 116 42 actu
758 1005 145 42 essent
859 1005 174 42 infiniti
975 1005 116 42 intel-

224 1039 162 47 lectus,
342 1039 148 47 quibus
446 1039 222 47 nihilominus
623 1039 177 47 quotidie
756 1039 148 47 fieret
859 1039 162 47 additio
978 1039 103 47 per
1022 1039 59 47 go

218 1081 230 47 nerationem
398 1081 197 47 hominum,
546 1081 82 47 &
579 1081 115 47 per
645 1081 230 47 consequens
826 1081 197 47 infinita
957 1081 132 47 fieret

197 1120 160 45 additio.

225 1151 73 58 3
255 1151 205 58 Praeterea,
416 1151 88 58 si
460 1151 220 58 intellectus
635 1151 88 58 de
679 1151 117 58 nouo
752 1151 161 58 fieret,
869 1151 102 58 aut
928 1151 146 58 fieret
1016 1151 73 58 per

211 1197 152 43 motum
313 1197 85 43 &
347 1197 339 43 transmutationem,
635 1197 119 43 aut
702 1197 119 43 per
770 1197 220 43 simplicem
923 1197 169 43 creatio-

215 1239 126 43 nem.
294 1239 110 43 Non
357 1239 142 43 primo
452 1239 142 43 modo:
546 1239 126 43 quia
625 1239 126 43 tunc
704 1239 236 43 intellectus
893 1239 142 43 esset
972 1239 110 43 forma

216 1284 226 37 materialis.
396 1284 105 37 Nec
457 1284 150 37 secudo
562 1284 135 37 modo:
652 1284 120 37 quia
727 1284 135 37 ficri
817 1284 165 37 aliquid
938 1284 90 37 de
968 1284 120 37 nihilo

215 1321 214 51 perterruit
383 1321 138 51 omnes
475 1321 291 51 philosophantes,
720 1321 92 51 vt
766 1321 138 51 patet
857 1321 92 51 1.
888 1321 153 51 physico.

265 1344 95 59 Ad
313 1344 268 59 declarationem
533 1344 142 59 autem
628 1344 110 59 iam
691 1344 158 59 dictae
801 1344 205 59 positonis
959 1344 110 59 est
1006 1344 79 59 ad-

225 1393 217 47 uertendum,
396 1393 124 47 quod
474 1393 186 47 Auerroes
613 1393 233 47 commentator
800 1393 155 47 posuit
893 1393 186 47 intellectu

215 1428 130 51 esse
296 1428 244 51 substantiam
491 1428 228 51 separatam,
670 1428 130 51 quam
752 1428 146 51 dixit
849 1428 195 51 coniungi
979 1428 98 51 nobi

231 1466 103 55 per
290 1466 118 55 hoc,
364 1466 118 55 quod
438 1466 103 55 vna
497 1466 162 55 species
614 1466 265 55 intelligibilis
835 1466 147 55 vnitur
924 1466 162 55 praedicto

220 1508 230 47 intellectui,
406 1508 72 47 &
435 1508 158 47 nostrae
550 1508 216 47 phantasiae,
723 1508 101 47 per
780 1508 115 47 quam
852 1508 158 47 speciem
953 1508 129 47 intelle

217 1556 118 40 ctus
291 1556 148 40 talis,
394 1556 103 40 cum
453 1556 207 40 intelligit
616 1556 133 40 etiam
704 1556 118 40 ipse
778 1556 133 40 homo,
867 1556 162 40 dicetur
970 1556 118 40 intel-

223 1592 181 50 ligere.
354 1592 181 50 Quomodo
486 1592 148 50 autem
585 1592 115 50 hoc
651 1592 165 50 potuit
766 1592 214 50 concipere
914 1592 165 50 Auerroes

224 1622 103 67 que
283 1622 103 67 vna
342 1622 162 67 species
459 1622 132 67 simul
547 1622 206 67 informaret
709 1622 206 67 phantasiam
870 1622 132 67 talem
959 1622 73 67 &
973 1622 103 67 intel

218 1664 132 49 lectu
306 1664 206 49 possibilem
468 1664 176 49 declarat
600 1664 147 49 doctor
703 1664 147 49 noster
806 1664 88 49 in
850 1664 176 49 tractatu
982 1664 103 49 suo
1026 1664 59 49 de

216 1702 191 54 intellectu
367 1702 178 54 possibili
503 1702 150 54 dicens,
613 1702 109 54 quod
681 1702 123 54 sicut
763 1702 82 54 si
804 1702 109 54 aer,
872 1702 68 54 &
900 1702 109 54 aqua
968 1702 82 54 se
995 1702 96 54 simul

213 1752 269 46 compaterentur
435 1752 95 46 in
482 1752 143 46 eodem
577 1752 127 46 situ
657 1752 127 46 idem
736 1752 190 46 accidens
878 1752 143 46 simul
957 1752 127 46 infor-

227 1776 120 56 maret
307 1776 161 56 vtrumque
427 1776 94 56 sic
481 1776 107 56 quia
548 1776 214 56 intellectus,
722 1776 94 56 cum
775 1776 94 56 sit
829 1776 241 56 indiuisibilis,
1016 1776 67 56 po-

231 1818 120 55 test
306 1818 135 55 simul
396 1818 120 55 esse
472 1818 105 55 cum
532 1818 211 55 phantasia,
697 1818 75 55 &
727 1818 105 55 per
787 1818 211 55 consequens
938 1818 150 55 secundum

230 1866 196 45 Auerroem
377 1866 147 45 eadem
475 1866 180 45 species
605 1866 212 45 informans
769 1866 245 45 phantasiam,
948 1866 131 45 infor-

238 1899 137 48 mabit
329 1899 137 48 etiam
421 1899 137 48 ipsum
512 1899 244 48 intellectum:
710 1899 168 48 propter
832 1899 122 48 quod
908 1899 137 48 talis
984 1899 107 48 intel

232 1939 139 51 lectus
329 1939 97 51 sic
385 1939 153 51 eliciet
497 1939 125 51 actum
580 1939 237 51 intelligendi,
775 1939 111 51 quod
844 1939 125 51 talis
928 1939 125 51 actus
998 1939 84 51 vere

227 1981 234 55 attribuitur
415 1981 125 55 ipsi
477 1981 125 55 homini

233 2013 122 53 Sed
302 2013 122 53 hic
372 2013 174 53 quidam
494 2013 174 53 contra
616 2013 209 53 doctorem
773 2013 192 53 nostrum
894 2013 192 53 inuehitur

232 2054 163 52 licens,
351 2054 118 52 quod
425 2054 118 52 sunt
499 2054 163 52 quidam,
617 2054 104 52 qui
676 2054 192 52 palliant,
824 2054 74 52 &
854 2054 178 52 colorant
973 2054 118 52 praedi

216 2103 119 48 ctum
291 2103 179 48 errorem:
424 2103 104 48 sed
484 2103 104 48 non
543 2103 149 48 valet,
648 2103 89 48 vt
692 2103 149 48 dicit,
796 2103 119 48 ista
871 2103 193 48 palliatio
1005 2103 89 48 pro-

229 2146 116 50 pter
288 2146 87 50 tria

251 2170 159 56 Primo:
362 2170 127 56 quia
442 2170 143 56 magis
537 2170 111 56 est
601 2170 238 56 impossibile
791 2170 127 56 idem
871 2170 159 56 numero
982 2170 95 56 in
1013 2170 64 56 di

218 2212 138 56 uersis
315 2212 179 56 subiectis
452 2212 248 56 suppositaliter
659 2212 193 56 distinctis
811 2212 124 56 esse,
893 2212 110 56 quam
962 2212 83 56 in
990 2212 96 56 diuer

219 2260 97 48 sis
275 2260 181 48 subiectis
414 2260 153 48 eiusdem
525 2260 195 48 suppositi:
678 2260 97 48 sed
734 2260 195 48 phantasia,
887 2260 70 48 &
901 2260 181 48 intellectu;

214 2299 141 52 modo,
308 2299 110 52 quo
371 2299 172 52 fideles
496 2299 172 52 ponunt,
622 2299 125 52 sunt
700 2299 172 52 eiusdem
825 2299 219 52 suppositi:
998 2299 78 52 &
1013 2299 63 52 ta

228 2331 108 54 men
289 2331 108 54 non
351 2331 169 54 possunt
473 2331 200 54 informari
627 2331 138 54 eadem
719 2331 154 54 specie
827 2331 246 54 intelligibi:
1011 2331 77 54 er-

231 2371 91 63 go
276 2371 106 63 nec
337 2371 226 63 intellectus
518 2371 196 63 separatus
669 2371 196 63 informari
819 2371 166 63 poterit
940 2371 136 63 eadem
1016 2371 60 63 sp

221 2418 106 53 cie
281 2418 106 53 cum
342 2418 121 53 ipsa
402 2418 182 53 phantasia,

263 2444 190 55 Secundo,
406 2444 127 55 quia
485 2444 159 55 quanto
596 2444 143 55 forma
691 2444 143 55 minus
787 2444 143 55 habet
882 2444 95 55 de
914 2444 174 55 entitate,

222 2495 138 48 tanto
314 2495 122 48 plus
390 2495 138 48 habet
482 2495 92 48 de
528 2495 245 48 dependentia:
727 2495 107 48 sed
788 2495 153 48 formae
880 2495 199 48 intentiona-

221 2531 108 51 les
282 2531 139 51 minus
375 2531 139 51 habet
467 2531 93 51 de
514 2531 200 51 entitate,
668 2531 123 51 quam
745 2531 154 51 formae
853 2531 216 51 naturales,
1007 2531 77 51 cum

220 2567 159 63 igitur
331 2567 159 63 formae
442 2567 206 63 naturales
601 2567 175 63 propter
728 2567 111 63 sui
791 2567 254 63 dependentiam
982 2567 95 63 nume

223 2604 159 56 rentur
334 2604 239 56 numeratione
525 2604 239 56 subiectorum
716 2604 175 56 suorum:
843 2604 127 56 ergo
923 2604 111 56 vna
971 2604 111 56 forma

228 2654 243 51 intentionalis
428 2654 100 51 non
485 2654 158 51 poterit
600 2654 129 51 simul
686 2654 115 51 esse
758 2654 86 51 in
801 2654 172 51 diuersis
915 2654 172 51 subiectis.

235 2686 169 53 Tertio,
358 2686 123 53 quia
435 2686 92 53 in
481 2686 154 53 quibus
589 2686 108 53 non
651 2686 108 53 est
712 2686 123 53 vna,
789 2686 77 53 &
820 2686 139 53 eadem
913 2686 139 53 ratio
990 2686 92 53 rece

221 2732 149 56 ptiua,
325 2732 89 56 in
370 2732 134 56 illis
459 2732 104 56 non
519 2732 149 56 potest
623 2732 119 56 esse
697 2732 134 56 eadem
786 2732 134 56 forma
876 2732 164 56 specie,
995 2732 74 56 &
1010 2732 74 56 per

219 2760 221 64 consequens
393 2760 111 64 nec
456 2760 142 64 eadem
551 2760 174 64 numero:
678 2760 111 64 sed
741 2760 95 64 in
789 2760 237 64 intellectu,
978 2760 79 64 &
994 2760 95 64 phan

219 2800 132 53 tasia
308 2800 103 53 non
366 2800 103 53 est
425 2800 103 53 vna
484 2800 74 53 &
513 2800 132 53 eadem
602 2800 132 53 ratio
690 2800 206 53 receptiua,
852 2800 103 53 cum
896 2800 191 53 intellectus

219 2840 100 64 sit
276 2840 100 64 res
333 2840 227 64 spiritualis,
517 2840 185 64 phantasia
660 2840 114 64 vero
716 2840 171 64 corporalis

261 2884 105 50 Sed
321 2884 120 50 iste
396 2884 135 50 minus
485 2884 135 50 iuste
575 2884 135 50 verba
665 2884 120 50 haec
740 2884 209 50 inordinata
904 2884 180 50 proijcit
1024 2884 60 50 in

219 2917 130 64 hunc
300 2917 244 64 venerabilem
496 2917 212 64 doctorem:
659 2917 130 64 quia
740 2917 212 64 huiusmodi
887 2917 195 64 declaratio

221 2957 111 60 nem
284 2957 111 60 non
348 2957 142 60 facit
443 2957 95 60 ad
490 2957 221 60 palliandum
664 2957 190 60 errorem,
806 2957 111 60 sed
870 2957 95 60 ad
901 2957 190 60 manifestan

219 2998 123 63 dum,
295 2998 138 63 sicut
388 2998 184 63 apparet,
526 2998 123 63 quia
603 2998 123 63 ipse
680 2998 184 63 impugnat
818 2998 138 63 istum
910 2998 169 63 errorem
1018 2998 61 63 vs

219 3035 103 66 que
278 3035 88 66 in
322 3035 133 66 finem
411 3035 192 66 praedicti
558 3035 206 66 tractatus.
720 3035 88 66 Et
765 3035 162 66 pulcher
883 3035 133 66 modus
971 3035 118 66 fuit
1030 3035 59 66 im

213 3078 205 75 pugnandi
367 3078 188 75 errorem
504 3078 103 75 in
555 3078 137 75 hoc,
640 3078 137 75 quod
726 3078 154 75 modum
829 3078 154 75 magis
914 3078 171 75 apparen

1133 273 106 65 tem
1194 273 91 65 ad
1239 273 228 65 sustinendum
1422 273 137 65 illum
1513 273 167 65 errorem
1634 273 213 65 praemisit:
1802 273 76 65 &
1832 273 137 65 tamen
1908 273 76 65 po-

1131 336 123 41 stea
1208 336 139 41 ipsum
1300 336 216 41 impugnauit
1470 336 216 41 ostendens,
1639 336 123 41 quod
1716 336 108 41 non
1778 336 185 41 obstante
1901 336 93 41 tali

1119 380 225 44 declaratione
1301 380 126 44 error
1386 380 196 44 praedictus
1540 380 239 44 intolerabilis
1736 380 168 44 existit.
1863 380 84 44 Si
1905 380 84 44 nm
1933 380 56 44 il

1128 410 101 48 lud
1185 410 130 48 esset
1272 410 159 48 errorem
1388 410 188 48 palliare,
1533 410 116 48 tunc
1605 410 130 48 omnes
1692 410 174 48 doctores
1807 410 174 48 palliarent

1126 454 170 49 errores,
1253 454 113 49 quia
1324 454 170 49 quilibet
1452 454 142 49 doctor
1551 454 85 49 in
1594 454 184 49 principio
1736 454 113 49 suae
1793 454 184 49 quaestionis

1124 490 175 51 nititur
1251 490 207 51 impugnare
1410 490 159 51 partem
1521 490 159 51 veram,
1632 490 175 51 quamuis
1760 490 159 51 postea
1855 490 127 51 deter-

1131 527 135 46 minet
1221 527 211 46 veritatem.
1387 527 135 46 Forte
1477 527 196 46 possibile
1628 527 120 46 est,
1703 527 120 46 quod
1778 527 120 46 iste
1839 527 135 46 viderit

1126 572 187 47 tractatum
1270 572 144 47 nostri
1371 572 173 47 doctoris
1500 572 86 47 in
1544 572 202 47 principio,
1702 572 72 47 &
1731 572 101 47 non
1789 572 86 47 in
1832 572 130 47 fine,
1904 572 72 47 nes

1122 606 85 58 in
1164 606 142 58 medio:
1264 606 114 58 quia
1335 606 85 58 si
1378 606 128 58 ipsum
1463 606 85 58 in
1506 606 128 58 finem
1591 606 128 58 vsque
1676 606 185 58 legisset,
1819 606 128 58 verba
1890 606 85 58 pre-

1127 647 128 54 dicta
1212 647 200 54 vituperosa
1369 647 86 54 in
1412 647 157 54 scripto
1526 647 100 54 suo
1583 647 100 54 non
1640 647 200 54 posuisset.
1797 647 100 54 Non
1854 647 100 54 est
1896 647 86 54 igi-

1115 686 105 49 tur
1175 686 120 49 opus
1250 686 210 49 respondere
1414 686 210 49 argumentis
1579 686 165 49 istius,
1699 686 120 49 quia
1773 686 90 49 in
1818 686 135 49 nullo
1893 686 90 49 sunt

1124 722 145 53 contra
1226 722 218 53 intentionem
1401 722 145 53 nostri
1502 722 189 53 doctoris,
1648 722 102 53 sed
1706 722 102 53 pro
1764 722 131 53 ipso.
1851 722 87 53 In
1880 722 102 53 secun

1119 764 89 41 do
1164 764 133 41 tamen
1253 764 178 41 articulo
1386 764 119 41 iste
1460 764 193 41 manifeste
1608 764 193 41 committit
1757 764 193 41 fallaciam
1890 764 89 41 con-

1118 804 212 40 sequentis,
1285 804 121 40 puta
1360 804 182 40 dicendo,
1497 804 121 40 plus
1573 804 136 40 habet
1664 804 91 40 de
1709 804 243 40 dependentia,
1891 804 91 40 ergo

1119 844 135 46 magis
1209 844 180 46 dependet
1344 844 75 46 a
1374 844 195 46 subiecto;
1524 844 105 46 non
1584 844 195 46 sequitur:
1734 844 120 46 quia
1809 844 150 46 potest
1899 844 75 46 ma-

1124 882 99 51 gis
1180 882 183 51 dependere
1321 882 85 51 ab
1364 882 113 51 ipso
1434 882 169 51 obiecto,
1561 882 127 51 sicut
1646 882 85 51 ad
1688 882 169 51 litteram
1815 882 99 51 est
1871 882 85 51 in
1899 882 71 51 pro

1126 919 167 45 posito,
1247 919 122 45 quia
1323 919 182 45 formarum
1460 919 274 45 intentionalium
1688 919 213 45 distinctio
1840 919 137 45 propter

1120 958 107 51 fui
1181 958 198 51 diminutam
1333 958 198 51 entitatem
1486 958 107 51 non
1547 958 168 51 depedet
1669 958 76 51 a
1699 958 214 51 subiectis,
1867 958 107 51 sed
1913 958 61 51 ab

1114 997 186 53 obiectis;
1257 997 158 53 species
1371 997 115 53 enim
1443 997 129 53 albi,
1529 997 72 53 &
1558 997 129 53 nigri
1644 997 115 53 sunt
1715 997 129 53 simul
1801 997 86 53 in
1844 997 129 53 eodem
1916 997 57 53 in

1120 1038 201 43 tellectu,
1274 1038 108 43 cum
1336 1038 216 43 intelligit
1506 1038 139 43 album
1598 1038 108 43 non
1660 1038 124 43 esse
1737 1038 170 43 nigrum,
1861 1038 77 43 &
1876 1038 93 43 ideo

1112 1075 109 45 non
1175 1075 172 45 oportet
1300 1075 140 45 tales
1393 1075 156 45 formas
1502 1075 187 45 numerati
1643 1075 234 45 numeratione
1814 1075 156 45 subiecto

1111 1120 135 38 rum,
1195 1120 118 38 sed
1263 1120 252 38 numeratione
1447 1120 219 38 obiectorum.

1153 1151 158 46 Propter
1267 1151 115 46 quod
1339 1151 115 46 nisi
1411 1151 129 46 aliud
1497 1151 215 46 obsifteret,
1669 1151 129 46 sicut
1755 1151 86 46 ad
1784 1151 186 46 praesentiam

1118 1184 174 60 plurium
1245 1184 222 60 obiectorum
1419 1184 95 60 in
1466 1184 142 60 eodem
1561 1184 190 60 subiecto
1704 1184 237 60 recipiuntur
1878 1184 95 60 plu-

1120 1238 103 42 res
1179 1238 147 42 formae
1282 1238 250 42 intentionales
1488 1238 132 42 etiam
1577 1238 162 42 eiusdem
1694 1238 191 42 rationis,
1842 1238 88 42 si
1871 1238 103 42 obie-

1119 1274 101 44 cta
1176 1274 158 44 fuerint
1291 1274 158 44 eiusdem
1406 1274 187 44 rationis,
1550 1274 101 44 sic
1608 1274 86 44 ad
1651 1274 216 44 praesentiam
1824 1274 130 44 vnius
1896 1274 86 44 obie

1115 1309 99 46 cti
1172 1309 113 46 vna,
1242 1309 71 46 &
1271 1309 128 46 eadem
1356 1309 156 46 species
1469 1309 142 46 posset
1568 1309 113 46 esse
1639 1309 85 46 in
1682 1309 142 46 duobus
1781 1309 184 46 subiectis
1908 1309 71 46 si-

1116 1348 103 44 mul
1175 1348 236 44 existentibus
1367 1348 89 44 in
1411 1348 133 44 eodem
1500 1348 133 44 situ,
1588 1348 133 44 sicut
1677 1348 177 44 superius
1810 1348 133 44 posui
1883 1348 89 44 exem

1113 1386 137 59 plum
1198 1386 103 59 de
1250 1386 154 59 acre,
1352 1386 86 59 &
1369 1386 103 59 aqua

1164 1424 118 47 Dico
1238 1424 132 47 tamen
1326 1424 191 47 notanter,
1473 1424 88 47 si
1517 1424 132 47 aliud
1605 1424 103 47 non
1664 1424 221 47 obsisteret:
1841 1424 118 47 quia
1899 1424 74 47 mul

1119 1475 89 44 ta
1164 1475 283 44 inconuenientia,
1402 1475 75 44 &
1432 1475 164 44 absurda
1552 1475 194 44 sequuntur
1701 1475 89 44 ad
1745 1475 149 44 istius
1835 1475 134 44 errori;

1107 1507 216 51 positionem,

1161 1545 131 52 Primo
1249 1545 117 52 enim
1322 1545 190 52 sequitur,
1468 1545 117 52 quod
1541 1545 204 52 substantia
1701 1545 190 52 separata,
1847 1545 117 52 quae
1905 1545 73 52 est

1126 1584 214 54 piritualis,
1297 1584 214 54 incorporea,
1468 1584 71 54 &
1497 1584 257 54 icorruptibilis
1711 1584 86 54 in
1754 1584 100 54 sua
1811 1584 157 54 propria
1911 1584 71 54 ope

1112 1632 182 39 ratione,
1248 1632 197 39 dependeat
1400 1632 76 39 a
1430 1632 136 39 rebus
1521 1632 258 39 corporalibus,
1733 1632 76 39 &
1749 1632 227 39 corruptibili-

1118 1662 143 50 libus,
1218 1662 114 50 quia
1289 1662 114 50 suum
1361 1662 214 50 intelligere
1532 1662 100 50 non
1589 1662 143 50 posset
1689 1662 157 50 elicere
1804 1662 114 50 nisi
1861 1662 114 50 conium

1119 1703 95 43 cta
1174 1703 204 43 phantasiae,
1337 1703 109 43 quae
1405 1703 191 43 corporalis
1555 1703 109 43 est,
1610 1703 204 43 corruptibilis

1155 1738 170 53 Secundo
1278 1738 201 53 sequitur,
1433 1738 124 53 quod
1510 1738 154 53 nullus
1618 1738 124 53 homo
1695 1738 232 53 intelligat,
1865 1738 108 53 cuius

1116 1779 199 48 oppositum
1268 1779 137 48 ponit
1360 1779 229 48 philosophus
1543 1779 92 48 in
1589 1779 92 48 2.
1635 1779 92 48 de
1681 1779 137 48 anima
1772 1779 168 48 dicens,
1879 1779 92 48 Ani-

1125 1819 92 51 ma
1171 1819 123 51 est,
1247 1819 107 51 qua
1308 1819 138 51 primo
1400 1819 184 51 viuimus,
1538 1819 199 51 sentimus,
1691 1819 77 51 &
1722 1819 260 51 intelligimus.
1921 1819 46 51 E

1126 1861 139 39 primo
1218 1861 92 39 de
1264 1861 139 39 anima
1357 1861 139 39 vult,
1449 1861 123 39 quod
1526 1861 231 39 intelligere
1711 1861 108 39 per
1773 1861 92 39 se
1804 1861 169 39 conueniat

1118 1899 115 46 ipsi
1190 1899 159 46 homini,
1305 1899 144 46 animae
1406 1899 130 46 autem
1493 1899 101 46 non
1550 1899 115 46 nisi
1623 1899 130 46 sicut
1709 1899 188 46 principio
1854 1899 115 46 quo.
1911 1899 58 46 Vn

1114 1938 87 49 de
1157 1938 115 49 ipse
1229 1938 101 49 ait
1287 1938 159 49 ibidem,
1402 1938 87 49 Si
1445 1938 115 49 quis
1517 1938 159 49 dixerit
1633 1938 144 49 animam
1734 1938 231 49 intelligere,
1907 1938 72 49 di-

1118 1973 103 52 xit
1177 1973 103 52 eam
1236 1973 162 52 texere,
1353 1973 103 52 vel
1412 1973 88 52 ae
1456 1973 191 52 dificare.
1603 1973 117 52 Quod
1676 1973 147 52 verbum
1779 1973 176 52 tractans
1897 1973 73 52 Con

1122 2016 175 47 mentator
1253 2016 189 47 Auerroes,
1399 2016 102 47 qui
1457 2016 204 47 praedictae
1618 2016 204 47 sceleratae
1778 2016 189 47 positonis
1909 2016 58 47 fi

1120 2055 116 48 ctor
1192 2055 130 48 erat,
1279 2055 116 48 ait.
1351 2055 87 48 Si
1394 2055 188 48 videremus
1539 2055 145 48 membra
1640 2055 217 48 intrinseca,
1814 2055 116 48 quae
1872 2055 101 48 labo-

1123 2095 120 48 rant
1198 2095 254 48 intellioendo;
1407 2095 135 48 sicut
1497 2095 165 48 videmus
1617 2095 150 48 membra
1722 2095 224 48 extrinseca,
1886 2095 90 48 quae

1118 2133 187 45 laborant
1259 2133 249 45 aedificando,
1461 2133 140 45 sicut
1555 2133 109 45 non
1617 2133 171 45 dicimus
1741 2133 156 45 animam
1835 2133 140 45 texere,

1125 2173 101 47 vel
1182 2173 217 47 aedificare,
1356 2173 101 47 sic
1414 2173 101 47 non
1472 2173 188 47 diceremus
1617 2173 145 47 animam
1718 2173 232 47 intelligere,
1907 2173 101 47 sed

1112 2211 207 46 hominem
1263 2211 132 46 per
1319 2211 169 46 animam,

1150 2242 294 50 Consequentiam
1392 2242 173 50 probo,
1513 2242 138 50 quia
1599 2242 190 50 numquam
1737 2242 190 50 aliquod
1858 2242 121 50 suppo

1125 2285 126 48 situm
1209 2285 210 48 intelligit,
1377 2285 112 48 nisi
1447 2285 98 48 vel
1503 2285 126 48 totum
1588 2285 210 48 suppositum,
1756 2285 98 48 vel
1812 2285 140 48 aliqua
1896 2285 84 48 pars

1124 2328 179 47 supposit
1258 2328 208 47 informetur
1422 2328 149 47 aliquo
1526 2328 119 47 actu
1600 2328 253 47 intelligendi:
1808 2328 104 47 sed
1853 2328 119 47 secun-

1128 2369 107 45 dum
1189 2369 214 45 praedictam
1357 2369 214 45 positionem
1525 2369 138 45 nulla
1617 2369 122 45 pars
1694 2369 168 45 hominis
1816 2369 153 45 posset
1908 2369 61 45 in

1119 2405 168 51 formari
1241 2405 122 51 actu
1318 2405 260 51 intelligendi:
1532 2405 138 51 omnes
1624 2405 122 51 enim
1700 2405 199 51 potentiae
1838 2405 138 51 hominis

1116 2445 148 58 essent
1220 2445 222 58 simpliciter
1398 2445 222 58 materiales,
1576 2445 104 58 nec
1635 2445 104 58 per
1694 2445 208 58 consequens
1843 2445 133 58 possent

1116 2487 115 49 esse
1187 2487 158 49 capaces
1302 2487 143 49 ipsius
1403 2487 129 49 actus
1474 2487 201 49 intelligendi

1152 2527 104 42 Et
1204 2527 261 42 confirmatur
1412 2527 139 42 ista
1499 2527 296 42 consequentia.
1743 2527 122 42 Nam
1795 2527 174 42 secundun

1129 2559 140 48 Damas.
1227 2559 126 48 libr.
1311 2559 84 48 2.
1352 2559 126 48 Sicut
1436 2559 84 48 se
1478 2559 126 48 habet
1562 2559 140 48 oculus
1660 2559 84 48 in
1702 2559 168 48 corpore,
1827 2559 98 48 sic
1883 2559 84 48 se
1911 2559 56 48 ha

1122 2603 105 46 bet
1182 2603 224 46 intellectus
1361 2603 90 46 in
1406 2603 149 46 anima,
1510 2603 134 46 sicut
1600 2603 149 46 igitur
1704 2603 119 46 vnus
1779 2603 119 46 homo
1839 2603 134 46 corpora

1124 2641 135 47 liter
1214 2641 105 47 non
1274 2641 149 47 potest
1378 2641 149 47 videre
1483 2641 105 47 per
1543 2641 149 47 oculum
1647 2641 179 47 alterius
1782 2641 179 47 hominis,
1901 2641 75 47 sic

1127 2685 108 41 non
1188 2685 154 41 potest
1296 2685 123 41 homo
1373 2685 231 41 intelligere
1558 2685 108 41 per
1619 2685 231 41 intellectum
1788 2685 185 41 substantia

1118 2721 160 53 paratae.

1162 2748 203 57 Praeterea,
1321 2748 130 57 actus
1408 2748 145 57 manens
1509 2748 87 57 in
1552 2748 101 57 suo
1610 2748 188 57 principio
1755 2748 203 57 elicitiuo,
1900 2748 72 57 non

1135 2797 137 47 potest
1231 2797 110 47 vere
1300 2797 165 47 attribui
1424 2797 137 47 alicui
1520 2797 247 47 suppositaliter
1726 2797 179 47 distincto
1863 2797 82 47 ab
1891 2797 82 47 ipsi

1118 2833 203 47 eliciente;
1278 2833 102 47 sed
1336 2833 218 47 intelligere
1511 2833 102 47 est
1569 2833 131 47 actus
1656 2833 189 47 immanens,
1802 2833 87 47 vt
1845 2833 145 47 patet.
1932 2833 44 47 7

1129 2871 166 55 metaph
1246 2871 83 55 &
1279 2871 133 55 homo
1362 2871 199 55 secundum
1511 2871 232 55 positionem
1694 2871 199 55 Auertois
1843 2871 116 55 est
1893 2871 83 55 sur

1126 2908 216 47 positaliter
1299 2908 202 47 distinctus
1457 2908 86 47 ab
1500 2908 115 47 ipso
1572 2908 187 47 eliciente
1717 2908 130 47 talem
1789 2908 187 47 operationem

1119 2957 175 51 scilicet
1251 2957 234 51 intelligere,
1441 2957 146 51 igitur
1543 2957 219 51 impossibile
1719 2957 132 51 esset
1807 2957 132 51 ipsum
1880 2957 102 51 homi-

1118 2994 113 52 nem
1166 2994 226 52 intelligere.

1166 3024 216 52 Praeterea,
1335 3024 139 52 sicut
1427 3024 108 52 per
1489 3024 154 52 videre
1597 3024 123 52 meum
1674 3024 123 52 tuum
1751 3024 154 52 audire
1859 3024 108 52 non
1905 3024 77 52 po-

1132 3068 107 57 test
1198 3068 107 57 esse
1265 3068 147 57 videre,
1371 3068 93 57 sic
1425 3068 93 57 per
1478 3068 200 57 intelligere
1638 3068 120 57 talis
1718 3068 200 57 substantiae
1864 3068 107 57 separa
