2408 3513
425 225 113 73 tae
489 225 129 73 meum
570 225 242 73 phantasiari
764 225 178 73 numquam
893 225 129 73 erit
958 225 226 73 intelligere.

450 292 95 54 Si
498 292 127 54 quis
577 292 143 54 tamen
673 292 159 54 omnino
784 292 254 54 pertinaciter
990 292 159 54 vellet
1101 292 191 54 asserere
1229 292 79 54 ip-

432 326 119 49 sum
500 326 188 49 hominem
637 326 256 49 intelligere
841 326 188 49 propter
978 326 239 49 praedictam
1148 326 154 49 coniun-

431 366 167 50 ctionem
553 366 152 50 illius
659 366 228 50 substantiae
842 366 198 50 separatae
994 366 91 50 ad
1039 366 122 50 suam
1100 366 198 50 phantasiam,

431 417 131 43 tunc
513 417 148 43 adhuc
611 417 230 43 sequeretur
791 417 180 43 tertium
923 417 262 43 inconueniens
1120 417 180 43 absurdius

434 457 228 44 praedictis
613 457 179 44 duobus,
743 457 195 44 scilicet
890 457 130 44 quod
971 457 130 44 vnum
1053 457 179 44 quodque
1167 457 130 44 brutum

424 486 151 49 animal
530 486 136 49 aeque
621 486 227 49 intelligere
802 486 166 49 posset,
923 486 136 49 sicut
1014 486 136 49 homo:
1105 486 121 49 quia
1165 486 121 49 huius-

432 521 120 47 modi
507 521 256 47 intelligentia
718 521 151 47 aequae
823 521 120 47 bene
899 521 151 47 posset
1004 521 166 47 coniugi
1109 521 181 47 phantasiae

436 563 135 52 bruti
526 563 195 52 animalis,
676 563 135 52 sicut
766 563 210 52 phantasiae
932 563 180 52 hominis;
1067 563 135 52 sicut
1157 563 120 52 enim
1217 563 75 52 mul

430 613 97 40 ta
478 613 161 40 bruta,
591 613 129 40 quae
671 613 193 40 secundum
816 613 161 40 aliqua
929 613 241 40 phantasmata
1106 613 177 40 certiorem

438 643 166 45 habent
554 643 298 45 aestimationem,
803 643 132 45 quam
886 643 149 45 homo:
985 643 166 45 melius
1101 643 132 45 enim
1167 643 116 45 cogno

429 680 127 52 scit
508 680 142 52 agnus
603 680 142 52 vnius
698 680 127 52 diei
777 680 174 52 amicum,
904 680 111 52 vel
967 680 206 52 inimicum,
1126 680 127 52 quam
1189 680 95 52 homo

434 720 173 57 viginti
560 720 189 57 annorum:
702 720 205 57 immediate
860 720 126 57 enim
938 720 142 57 fugit
1033 720 158 57 lupum,
1143 720 79 57 &
1159 720 126 57 sequi-

423 764 129 52 tur
478 764 165 52 matrem.

476 767 95 78 Ad
524 767 158 78 primum
634 767 158 78 igitur
744 767 173 78 motiuum
870 767 189 78 inductum
1012 767 110 78 pro
1075 767 126 78 illa
1138 767 158 78 falsissi

431 840 94 46 ma
478 840 188 46 opinione
619 840 188 46 dicedum,
760 840 125 46 quod
838 840 141 46 licet
932 840 250 46 intellectiua
1136 840 141 46 anima
1214 840 78 46 non

434 874 155 55 habeat
543 874 78 55 m
574 874 186 55 ateriam,
714 874 93 55 ex
761 874 109 55 qua
823 874 124 55 sit:
901 874 140 55 habet
994 874 140 55 tamen
1087 874 202 55 materiam,
1227 874 62 55 in

433 919 116 48 qua
500 919 132 48 fit.
582 919 132 48 Quia
665 919 198 48 secundum
813 919 231 48 Augustinum
995 919 149 48 anima
1094 919 182 48 creando
1210 919 66 48 in

436 953 197 47 funditur,
587 953 76 47 &
617 953 212 47 infundendo
784 953 182 47 creatur.
920 953 136 47 Etiam
1011 953 121 47 illa
1086 953 136 47 maior
1177 953 106 47 non
1222 953 61 47 ha

435 990 103 50 bet
494 990 192 50 veritatem
642 990 177 50 respectu
775 990 177 50 actionis
908 990 177 50 diuinae:
1041 990 118 50 quia
1115 990 148 50 nullam
1203 990 74 50 pra

434 1034 206 45 supponens
592 1034 206 45 materiam,
751 1034 158 45 potest
862 1034 142 45 plura
957 1034 253 45 immaterialia
1147 1034 142 45 produce

436 1072 86 55 re
479 1072 114 55 solo
550 1072 143 55 numero
650 1072 228 55 differentia,
835 1072 86 55 vt
878 1072 143 55 patuit
978 1072 186 55 superius,
1121 1072 100 55 cum
1164 1072 114 55 tract.

439 1118 99 48 ui
488 1118 99 48 de
537 1118 247 48 productione
718 1118 181 48 angelorum

476 1127 100 75 Ad
526 1127 201 75 secundum
677 1127 218 75 dicendum,
845 1127 134 75 quod
928 1127 184 75 quamuis
1062 1127 151 75 istud
1146 1127 134 75 argume

435 1190 108 52 tum
496 1190 154 52 habeat
604 1190 231 52 apparentiam
789 1190 92 52 de
835 1190 169 52 talibus
958 1190 216 52 perpetuis,
1128 1190 123 52 quae
1190 1190 92 52 sem-

431 1230 109 53 per
494 1230 109 53 per
556 1230 93 53 se
602 1230 155 53 habent
711 1230 140 53 esse:
804 1230 140 53 tamen
897 1230 155 53 nullam
1006 1230 140 53 habet
1083 1230 202 53 apparentiam

430 1274 86 42 de
473 1274 158 42 talibus
588 1274 201 42 perpetuis,
746 1274 115 42 quae
818 1274 101 42 sic
875 1274 187 42 creantur,
1019 1274 115 42 quod
1091 1274 115 42 esse
1163 1274 115 42 suum
1220 1274 58 42 a-

426 1312 175 41 quirunt
553 1312 96 41 in
601 1312 239 41 corporibus,
792 1312 96 41 ad
840 1312 159 41 quorum
952 1312 271 41 informationem
1159 1312 127 41 creata

430 1348 129 46 sunt,
516 1348 187 46 cuiusmodi
659 1348 115 46 sunt
731 1348 144 46 animae
817 1348 230 46 intellectiuae.

454 1373 102 56 Ad
505 1373 187 56 tertium
641 1373 222 56 dicendum,
812 1373 136 56 quod
897 1373 136 56 bene
982 1373 102 56 ex
1033 1373 119 56 hoc
1102 1373 222 56 probatur,

426 1429 117 47 quod
500 1429 176 47 essentia
632 1429 147 47 animae
734 1429 249 47 intellectiuae
940 1429 103 47 est
999 1429 249 47 immaterialis,
1204 1429 73 47 &
1219 1429 73 47 non

430 1467 148 45 educta
534 1467 89 45 de
578 1467 177 45 materia,
711 1467 74 45 &
740 1467 118 45 quod
814 1467 177 45 separari
947 1467 148 45 potest
1051 1467 74 45 a
1080 1467 177 45 materia,
1213 1467 103 45 sed

431 1508 113 40 non
495 1508 209 40 probatur,
656 1508 129 40 quin
736 1508 161 40 possit
849 1508 209 40 materiam,
1010 1508 96 40 in
1058 1508 113 40 qua
1122 1508 193 40 creatur,

410 1542 198 50 informare.

468 1550 104 79 Ad
520 1550 190 79 quartum
658 1550 225 79 dicendum,
831 1550 138 79 quod
918 1550 208 79 Auerroes
1056 1550 225 79 commentator

433 1627 104 42 per
492 1627 118 42 illa
566 1627 133 42 verba
655 1627 104 42 non
714 1627 178 42 intendit
848 1627 148 42 aliud,
951 1627 118 42 nisi
1025 1627 118 42 quod
1085 1627 192 42 intellectus

441 1656 211 47 possibilis
606 1656 165 47 infimum
727 1656 150 47 gradum
832 1656 150 47 teneat
937 1656 90 47 in
982 1656 150 47 genere
1072 1656 211 47 intelligibi-

426 1702 133 47 lium,
515 1702 89 47 ex
560 1702 104 47 quo
619 1702 193 47 sequitur,
767 1702 119 47 quod
841 1702 104 47 non
901 1702 119 47 sint
975 1702 148 47 plures
1078 1702 133 47 tales
1153 1702 133 47 intelle

420 1738 121 45 ctus
496 1738 227 45 differentes
677 1738 167 45 specle:
798 1738 121 45 quia
874 1738 106 45 cum
935 1738 106 45 non
995 1738 106 45 sit
1056 1738 121 45 dare
1132 1738 121 45 duas
1192 1738 91 45 spe-

430 1774 112 46 cies
500 1774 126 46 aeque
584 1774 195 46 perfectas;
737 1774 140 46 igitur
835 1774 98 46 duo
890 1774 209 46 intellectus
1058 1774 140 46 specie
1142 1774 140 46 differe-

427 1815 116 47 tes,
500 1815 102 47 non
558 1815 160 47 possunt
674 1815 116 47 esse
747 1815 116 47 ambo
819 1815 160 47 infimi,
936 1815 102 47 sed
994 1815 203 47 necessario
1153 1815 116 47 vnus
1211 1815 73 47 est

424 1855 185 46 inserior
562 1855 169 46 altero:
685 1855 92 46 ex
732 1855 108 46 hoc
793 1855 139 46 tamen
886 1855 108 46 non
947 1855 185 46 habetur,
1086 1855 123 46 quin
1147 1855 139 46 possint

430 1892 113 40 esse
501 1892 141 40 plures
599 1892 127 40 tales
684 1892 212 40 intellectus
854 1892 113 40 solo
925 1892 141 40 numero
1024 1892 226 40 differentes:
1193 1892 85 40 quia

430 1930 94 51 in
477 1930 142 51 solis
572 1930 157 51 numero
682 1930 268 51 differentibus
902 1930 110 51 non
965 1930 189 51 repugnat
1107 1930 142 51 plura
1186 1930 94 51 esse

441 1971 205 49 aequaliter
603 1971 191 49 perfecta,
749 1971 73 49 &
779 1971 103 49 per
837 1971 205 49 consequens
998 1971 176 49 vtrumque
1130 1971 147 49 potest
1218 1971 59 49 ha

436 2011 127 45 bere
516 2011 191 45 rationem
643 2011 143 45 infimi,

459 2031 99 71 Ad
509 2031 182 71 quintum
642 2031 132 71 nego
724 2031 248 71 antecedens.
923 2031 99 71 Ad
973 2031 248 71 probationem
1171 2031 149 71 dico,

427 2094 123 45 quod
503 2094 169 45 quamuis
626 2094 169 45 aliquid
749 2094 200 45 concludat
903 2094 92 45 de
949 2094 184 45 talibus,
1087 2094 123 45 quae
1149 2094 138 45 propter

426 2132 105 41 hoc
486 2132 150 41 numero
591 2132 211 41 differunt,
757 2132 120 41 quia
832 2132 90 41 in
877 2132 135 41 alia,
967 2132 75 41 &
997 2132 120 41 alia
1073 2132 165 41 materia
1178 2132 105 41 reci-

434 2171 186 43 piuntur,
574 2171 109 43 non
636 2171 140 43 tamen
730 2171 93 43 de
776 2171 186 43 talibus,
916 2171 124 43 quae
993 2171 248 43 numerationem
1180 2171 93 43 suan

432 2212 166 40 capiunt
553 2212 91 40 ex
598 2212 106 40 eo,
658 2212 121 40 quod
734 2212 226 40 recipiuntur
915 2212 91 40 in
960 2212 196 40 subiectis
1096 2212 181 40 immaterial

427 2246 114 46 bus,
498 2246 100 46 vel
555 2246 85 46 ab
597 2246 185 46 obiectis,
740 2246 156 46 taliter
853 2246 142 46 tamen,
953 2246 114 46 quod
1024 2246 213 46 recipiuntur
1195 2246 85 46 in
1223 2246 57 46 im

429 2291 235 48 materialibus
620 2291 206 48 subiectis;
782 2291 132 48 tales
870 2291 117 48 enim
943 2291 176 48 species,
1075 2291 162 48 quamuis
1193 2291 88 48 in
1222 2291 59 48 se

424 2325 115 47 sint
495 2325 243 47 particulares,
696 2325 100 47 eo,
753 2325 115 47 quod
825 2325 215 47 recipiuntur
997 2325 86 47 in
1040 2325 115 47 hoc,
1111 2325 100 47 vel
1168 2325 86 47 in
1197 2325 86 47 illo

425 2364 237 43 intellectu;
615 2364 252 43 representant
820 2364 142 43 tamen
914 2364 110 43 rem
977 2364 110 43 cum
1025 2364 252 43 sequestratione

425 2406 247 50 conditionum
622 2406 296 50 indiuidualium,
869 2406 82 50 &
902 2406 115 50 per
968 2406 231 50 consequens
1133 2406 148 50 ratione

419 2448 117 54 suae
493 2448 293 54 representationis
741 2448 176 54 dicuntur
873 2448 234 54 vniuersales:
1063 2448 117 54 quia
1122 2448 161 54 repraesen

423 2486 127 55 tant
503 2486 111 55 rem
566 2486 255 55 vniuersalem,
773 2486 80 55 &
805 2486 143 55 actum
884 2486 255 55 intelligibilem

464 2522 93 46 Ad
511 2522 156 46 sextum
620 2522 202 46 dicendum,
776 2522 125 46 quod
854 2522 140 46 actus
947 2522 202 46 secundus,
1103 2522 140 46 cuius
1181 2522 93 46 prir

418 2557 150 49 cipium
523 2557 105 49 est
583 2557 150 49 forma,
688 2557 105 49 vel
748 2557 180 49 potentia
884 2557 165 49 fundata
1004 2557 90 49 in
1049 2557 135 49 forma
1124 2557 150 49 substan-

418 2602 149 45 tiali,
522 2602 104 45 non
582 2602 134 45 debet
671 2602 223 45 communicari
849 2602 119 45 ipsi
923 2602 178 45 corpori,
1057 2602 104 45 seu
1117 2602 134 45 parti
1191 2602 89 45 mate

418 2634 141 49 riali,
517 2634 99 49 sed
573 2634 113 49 toti
644 2634 198 49 coniuncto;
799 2634 141 49 igitur
898 2634 99 49 non
955 2634 99 49 est
1011 2634 155 49 necesse
1125 2634 155 49 proprie
1223 2634 57 49 lo

417 2671 151 53 quendo
522 2671 90 53 ad
567 2671 120 53 hoc,
643 2671 120 53 quod
718 2671 135 53 anima
808 2671 241 53 intellectiua
1004 2671 105 53 sit
1064 2671 135 53 forma
1140 2671 135 53 substam

424 2712 182 49 tialiter
560 2712 197 49 informans
712 2712 152 49 humanu
819 2712 167 49 corpus,
940 2712 121 49 quod
1016 2712 228 49 intelligere
1183 2712 91 49 com-

429 2759 202 45 municetur
585 2759 186 45 corpori;
724 2759 109 45 sed
786 2759 202 45 sufficit,
942 2759 124 45 quod
1019 2759 109 45 per
1081 2759 93 45 se
1112 2759 171 45 conueniat

426 2788 114 55 ipsi
483 2788 128 55 homini-

451 2811 106 70 Ad
504 2811 229 70 septimum,
681 2811 88 70 &
716 2811 194 70 octauum
857 2811 229 70 dicendum,
1034 2811 141 70 quod
1122 2811 141 70 illa
1193 2811 88 70 duo

422 2876 142 47 media
517 2876 158 47 falsum
627 2876 205 47 assumunt,
785 2876 126 47 quia
864 2876 79 47 &
895 2876 142 47 mudus
990 2876 174 47 creatus
1116 2876 110 47 est
1179 2876 79 47 a
1195 2876 79 47 Dec

456 2909 93 54 in
502 2909 201 54 principio
657 2909 201 54 temporis,
812 2909 77 54 &
843 2909 155 54 animae
951 2909 186 54 quotidie
1075 2909 170 54 creantur,

515 2945 109 50 Nec
578 2945 93 50 ad
624 2945 187 50 praesens
765 2945 171 50 oportet
889 2945 156 50 aliter
983 2945 202 50 respondere;

558 2984 118 58 quia
632 2984 177 58 superius
765 2984 192 58 responsum
913 2984 103 58 est
972 2984 89 58 ad
1016 2984 103 58 ea,
1060 2984 89 58 quae

599 3026 220 55 creationi
768 3026 237 55 videbantur
938 3026 169 55 obuiare,

643 3060 81 64 vt
683 3060 135 64 patuit
777 3060 229 64 distinctione.
965 3060 81 64 1.
992 3060 81 64 q.1.

1434 296 572 66 ARTICVLVS
1830 296 220 66 III

1367 377 153 81 Vtrum
1469 377 153 81 Anima
1571 377 289 81 intellectiuia
1810 377 119 81 sit
1878 377 153 81 forma
1963 377 170 81 substan-

1611 442 193 64 tialis
1727 442 154 64 homuus

1401 526 181 59 VANTVM
1528 526 109 59 ad
1582 526 199 59 tertium
1727 526 236 59 articulum
1908 526 145 59 dico
1999 526 145 59 duo.
2071 526 109 59 Pri-

1321 570 102 52 C
1372 570 119 52 mo,
1440 570 136 52 quod
1526 570 154 52 anima
1628 570 273 52 intellectiua
1850 570 119 52 est
1918 570 154 52 forma
2003 570 171 52 substan-

1320 611 154 46 tialis
1427 611 185 46 hominis:
1566 611 77 46 &
1596 611 138 46 istud
1689 611 215 46 Christiano
1858 611 108 46 non
1920 611 169 46 oportet
2027 611 154 46 probare;

1316 652 120 48 quia
1391 652 90 48 de
1436 652 105 48 hoc
1496 652 105 48 est
1556 652 240 48 determinatio
1751 652 165 48 sanctae
1871 652 150 48 matris
1976 652 195 48 ecclesiae
2111 652 60 48 in

1323 687 296 52 constitutionibus
1575 687 222 52 Clementinis
1753 687 148 52 editis
1856 687 89 52 in
1901 687 178 52 concilio
2019 687 178 52 vniuersali

1324 722 171 39 Viennae
1449 722 218 39 celebrato.
1620 722 93 39 Et
1667 722 93 39 ad
1714 722 109 39 hoc
1776 722 171 39 possent
1901 722 156 39 adduci
2010 722 140 39 multa
2088 722 109 39 dicta

1318 765 216 56 sanctorum,
1487 765 77 56 &
1518 765 231 56 specialiter
1703 765 216 56 Augustini,
1872 765 123 56 quae
1949 765 169 56 ratione
2057 765 123 56 breui-

1316 802 138 50 tatis
1392 802 123 50 omitto

1366 842 168 53 pecundo
1488 842 137 53 dico,
1579 842 122 53 quod
1656 842 122 53 ista
1732 842 198 53 conclusio
1884 842 153 53 potest
1976 842 198 53 demonstrari

1312 868 179 57 sumendo
1442 868 309 57 demonstrationem
1702 868 114 57 pro
1767 868 195 57 efficaci
1897 868 163 57 ratione.

1338 921 80 51 1
1370 921 128 51 Quia
1450 921 176 51 propria
1579 921 192 51 operatio
1723 921 241 51 cuiuscumque
1915 921 176 51 agentis
2044 921 112 51 est
2092 921 80 51 sua

1325 965 152 51 propria
1436 965 138 51 forma,
1532 965 69 51 &
1560 965 235 51 principaliter
1753 965 69 51 a
1781 965 97 51 sua
1836 965 221 51 substantiali
2015 965 138 51 forma,
2112 965 97 51 sed

1314 1008 228 42 intelligere
1496 1008 107 42 est
1557 1008 167 42 propria
1679 1008 183 42 operatio
1816 1008 183 42 hominis,
1953 1008 91 42 vt
1998 1008 137 42 patet
2075 1008 107 42 primo

1310 1034 95 49 de
1358 1034 158 49 anima,
1469 1034 95 49 vt
1516 1034 143 49 etiam
1611 1034 190 49 superius
1754 1034 174 49 deduxi;
1880 1034 95 49 in
1928 1034 174 49 secundo
2039 1034 158 49 inconue-

1307 1084 172 37 nienti,
1432 1084 125 37 quod
1511 1084 188 37 sequitur
1651 1084 94 37 ad
1698 1084 219 37 positionem
1855 1084 156 37 Auerrois

1363 1122 75 41 e
1393 1122 194 41 Preterea,
1542 1122 179 41 quilibet
1676 1122 119 41 homo
1751 1122 179 41 sensatus
1885 1122 194 41 experitur
2035 1122 90 41 se
2065 1122 104 41 inte-

1321 1156 162 52 ligere:
1439 1156 103 52 sed
1498 1156 133 52 omnis
1587 1156 177 52 operatio
1720 1156 192 52 suppositi
1867 1156 251 52 principaliter
2059 1156 118 52 reduci

1317 1200 107 45 tur
1378 1200 92 45 ad
1424 1200 153 45 formam
1531 1200 276 45 substantialem:
1761 1200 153 45 igitur
1868 1200 214 45 principium
2021 1200 153 45 radicale

1316 1240 211 47 operationis
1485 1240 254 47 intellectiuae,
1696 1240 113 47 quod
1767 1240 99 47 est
1823 1240 127 47 anima
1907 1240 239 47 intellectiua,
2091 1240 85 47 erit

1308 1267 158 57 forma
1414 1267 298 57 substantialis
1642 1267 175 57 hominis.

1354 1319 76 52 3
1384 1319 214 52 Praeterea,
1552 1319 229 52 philosophus
1735 1319 92 52 3.
1781 1319 92 52 de
1827 1319 137 52 anima
1919 1319 168 52 loquens
2041 1319 92 52 de
2071 1319 92 52 appi

1317 1348 117 58 titu
1391 1348 205 58 sensitiuo,
1552 1348 73 58 &
1581 1348 235 58 intellectiuo
1772 1348 147 58 dicit,
1875 1348 117 58 quod
1948 1348 117 58 vnus
2007 1348 161 58 apperitus

1309 1394 140 47 mouet
1403 1394 155 47 alium,
1511 1394 140 47 sicut
1604 1394 124 47 aota
1682 1394 140 47 mouet
1775 1394 155 47 rotam.
1884 1394 93 47 Et
1930 1394 93 47 si
1961 1394 202 47 philosophus

1320 1434 104 55 hoc
1380 1434 104 55 non
1439 1434 179 55 diccret,
1574 1434 179 55 quilibet
1708 1434 134 55 tamen
1797 1434 134 55 istud
1887 1434 194 55 experitur
2036 1434 89 55 in
2066 1434 104 55 seip-

1314 1467 111 60 so:
1378 1467 111 60 sed
1441 1467 127 60 rota
1520 1467 95 60 ad
1568 1467 143 60 motum
1663 1467 127 60 suum
1743 1467 143 60 aliam
1838 1467 143 60 secum
1933 1467 190 60 trahens,
2060 1467 111 60 opor-

1322 1516 116 47 tet,
1394 1516 116 47 quod
1466 1516 101 47 cum
1524 1516 116 47 illa
1596 1516 101 47 sit
1654 1516 159 47 confixa
1770 1516 87 47 in
1813 1516 130 47 eodem
1900 1516 174 47 stipite;
2030 1516 145 47 igitur
2132 1516 72 47 &

1304 1545 212 50 appetitus
1467 1545 180 50 trahens
1598 1545 147 50 alium
1696 1545 229 50 appetitum,
1875 1545 196 50 oportet,
2022 1545 131 50 quod
2087 1545 82 50 cum

1307 1590 86 43 eo
1350 1590 257 43 suppositaliter
1564 1590 100 43 sit
1621 1590 200 43 coniuctus:
1778 1590 100 43 sed
1835 1590 186 43 appetitus
1964 1590 214 43 intellectiuus

1308 1625 79 55 &
1340 1625 206 55 appetitus
1499 1625 222 55 sensitiuus
1673 1625 286 55 suppositaliter
1911 1625 111 55 non
1975 1625 175 55 possunt
2086 1625 95 55 esse

1314 1667 218 57 coniuncti,
1486 1667 125 57 nisi
1564 1667 140 57 anima
1657 1667 249 57 intellectiua
1860 1667 140 57 esset
1953 1667 140 57 forma
2031 1667 156 57 hominis;

1309 1702 132 51 ergo
1375 1702 83 51 &c.

1340 1752 80 42 4
1372 1752 224 42 Praeterea,
1548 1752 96 42 ad
1596 1752 144 42 istam
1692 1752 256 42 conclusionem
1901 1752 160 42 valent
2013 1752 144 42 omnia
2093 1752 80 42 il-

1318 1783 103 53 la,
1377 1783 117 53 quae
1450 1783 176 53 superius
1583 1783 117 53 sunt
1656 1783 147 53 arguta
1759 1783 147 53 contra
1862 1783 162 53 errorem
1979 1783 176 53 Auerrois
2097 1783 73 53 con

1296 1821 215 46 mentatoris.

1359 1862 108 61 bed
1420 1862 215 61 praeterea,
1589 1862 123 61 quae
1666 1862 185 61 superius
1805 1862 169 61 inducta
1928 1862 123 61 sunt
2005 1862 108 61 pro
2051 1862 123 61 errore

1323 1900 201 64 Auerrois,
1477 1900 154 64 potest
1585 1900 154 64 contra
1693 1900 139 64 istam
1785 1900 216 64 catholicam
1955 1900 201 64 veritatem
2094 1900 77 64 ad-

1315 1938 101 54 huc
1372 1938 130 54 argui
1445 1938 72 54 sic

1356 1967 74 72 1
1386 1967 89 72 Si
1430 1967 133 72 anima
1519 1967 236 72 intellectiua
1711 1967 133 72 esset
1800 1967 133 72 forma
1888 1967 251 72 substantialis
2080 1967 89 72 homi

1307 2023 120 57 nis;
1382 2023 120 57 tunc
1457 2023 120 57 homo
1531 2023 135 57 esset
1621 2023 299 57 incorruptibilis.
1875 2023 179 57 Falsitas
1995 2023 179 57 consequen-

1306 2068 119 50 tis
1374 2068 204 50 quotidie
1527 2068 153 50 patet
1628 2068 102 50 ad
1679 2068 187 50 sensum:
1815 2068 153 50 probo
1900 2068 271 50 consequentiam,

1323 2099 123 53 quia
1400 2099 139 53 totum
1492 2099 108 53 est
1554 2099 293 53 incorruptibile,
1801 2099 139 53 cuius
1893 2099 139 53 omnia
1970 2099 201 53 essentialia

1320 2149 189 37 principia
1466 2149 116 37 sunt
1538 2149 290 37 incorruptibilia:
1785 2149 102 37 sed
1843 2149 131 37 omnia
1930 2149 218 37 essentialia
2090 2149 87 37 prin

1314 2185 129 50 cipia
1400 2185 158 50 hominis
1515 2185 115 50 sunt
1586 2185 287 50 incorruptibilia,
1830 2185 172 50 scilicet
1960 2185 172 50 materia,
2089 2185 72 50 &
2103 2185 72 50 ani

1320 2218 89 54 ma
1365 2218 253 54 intellectiua:
1573 2218 119 54 quod
1648 2218 119 54 enim
1722 2218 134 54 anima
1812 2218 238 54 intellectiua
2005 2218 104 54 sit
2050 2218 119 54 incor-

1311 2262 226 53 ruptibilis,
1492 2262 135 53 patet
1582 2262 90 53 3.
1627 2262 90 53 de
1672 2262 151 53 anima:
1778 2262 120 53 quod
1853 2262 135 53 autem
1943 2262 166 53 materia
2064 2262 105 53 sit
2109 2262 60 53 in

1313 2304 233 41 generabilis
1500 2304 78 41 &
1531 2304 311 41 incorruptibilis,
1795 2304 140 41 patet
1888 2304 140 41 primo
1966 2304 202 41 physicorum.

1342 2331 74 62 2
1372 2331 207 62 Praeterea,
1534 2331 89 62 si
1579 2331 133 62 anima
1667 2331 237 62 intellectiua
1860 2331 133 62 esset
1948 2331 133 62 forma
2022 2331 148 62 substan-

1314 2372 158 62 tialis
1425 2372 190 62 hominis:
1567 2372 127 62 tunc
1647 2372 222 62 supposito,
1821 2372 127 62 quod
1900 2372 142 62 omnes
1995 2372 174 62 homines
2106 2372 63 62 mo

1315 2421 199 48 rerentur,
1468 2421 230 48 sequeretur,
1651 2421 122 48 quod
1728 2421 199 48 quandoque
1881 2421 230 48 naturaliter
2050 2421 122 48 fieret

1306 2454 236 54 resurrectio
1495 2454 204 54 mortuorum
1652 2454 220 54 consequens
1825 2454 110 54 est
1887 2454 251 54 impossibile:
2076 2454 94 54 ergo

1311 2487 74 66 &
1341 2487 207 66 antecedens
1503 2487 177 66 falsitas
1636 2487 236 66 consequentis
1828 2487 148 66 patet.
1932 2487 89 66 2.
1976 2487 89 66 de
2006 2487 162 66 generatio

1315 2536 105 57 ne,
1375 2536 105 57 vbi
1435 2536 180 57 dicitur,
1569 2536 135 57 Cuius
1659 2536 210 57 substantia
1824 2536 180 57 deperit,
1959 2536 105 57 non
2018 2536 135 57 redit
2093 2536 105 57 idems

1310 2576 171 48 numero.
1435 2576 109 48 Est
1497 2576 140 48 etiam
1590 2576 140 48 illud
1684 2576 218 48 consequens
1855 2576 155 48 contra
1963 2576 155 48 fidem.
2057 2576 124 48 Probo.

1311 2611 273 55 consequentiam:
1538 2611 121 55 quia
1614 2611 151 55 quorum
1720 2611 212 55 coniunctio
1886 2611 106 55 est
1947 2611 212 55 naturalis,
2113 2611 106 55 eor

1304 2655 105 52 rum
1364 2655 195 52 separatio
1514 2655 105 52 est
1574 2655 180 52 violenta
1709 2655 120 52 ista
1785 2655 135 52 patet
1875 2655 90 52 8.
1920 2655 225 52 physicorum.
2085 2655 90 52 Ideo

1320 2687 120 54 enim
1395 2687 135 54 graue
1486 2687 196 54 violenter
1636 2687 196 54 remouetur
1787 2687 75 54 a
1817 2687 120 54 loco
1892 2687 181 54 deorsum:
2028 2687 120 54 quia
2088 2687 75 54 tam

1312 2724 86 58 li
1355 2724 115 58 loco
1426 2724 215 58 naturaliter
1598 2724 186 58 iungitur,
1742 2724 215 58 naturaliter
1914 2724 172 58 tendendo
2043 2724 86 58 in
2072 2724 100 58 talem

1314 2766 151 59 locum:
1420 2766 106 59 sed
1480 2766 136 59 omnis
1571 2766 136 59 forma
1662 2766 257 59 substantialis
1874 2766 227 59 naturaliter
2041 2766 121 59 coniur

1309 2812 128 58 gitur
1394 2812 113 58 suae
1465 2812 184 58 materiae,
1607 2812 99 58 cum
1663 2812 99 58 sit
1720 2812 99 58 sua
1777 2812 241 58 naturalissima
1961 2812 213 58 perfectio:igi

1315 2852 104 45 tur
1375 2852 89 45 si
1419 2852 193 45 separatur
1568 2852 74 45 a
1597 2852 178 45 materia,
1731 2852 74 45 &
1761 2852 104 45 non
1820 2852 223 45 corrumpitur
1984 2852 178 45 corruptio.

1305 2886 89 50 ne
1350 2886 148 50 ipsius
1453 2886 208 50 compositi:
1616 2886 163 50 necesse
1735 2886 104 50 est
1794 2886 133 50 talem
1883 2886 237 50 separationem
2076 2886 119 50 esse

1303 2919 220 64 violentam,
1476 2919 110 64 sed
1539 2919 157 64 nullum
1649 2919 204 64 violentum
1806 2919 220 64 perpetuum,
1979 2919 94 64 vt
2027 2919 157 64 patet.
2121 2919 47 64 2

1310 2963 139 58 caeli
1402 2963 77 58 &
1433 2963 216 58 mundi;ergo
1603 2963 139 58 talis
1696 2963 139 58 forma
1789 2963 201 58 quandoque
1943 2963 232 58 naturaliter
2113 2963 62 58 re

1314 3005 192 59 uenietur:
1462 3005 103 59 cum
1521 3005 148 59 igitur
1624 3005 133 59 anima
1713 3005 236 59 intellectiua
1904 3005 103 59 sit
1949 3005 221 59 incorruptibi-

1308 3035 117 61 lis,
1381 3035 87 61 si
1425 3035 131 61 esset
1512 3035 131 61 forma
1600 3035 160 61 hominis
1716 3035 87 61 in
1760 3035 131 61 morte
1847 3035 146 61 ipsius
1949 3035 102 61 non
2008 3035 131 61 esset
2081 3035 87 61 for-

1303 3083 110 68 mae
1366 3083 219 68 corruptio,
1538 3083 110 68 sed
1601 3083 188 68 violenta
1742 3083 219 68 separatio;
1914 3083 125 68 ergo
1977 3083 188 68 oporteret.
