2400 3551
418 259 112 66 iste
488 259 225 66 inuisibilis,
671 259 98 66 qui
727 259 112 66 erat
797 259 84 66 in
839 259 98 66 Dei
896 259 183 66 sapientia
1036 259 84 66 ad
1078 259 126 66 cuius
1149 259 140 66 similitu

425 317 130 50 dinem
511 317 144 50 factus
612 317 101 50 est
670 317 101 50 hic
728 317 130 50 mudus
814 317 202 50 visibilis:
973 317 115 50 haec
1045 317 130 50 autem
1117 317 159 50 visibilia

431 352 185 60 antequam
569 352 185 60 fierent,
708 352 108 60 non
770 352 154 60 erant.
878 352 93 60 Et
924 352 123 60 tunc
1001 352 201 60 immediate
1140 352 139 60 Augusti

426 392 129 53 nus
499 392 165 53 mouet
609 392 147 53 vnum
701 392 184 53 dubium
830 392 202 53 dicens.
977 392 202 53 Quomodo
1124 392 129 53 Deo
1179 392 110 53 nota

417 433 146 43 erant,
520 433 117 43 quae
593 433 102 43 non
651 433 146 43 erant:
754 433 102 43 aut
812 433 161 43 quomodo
929 433 175 43 fierent,
1061 433 117 43 quae
1134 433 117 43 sibi
1192 433 88 43 nota

414 471 102 51 non
473 471 160 51 essent:
589 471 189 51 Respondet
735 471 204 51 Augustinus
895 471 160 51 dicens,
1012 471 117 51 quod
1085 471 175 51 antequam
1201 471 73 51 fis

430 513 127 46 rent,
515 513 71 46 &
543 513 141 46 erant,
641 513 71 46 &
670 513 99 46 non
726 513 141 46 erant;
825 513 141 46 erant.
923 513 85 46 n.
966 513 85 46 in
1008 513 99 46 Dei
1064 513 183 46 scientia:
1205 513 71 46 &
1220 513 56 46 no

425 553 132 44 erant
514 553 88 44 in
558 553 103 44 sua
616 553 162 44 natura.
734 553 88 44 Et
778 553 118 44 idem
852 553 118 44 Aug.
925 553 88 44 5.
969 553 132 44 super
1058 553 118 44 Sen,
1131 553 118 44 ait.
1190 553 103 44 Crea-

416 594 123 43 tura
493 594 139 43 omnis
585 594 185 43 secundum
724 594 154 43 esset,
832 594 123 43 quod
909 594 154 43 habuit
1017 594 93 43 ab
1063 594 185 43 aeterno,
1186 594 93 43 vita

430 629 138 47 erat,
522 629 169 47 propter
644 629 123 47 quod
721 629 138 47 solum
813 629 169 47 habebat
936 629 123 47 esse
1013 629 92 47 in
1059 629 123 47 Deo.
1136 629 92 47 Et
1182 629 138 47 eadem

423 674 232 50 sententiam
605 674 149 50 ponit
705 674 165 50 Ansel.
804 674 215 50 Monologion.

465 699 89 59 Ex
510 699 104 59 his
569 699 164 59 igitur,
688 699 74 59 &
718 699 149 59 multis
822 699 134 59 alijs
911 699 193 59 sanctorum
1045 699 238 59 auctoritatibus

442 748 176 55 pparet,
570 748 112 55 non
634 748 144 55 solum
730 748 144 55 illos
826 748 96 55 de
874 748 144 55 primo
969 748 128 55 modo
1049 748 176 55 ponendi
1177 748 144 55 istam

428 786 232 43 opinionem,
610 786 149 43 verum
710 786 149 43 etiam
809 786 149 43 illos
908 786 99 43 de
958 786 182 43 secundo
1090 786 132 43 modo
1157 786 132 43 falsum

426 823 139 50 dicere
524 823 84 50 in
565 823 111 50 hoc,
635 823 111 50 quod
705 823 139 50 ponunt
802 823 181 50 creaturam
942 823 84 50 ab
983 823 139 50 aetern
1081 823 70 50 o
1109 823 139 50 fuisse
1192 823 98 50 secu-

435 862 99 51 dum
491 862 155 51 aliquam
604 862 99 51 sui
660 862 183 51 entitatem
801 862 169 51 realiter
928 862 211 51 differentem
1097 862 85 51 ab
1139 862 113 51 ipso
1195 862 85 51 Deo.

438 903 74 43 2
468 903 207 43 Praeterea,
630 903 133 43 istud
719 903 192 43 possibile
867 903 222 43 oblectiuum,
1044 903 118 43 quod
1118 903 118 43 isti
1192 903 89 43 de
1222 903 59 43 se

419 943 146 48 cundo
516 943 130 48 modo
598 943 179 48 dicendi
728 943 179 48 ponunt,
858 943 114 48 vel
923 943 179 48 diceret
1053 943 179 48 maiorem
1167 943 114 48 enti-

434 985 156 39 tatem,
543 985 124 39 quam
621 985 187 39 essentia
761 985 202 39 materiae,
917 985 109 39 vel
979 985 187 39 minorem,
1119 985 109 39 vel
1166 985 124 39 aequa-

426 1022 128 45 lem.
506 1022 96 45 Si
554 1022 192 45 maiorem,
698 1022 128 45 tunc
778 1022 144 45 minus
873 1022 288 45 praesupponeret
1097 1022 176 45 generatio

425 1060 120 49 quam
500 1060 179 49 creatio.
634 1060 90 49 Si
679 1060 179 49 minorem,
814 1060 120 49 tunc
888 1060 179 49 essentia
1023 1060 179 49 materiae
1157 1060 105 49 non
1202 1060 75 49 es-

426 1098 103 49 set
485 1098 118 49 pura
559 1098 192 49 potentia.
706 1098 88 49 Si
750 1098 192 49 aequalem,
898 1098 118 49 tunc
972 1098 162 49 creatio
1089 1098 103 49 non
1148 1098 133 49 esset
1222 1098 59 49 ma

429 1143 104 52 gis
488 1143 89 52 de
533 1143 163 52 nihilo,
652 1143 119 52 quam
726 1143 119 52 ipsa
800 1143 208 52 generatio;
963 1143 119 52 quae
1037 1143 133 52 omnia
1126 1143 119 52 sunt
1185 1143 104 52 absur

429 1177 93 54 da
475 1177 77 54 &
490 1177 232 54 impossibilia,

440 1224 101 41 Ad
491 1224 168 41 primum
608 1224 168 41 igitur
725 1224 84 41 d
759 1224 84 41 e
793 1224 151 41 primo
893 1224 134 41 modo
977 1224 185 41 dicendi
1111 1224 134 41 nego
1178 1224 101 41 con-

432 1256 251 44 sequentiam.
633 1256 101 44 Ad
684 1256 251 44 probationem
885 1256 218 44 dicendum,
1052 1256 134 44 quod
1119 1256 168 44 essentia

439 1298 157 42 liuina
549 1298 94 42 ab
596 1298 172 42 aeterno
721 1298 125 42 fuit
800 1298 188 42 exemplar
940 1298 251 42 creaturarum,
1144 1298 110 42 non
1191 1298 94 42 quae

435 1330 117 56 tunc
509 1330 161 56 essent,
626 1330 103 56 sed
685 1330 117 56 quae
758 1330 88 56 in
802 1330 161 56 tempore
905 1330 132 56 fierent

460 1377 101 42 Ad
511 1377 202 42 secundum
662 1377 219 42 dicendum,
831 1377 135 42 quod
915 1377 118 42 hoc
983 1377 236 42 argumentum
1168 1377 118 42 non
1219 1377 67 42 ma

432 1409 102 45 pis
491 1409 190 45 concludit
637 1409 88 45 de
681 1409 175 45 essentia
812 1409 146 45 rerum,
915 1409 117 45 quam
988 1409 88 45 de
1032 1409 219 45 existentia:
1192 1409 88 45 quia

427 1444 125 51 Deus
506 1444 94 51 ab
553 1444 188 51 aeterno,
693 1444 78 51 &
725 1444 94 51 in
772 1444 172 51 tempore
897 1444 141 51 aeque
991 1444 188 51 perfecte
1116 1444 172 51 cognoscit

421 1492 237 45 existentias
611 1492 142 45 rerum
706 1492 142 45 sicut
800 1492 221 45 essentias.
974 1492 95 45 Ad
1021 1492 158 45 formam
1132 1492 142 45 tamen
1211 1492 79 45 ar-

432 1533 170 49 gumenti
555 1533 201 49 dicendum,
710 1533 124 49 quod
788 1533 124 49 Deus
865 1533 93 49 ab
911 1533 170 49 aeterno
1035 1533 186 49 cognouit
1159 1533 124 49 essen-

431 1568 112 56 tias
501 1568 140 56 rerum,
599 1568 98 56 non
655 1568 112 56 quae
725 1568 112 56 tunc
795 1568 154 56 essent:
908 1568 98 56 sed
964 1568 112 56 quae
1034 1568 98 56 per
1090 1568 98 56 sui
1132 1568 154 56 potentiam

429 1609 95 54 in
477 1609 190 54 tempore,
619 1609 111 54 dum
682 1609 127 54 sibi
761 1609 206 54 placeret,
920 1609 142 54 fieri
999 1609 158 54 possent.

476 1645 96 48 Ad
524 1645 176 48 tertium
652 1645 128 48 nego
732 1645 288 48 consequentiam:
973 1645 128 48 quia
1053 1645 176 48 quamuis
1165 1645 112 48 illud

429 1687 124 48 quod
506 1687 124 48 Deus
583 1687 186 48 cognouit
723 1687 93 48 de
769 1687 217 48 creaturis,
939 1687 139 48 esset
1032 1687 201 48 creabile,
1172 1687 108 48 tamen

424 1727 100 43 nec
481 1727 129 43 illud
567 1727 115 43 fuit
639 1727 86 43 ab
682 1727 172 43 aeterno,
811 1727 100 43 nec
868 1727 143 43 diuina
969 1727 172 43 essentia
1098 1727 115 43 erat
1155 1727 129 43 creabi-

426 1765 110 48 lis:
495 1765 96 48 sed
550 1765 164 48 sufficit
673 1765 110 48 quod
741 1765 137 48 diuina
837 1765 164 48 essentia
960 1765 123 48 talia
1043 1765 219 48 comprehendat
1207 1765 82 48 vir-

437 1806 161 49 tualiter
557 1806 80 49 ad
597 1806 107 49 hoc,
664 1806 107 49 quod
731 1806 107 49 ipse
798 1806 107 49 Deus
865 1806 120 49 talia
945 1806 174 49 distincte
1079 1806 187 49 cognoscat,
1213 1806 67 49 cum

430 1845 124 42 enim
507 1845 124 42 Deus
584 1845 186 42 perfecte
723 1845 201 42 cognoscit
878 1845 201 42 essentiam
1033 1845 139 42 suam,
1125 1845 124 42 tunc
1187 1845 93 42 per-

427 1888 141 48 fecte
521 1888 203 48 cognoscit
677 1888 125 48 omne
755 1888 187 48 creabile
896 1888 203 48 contentum
1052 1888 234 48 virtualiter
1224 1888 62 48 in

425 1919 104 54 sua
470 1919 149 54 essentia

469 1958 96 40 Ad
517 1958 176 40 quartum
645 1958 192 40 dicedum,
789 1958 128 40 quod
869 1958 128 40 Deus
950 1958 112 40 non
1014 1958 192 40 cognouit
1142 1958 144 40 treatu-

426 1991 95 57 ras
481 1991 81 57 ab
521 1991 149 57 aeterno
630 1991 109 57 esse
698 1991 190 57 creabiles,
847 1991 68 57 &
874 1991 190 57 possibiles
1024 1991 136 57 fieri,
1119 1991 163 57 potentia
1227 1991 68 57 pas

425 2038 118 45 siua
499 2038 88 45 se
543 2038 162 45 tenente
661 2038 88 45 ex
705 2038 133 45 parte
794 2038 206 45 creaturae:
956 2038 103 45 sed
1015 2038 177 45 cognouit
1147 2038 103 45 eas
1192 2038 88 45 esse

440 2077 202 43 possibiles
598 2077 173 43 potentia
728 2077 144 43 actiua
828 2077 86 43 se
872 2077 158 43 tenente
987 2077 86 43 ex
1030 2077 130 43 parte
1116 2077 202 43 creatoris,

425 2120 104 47 seu
485 2120 209 47 suiipsius.
649 2120 89 47 Et
693 2120 119 47 ideo
768 2120 179 47 creatura
902 2120 89 47 ab
946 2120 164 47 aeterno
1066 2120 134 47 extra
1155 2120 119 47 Deum
1215 2120 74 47 non

433 2155 149 39 habuit
537 2155 163 39 aliquod
656 2155 119 39 esse
730 2155 149 39 reale,
834 2155 104 39 nec
894 2155 104 39 per
953 2155 208 39 consequens
1117 2155 149 39 aliqua
1206 2155 74 39 re-

428 2193 131 45 latio
515 2193 145 45 realis
616 2193 116 45 fuit
689 2193 87 45 ab
732 2193 145 45 eterno
834 2193 131 45 inter
921 2193 189 45 essentiam
1066 2193 102 45 rei
1124 2193 174 45 creatae,
1240 2193 44 45 &

431 2231 245 38 intellectum
627 2231 180 38 diuinum
757 2231 261 38 cognoscentem
969 2231 212 38 huiusmodi
1116 2231 180 38 essentiam

444 2268 101 54 sse
501 2268 202 54 possibilem
646 2268 115 54 fieri.

470 2309 105 48 Ad
522 2309 193 48 quintum
662 2309 140 48 nego
750 2309 210 48 minorem.
907 2309 105 48 Ad
960 2309 263 48 probationem
1152 2309 140 48 dicen-

434 2348 116 49 dum,
506 2348 116 49 quod
578 2348 101 49 non
636 2348 101 49 est
694 2348 159 49 simile,
809 2348 116 49 quia
881 2348 130 49 dato,
968 2348 116 49 quod
1040 2348 116 49 rosa
1113 2348 101 49 non
1156 2348 130 49 existat

430 2390 136 42 actu;
521 2390 106 42 est
581 2390 136 42 tamen
672 2390 91 42 in
717 2390 121 42 suis
793 2390 151 42 causis
899 2390 227 42 naturalibus
1080 2390 76 42 &
1095 2390 197 42 propinquis.

434 2425 126 55 Etiam
518 2425 98 55 est
574 2425 84 55 in
617 2425 169 55 potentia
743 2425 155 55 passiua
855 2425 183 55 materiae,
996 2425 112 55 quae
1066 2425 98 55 est
1122 2425 98 55 vna
1179 2425 84 55 de
1207 2425 70 55 cau

420 2472 122 45 sis
489 2472 261 45 intrinsecis
698 2472 122 45 rei
768 2472 244 45 naturalis.

460 2508 85 49 Ad
502 2508 141 49 sextum
601 2508 183 49 dicendum,
742 2508 113 49 quod
813 2508 85 49 vt
855 2508 169 49 superius
982 2508 155 49 patuit,
1095 2508 183 49 creaturae
1222 2508 56 49 ab

431 2543 144 47 aeter
527 2543 96 47 no
575 2543 208 47 habuerunt
735 2543 128 47 esse
815 2543 144 47 viuum
910 2543 96 47 in
958 2543 192 47 essentia
1086 2543 192 47 creatoris.

472 2582 129 50 Alias
558 2582 186 50 inuenitur
701 2582 115 50 sic.
773 2582 143 50 Posset
873 2582 129 50 etiam
959 2582 129 50 dici,
1045 2582 115 50 quod
1117 2582 115 50 Aug.
1189 2582 100 50 ibi
1232 2582 57 50 lo

432 2630 161 44 quitur
544 2630 96 44 de
593 2630 225 44 cognitione
769 2630 177 44 nostra,
898 2630 80 44 &
930 2630 112 44 non
994 2630 96 44 de
1042 2630 225 44 cognitione
1203 2630 80 44 Dei

442 2662 100 56 uam
499 2662 144 56 nullum
600 2662 115 56 esse
671 2662 187 56 creaturae
815 2662 144 56 potest
915 2662 215 56 praecedere,
1087 2662 100 56 cum
1145 2662 100 56 Dei
1188 2662 86 56 com-

438 2696 131 51 nitio
526 2696 102 51 sit
584 2696 219 51 simpliciter
744 2696 146 51 aeterna.

457 2744 105 46 Ad
509 2744 175 46 primum
631 2744 105 46 de
683 2744 192 46 secundo
823 2744 140 46 modo
910 2744 192 46 dicendi
1050 2744 140 46 nego
1120 2744 157 46 minorem

457 2781 100 50 Ad
507 2781 167 50 primam
625 2781 251 50 probationem
825 2781 217 50 dicendum,
993 2781 117 50 qud
1060 2781 151 50 illud
1143 2781 134 50 verbum

434 2816 125 61 Auic.
518 2816 97 61 est
573 2816 237 61 intelligendum
768 2816 84 61 de
810 2816 111 61 his,
879 2816 111 61 quae
949 2816 181 61 incipiunt
1088 2816 111 61 esse
1158 2816 84 61 in
1186 2816 97 61 tempo

424 2857 89 44 re
469 2857 104 44 per
528 2857 134 44 motum
618 2857 75 44 &
648 2857 283 44 transmutationem
886 2857 164 44 virtute
1006 2857 164 44 agentis
1110 2857 164 44 naturalis

469 2895 90 39 Ad
514 2895 180 39 secundam
649 2895 225 39 probationem
829 2895 120 39 nego
905 2895 270 39 consequentiam:
1130 2895 120 39 quia
1190 2895 90 39 nul-

433 2934 74 41 a
463 2934 208 41 impotentia
626 2934 89 41 ex
671 2934 104 41 hoc
730 2934 163 41 apparet
849 2934 89 41 in
893 2934 163 41 agente,
1012 2934 119 41 quia
1086 2934 104 41 non
1145 2934 134 41 facit
1220 2934 59 41 il

439 2975 104 49 ud,
499 2975 119 49 quod
573 2975 178 49 effectus
706 2975 134 49 actum
795 2975 119 49 esse
869 2975 104 49 non
929 2975 178 49 patitur.
1062 2975 119 49 Vnde
1136 2975 134 49 lapis
1211 2975 59 49 ab

425 3013 158 44 aeterno
540 3013 201 44 possibilis
698 3013 115 44 fuit
770 3013 158 44 creari,
885 3013 86 44 eo
928 3013 115 44 quod
1000 3013 115 44 Deus
1072 3013 86 44 ab
1115 3013 158 44 aeterno
1215 3013 58 44 po

421 3046 115 45 tuit
492 3046 100 45 eum
550 3046 144 45 creare
650 3046 129 45 Posse
736 3046 86 45 n.
780 3046 144 45 creari
880 3046 100 45 est
937 3046 158 45 propter
1052 3046 129 45 posse
1138 3046 158 45 creare,
1239 3046 43 45 &

421 3091 102 53 non
479 3091 203 53 econuerso,
638 3091 102 53 cum
696 3091 174 53 potentia
827 3091 131 53 prius
914 3091 160 53 dicatur
1030 3091 87 53 de
1073 3091 174 53 potentia
1189 3091 87 53 acti

1315 266 97 59 ua,
1371 266 111 59 quam
1440 266 167 59 passiua,
1565 266 83 59 vt
1607 266 139 59 patet.
1704 266 83 59 5.
1746 266 125 59 meta.
1829 266 83 59 Et
1871 266 125 59 licet
1955 266 111 59 isto
2024 266 111 59 modo
2080 266 97 59 possi

1323 313 180 50 bilitatis
1462 313 180 50 creaturae
1600 313 125 50 causa
1683 313 97 50 sit
1738 313 166 50 potentia
1863 313 194 50 creatoris:
2001 313 166 50 impossibil

1310 362 139 44 tatis
1402 362 139 44 tamen
1495 362 139 44 entis
1588 362 201 44 prohibiti
1743 362 108 44 non
1805 362 170 44 oportet
1929 362 201 44 assignare
2069 362 108 44 aliam

1321 393 202 45 tausam,
1468 393 147 45 quam
1560 393 221 45 ipsammet
1725 393 294 45 repugnantiam
1945 393 221 45 terminorum

1329 428 104 49 Ad
1381 428 209 49 secundum
1537 428 139 49 nego
1624 428 313 49 consequentiam:
1885 428 139 49 quia
1972 428 191 49 quamuis
2093 428 87 49 ens

1317 467 181 44 creabile
1453 467 91 44 ab
1498 467 166 44 aeterno
1619 467 136 44 minus
1709 467 151 44 fuerit
1815 467 106 44 non
1875 467 121 44 ens,
1951 467 121 44 quam
2026 467 106 44 ens
2071 467 106 44 prohi

1329 509 116 48 itum
1402 509 87 48 in
1446 509 116 48 hoc,
1518 509 116 48 quod
1591 509 116 48 sibi
1663 509 203 48 competebat
1823 509 160 48 negatio
1939 509 232 48 repugnantiae
2113 509 58 48 ad

1327 547 139 55 posse
1419 547 185 55 produci:
1557 547 92 55 ex
1604 547 108 55 hoc
1665 547 139 55 tamen
1758 547 108 55 non
1819 547 200 55 oportebat
1973 547 139 55 ipsum
2050 547 123 55 creabi

1313 586 91 53 le
1358 586 91 53 ab
1404 586 167 53 aeterno
1525 586 151 53 fuisse
1631 586 182 53 secundum
1767 586 182 53 ;aliquam
1903 586 106 53 sui
1964 586 197 53 potentiam
2100 586 76 53 pas

1313 631 146 47 siuam,
1416 631 102 47 seu
1474 631 233 47 subiectiuam:
1663 631 102 47 sed
1722 631 88 47 ad
1766 631 102 47 hoc
1824 631 219 47 sufficiebat
1984 631 190 47 continentia

1311 666 206 49 virtualis,
1473 666 103 49 qua
1532 666 235 49 continebatur
1723 666 88 49 in
1767 666 176 49 potentia
1899 666 147 49 actiua
1988 666 176 49 creatoris.

1349 703 93 47 Ad
1396 703 171 47 tertium
1520 703 202 47 dicendum,
1675 703 124 47 quod
1753 703 202 47 potentia,
1908 703 124 47 quae
1986 703 109 47 cum
2048 703 124 47 actu
2110 703 62 47 di

1311 743 127 43 uidit
1395 743 99 43 ens
1452 743 141 43 reale,
1551 743 99 43 vel
1607 743 99 43 est
1663 743 169 43 potentia
1790 743 212 43 subiectiua,
1959 743 99 43 vel
2016 743 99 43 est
2058 743 113 43 poten-

1314 782 95 54 tia
1368 782 176 54 obiectiua
1503 782 135 54 talis,
1597 782 108 54 quae
1665 782 162 54 realiter
1786 782 162 54 fundatur
1908 782 81 54 in
1948 782 203 54 subiectiua:
2097 782 68 54 sec

1325 826 101 44 tum
1382 826 188 44 creatura,
1527 826 87 44 vt
1570 826 130 44 extra
1657 826 188 44 creatorem
1801 826 217 44 concipitur,
1975 826 159 44 dicitur
2076 826 101 44 fuis-

1318 863 84 51 se
1360 863 84 51 in
1402 863 168 51 potentia
1528 863 84 51 ab
1569 863 168 51 aeterno:
1695 863 126 51 talis
1779 863 168 51 potentia
1905 863 98 51 nec
1961 863 98 51 est
2002 863 168 51 subiectiua

1314 906 104 42 nec
1373 906 104 42 est
1433 906 177 42 potentia
1566 906 207 42 obiectiua,
1728 906 118 42 quae
1802 906 192 42 immediate
1950 906 177 42 fundetur
2083 906 89 42 in
2113 906 59 42 su

1314 944 189 41 biectiua:
1460 944 102 41 sed
1518 944 102 41 est
1577 944 117 41 mere
1650 944 204 41 obiectiua,
1810 944 117 41 quae
1883 944 102 41 non
1941 944 102 41 est
1999 944 160 41 alterum
2101 944 73 41 di-

1311 982 194 54 uidentium
1460 982 134 54 ipsum
1550 982 105 54 ens
1610 982 149 54 reale.
1714 982 90 54 Et
1759 982 105 54 ide
1819 982 75 54 o
1849 982 119 54 quod
1923 982 105 54 sic
1983 982 105 54 est
2043 982 90 54 in
2072 982 105 54 poten

1305 1019 176 46 tia,
1415 1019 154 46 non
1503 1019 242 46 oportet
1679 1019 176 46 esse
1789 1019 154 46 ens
1855 1019 176 46 reale.

1336 1063 101 49 Ad
1387 1063 185 49 quartum
1521 1063 135 49 nego
1605 1063 202 49 minorem:
1757 1063 101 49 ad
1807 1063 252 49 probationem
1992 1063 185 49 dicendum,

1325 1098 118 53 quod
1399 1098 206 53 relationes
1561 1098 147 53 reales
1664 1098 162 53 secundi
1782 1098 133 53 modi,
1870 1098 88 53 vt
1915 1098 177 53 apparet.
2047 1098 88 53 5.
2077 1098 88 53 meta

1317 1142 112 46 non
1381 1142 208 46 fundantur
1541 1142 256 46 quomodocumqe
1749 1142 96 46 in
1796 1142 224 46 potentijs:
1972 1142 112 46 sed
2036 1142 112 46 vel
2084 1142 96 46 fun-

1323 1176 140 44 dantur
1421 1176 84 44 in
1463 1176 154 44 actione
1574 1176 70 44 &
1602 1176 182 44 passione,
1742 1176 98 44 vel
1798 1176 84 44 in
1840 1176 182 44 potentia,
1979 1176 84 44 vt
2021 1176 98 44 per
2077 1176 126 44 ipsam

1312 1216 147 58 elicita
1419 1216 94 58 est
1472 1216 134 58 actio,
1566 1216 67 58 &
1593 1216 134 58 illata
1686 1216 107 58 ipsa
1753 1216 147 58 passio:
1860 1216 94 58 sed
1914 1216 80 58 ab
1954 1216 147 58 aeterno
2061 1216 94 58 nec
2101 1216 80 58 fuit

1323 1255 137 52 ctio,
1414 1255 137 52 neque
1505 1255 167 52 passio:
1627 1255 121 52 ergo
1687 1255 61 52 &c

1360 1293 89 49 Ad
1405 1293 164 49 quintum
1524 1293 194 49 dicendum,
1673 1293 134 49 sicut
1762 1293 134 49 etiam
1851 1293 134 49 alias
1941 1293 134 49 dixi,
2030 1293 119 49 quod
2090 1293 89 49 com-

1305 1334 150 48 mutata
1410 1334 195 48 proportio
1559 1334 269 48 vniuersaliter,
1784 1334 75 48 &
1814 1334 150 48 gratia
1919 1334 150 48 formae
2023 1334 105 48 non
2068 1334 105 48 tenet

1315 1373 114 49 nisi
1386 1373 85 49 in
1428 1373 170 49 terminis
1556 1373 256 49 quantitatiuis,
1769 1373 142 49 Posset
1869 1373 128 49 etiam
1954 1373 114 49 tota
2025 1373 114 49 illa
2082 1373 85 49 dedu

1315 1408 122 52 ctio
1391 1408 168 52 concedi
1513 1408 91 52 de
1558 1408 198 52 possibili
1711 1408 183 52 potentia
1848 1408 228 52 subiectiua,
2031 1408 107 52 non
2076 1408 107 52 autem

1323 1449 89 55 de
1368 1449 193 55 possibili
1516 1449 178 55 potentia
1649 1449 208 55 obiectiua,
1812 1449 119 55 quae
1887 1449 104 55 res
1946 1449 163 55 ponitur
2064 1449 89 55 in
2094 1449 89 55 solo

1324 1487 124 48 sse
1395 1487 212 48 cognito,
1554 1487 88 48 &
1590 1487 124 48 non
1660 1487 177 48 reali.

1331 1528 175 55 Secunda
1458 1528 222 55 conclusio,
1633 1528 190 55 scilicet
1775 1528 175 55 quomodo
1902 1528 190 55 creatura
2045 1528 95 55 ab
2077 1528 111 55 aeter

1315 1571 86 41 no
1358 1571 115 41 fuit
1429 1571 215 41 possibilis,
1601 1571 100 41 non
1659 1571 172 41 potentia
1788 1571 215 41 intrinseca,
1960 1571 100 41 sed
2003 1571 186 41 extrinseca,

1310 1619 148 48 patet
1408 1619 115 48 per
1474 1619 115 48 iam
1540 1619 165 48 dicta:
1655 1619 132 48 ideo
1737 1619 181 48 transeo
1869 1619 148 48 causa
1951 1619 214 48 breuitatis.

1400 1680 304 63 AR
1552 1680 558 63 TICVLVS
1907 1680 254 63 II.

1339 1766 148 66 Vtrum
1437 1766 115 66 res
1503 1766 214 66 productae
1668 1766 231 66 prefuerint
1849 1766 99 66 in
1899 1766 181 66 materia
2014 1766 132 66 secun-

1518 1818 193 69 dum
1629 1818 331 69 rationes
1849 1818 303 69 semmales.

1392 1920 183 52 VANTVM
1520 1920 110 52 ad
1575 1920 220 52 secundum
1740 1920 256 52 articulum,
1941 1920 128 52 duo
1996 1920 165 52 videnda

1321 1955 156 51 sunt.
1425 1955 156 51 Primo
1529 1955 139 51 quid
1615 1955 139 51 sint
1702 1955 208 51 rationes
1858 1955 243 51 seminales.
2031 1955 139 51 Secudo

1313 2006 181 40 qualiter
1448 2006 105 40 res
1509 2006 211 40 productae,
1674 2006 105 40 seu
1734 2006 151 40 formae
1840 2006 135 40 rerum
1930 2006 226 40 productarum
2096 2006 75 40 di-

1311 2045 145 52 cuntur
1413 2045 174 52 praeesse
1544 2045 87 52 in
1587 2045 116 52 suis
1660 2045 145 52 causis
1762 2045 218 52 naturalibus
1936 2045 116 52 ante
2008 2045 102 52 sui
2052 2045 116 52 produ-

1309 2075 186 52 ctionem
1444 2075 202 52 secundum
1596 2075 219 52 huiusmodi
1765 2075 202 52 rationes
1900 2075 202 52 seminales.

1360 2119 106 57 Quo
1421 2119 91 57 ad
1466 2119 152 57 primum
1573 2119 137 57 dico,
1664 2119 122 57 quod
1740 2119 183 57 rationes
1877 2119 198 57 seminales
2029 2119 122 57 sunt
2090 2119 76 57 que

1329 2159 103 46 lam
1388 2159 236 46 habilitates,
1580 2159 103 46 seu
1639 2159 221 46 aptitudines
1816 2159 74 46 a
1846 2159 103 46 Deo
1905 2159 162 46 inditae
2023 2159 133 46 rebus
2096 2159 74 46 na-

1324 2197 140 43 turali
1422 2197 112 43 bus,
1492 2197 84 43 ex
1534 2197 140 43 quibus
1633 2197 98 43 res
1689 2197 182 43 naturales
1829 2197 112 43 sunt
1899 2197 126 43 aptae
1984 2197 126 43 natae
2054 2197 126 43 causare

1320 2238 192 47 naturales
1468 2238 177 47 effectus
1600 2238 177 47 secundum
1733 2238 118 47 suas
1807 2238 192 47 potentias
1954 2238 177 47 actiuas,
2087 2238 74 47 &
2101 2238 74 47 pas

1320 2277 149 53 uiuas.
1425 2277 134 53 Tanta
1514 2277 119 53 enim
1589 2277 105 53 est
1649 2277 239 53 imbecillitas
1843 2277 134 53 rerum
1932 2277 209 53 naturalium
2081 2277 90 53 quod

1330 2315 103 55 ine
1389 2315 191 55 huiusmodi
1536 2315 264 55 habilitatibus,
1756 2315 103 55 seu
1815 2315 264 55 aptitudinibus,
2020 2315 147 55 effectus

1320 2352 122 46 suos
1396 2352 198 46 producere
1548 2352 106 46 non
1609 2352 182 46 possunt;
1745 2352 122 46 dato
1821 2352 152 46 etiam,
1928 2352 122 46 quod
2004 2352 152 46 habeat
2095 2352 76 46 vir

1323 2396 134 43 tutes
1412 2396 119 43 suas
1487 2396 163 43 actiuas
1605 2396 74 43 &
1635 2396 193 43 passiuas;
1784 2396 104 43 non
1843 2396 119 43 enim
1917 2396 208 43 germinauit
2066 2396 104 43 terra

1319 2437 166 50 herbam
1435 2437 216 50 virentem,
1601 2437 199 50 antequam
1750 2437 133 50 Deus
1833 2437 166 50 tertia
1949 2437 116 50 die
1999 2437 166 50 huiusmod

1319 2469 226 48 habilitates,
1502 2469 113 48 quae
1573 2469 113 48 sunt
1643 2469 169 48 rationes
1770 2469 197 48 seminales,
1925 2469 113 48 sibi
1996 2469 169 48 indidit,
2109 2469 71 48 cum

1307 2512 164 46 dixit,
1421 2512 197 46 germinet
1569 2512 148 46 terra
1667 2512 164 46 herbam
1782 2512 197 46 virentem
1930 2512 197 46 habentem
2061 2512 115 46 semen

1309 2549 113 43 &c.
1374 2549 97 43 Et
1422 2549 146 43 eodem
1519 2549 130 43 modo
1600 2549 97 43 de
1649 2549 243 43 volatilibus
1843 2549 81 43 &
1876 2549 243 43 aquatilibus
2054 2549 113 43 quin-

1322 2588 87 53 ta
1365 2588 116 53 dic:
1437 2588 72 53 &
1466 2588 188 53 hominibus
1611 2588 72 53 &
1640 2588 159 53 ceteris
1756 2588 203 53 animalibus
1915 2588 130 53 sexta
2001 2588 116 53 dic:
2074 2588 101 53 non
2117 2588 58 53 vi

1319 2626 130 61 detur
1405 2626 144 61 igitur
1506 2626 130 61 aliud
1593 2626 116 61 esse
1665 2626 173 61 rationes
1795 2626 202 61 seminales,
1954 2626 116 61 nisi
2027 2626 116 61 ordo
2084 2626 87 61 qui-

1326 2670 118 44 lam,
1400 2670 104 44 vel
1459 2670 178 44 habitudo
1593 2670 192 44 actiuorum
1741 2670 89 44 ad
1785 2670 178 44 passiua,
1918 2670 74 44 &
1948 2670 207 44 econuerso,
2096 2670 74 44 se-

1312 2707 158 59 cundum
1423 2707 127 59 quod
1502 2707 158 59 diuina
1613 2707 254 59 benedictione
1819 2707 206 59 principia
1978 2707 174 59 passiua
2089 2707 79 59 de-

1311 2744 188 42 bite,
1436 2744 104 42 &
1478 2744 251 42 ordinate
1666 2744 230 42 subdita
1834 2744 167 42 sunt
1938 2744 251 42 actiuis.

1317 2781 130 49 Vnde
1398 2781 196 49 secundum
1545 2781 179 49 Aristo.
1675 2781 98 49 ad
1724 2781 147 49 rerum
1822 2781 261 49 generationem
2034 2781 114 49 non
2083 2781 81 49 sul

1320 2828 144 43 iciunt
1420 2828 101 43 duo
1478 2828 201 43 principia,
1636 2828 173 43 scilicet
1765 2828 158 43 materia
1880 2828 72 43 &
1909 2828 144 43 forma:
2010 2828 101 43 sed
2053 2828 115 43 neces-

1324 2859 121 57 grio
1399 2859 211 57 requiritur
1565 2859 121 57 ipsa
1640 2859 196 57 priuatio.
1791 2859 166 57 Propter
1912 2859 121 57 quod
1972 2859 196 57 Arisrepren-

1321 2899 102 47 lit
1380 2899 189 47 Platonem.
1525 2899 87 47 1.
1568 2899 160 47 physic,
1685 2899 102 47 eo,
1743 2899 116 47 quod
1815 2899 218 47 despexisset
1975 2899 189 47 priuationem

1310 2939 102 52 sic
1368 2939 102 52 et,
1426 2939 160 52 secudum
1542 2939 116 52 Aug.
1614 2939 116 52 tria
1687 2939 102 52 sun
1745 2939 73 52 t
1774 2939 116 52 oium
1846 2939 131 52 rerum
1933 2939 203 52 naturalium
2078 2939 87 52 prin

1308 2977 149 49 cipia,
1412 2977 179 49 scilicet
1546 2977 179 49 materia,
1680 2977 134 49 forma
1769 2977 74 49 &
1799 2977 179 49 rationes
1933 2977 208 49 seminales.
2082 2977 89 49 Vnde

1307 3019 159 43 melius
1418 3019 191 43 exprimit
1561 3019 143 43 illud
1657 3019 175 43 tertium
1784 3019 143 43 rerum
1879 3019 222 43 principium
2054 3019 111 43 per
2101 3019 64 43 Au

1322 3050 190 57 ustinum,
1465 3050 127 57 quam
1544 3050 111 57 per
1607 3050 254 57 Aristotelem.
1813 3050 127 57 Quia
1893 3050 190 57 priuatio
2019 3050 143 57 secudum

1322 3094 226 66 Aristotelem,
1505 3094 99 66 est
1562 3094 169 66 carentia
1689 3094 141 66 formae
1787 3094 99 66 cum
1844 3094 197 66 aptitudine
1999 3094 85 66 ad
2041 3094 113 66 eam,
2097 3094 71 66 ita
