2416 3527
241 236 213 75 mensionibus
411 236 99 75 est
468 236 199 75 rarefieri;
624 236 128 75 dico,
709 236 113 75 quod
780 236 128 75 licet
865 236 128 75 istud
950 236 99 75 sit
993 236 99 75 verum

246 288 186 67 loquendo
385 288 93 67 de
432 288 171 67 actione
556 288 171 67 agentis
680 288 217 67 naturalis,
850 288 124 67 quod
928 288 93 67 in
974 288 155 67 eandem

246 332 185 52 materiam
384 332 108 52 non
446 332 154 52 potest
553 332 185 52 inducere
692 332 169 52 maiorem
815 332 246 52 extensionem,
1000 332 92 52 nisi

243 380 209 43 inducendo
404 380 177 43 maiorem
532 380 289 43 raresactionem,
773 380 145 43 tamen
870 380 113 43 non
934 380 113 43 est
982 380 113 43 verum

237 409 190 60 loquendo
380 409 95 60 de
427 409 174 60 actione
554 409 174 60 diuina,
680 409 111 60 qua
744 409 127 60 Deus
823 409 158 60 potest
934 409 95 60 in
965 409 127 60 eandem

226 451 207 49 materiam
381 451 207 49 inducere
536 451 189 49 maiorem
674 451 276 49 quantitatem,
898 451 121 49 vel
949 451 138 49 exten-

226 491 182 53 sionem,
359 491 116 53 non
425 491 216 53 inducendo
591 491 182 53 maiorem
724 491 299 53 rarefactionem.
973 491 116 53 Nec
1023 491 66 53 ex

229 527 101 57 hoc
286 527 159 57 ponitur
402 527 202 57 diffinitio
561 527 116 57 sine
633 527 202 57 diffinito,
792 527 116 57 quia
864 527 101 57 cum
907 527 188 57 philosophus

239 564 156 61 dicit
343 564 174 61 eandem
464 564 208 61 materiam
620 564 174 61 habere
742 564 191 61 maiorem
863 564 226 61 extensionem

230 604 93 49 est
283 604 186 49 rarefieri,
429 604 106 49 ipse
495 604 93 49 ibi
548 604 172 49 describit
680 604 172 49 rarefieri
813 604 80 49 in
853 604 133 49 ordine
945 604 80 49 ad
985 604 133 49 actio¬

221 653 90 48 ne
266 653 165 48 agentis
386 653 210 48 naturalis,
550 653 75 48 &
580 653 120 48 ideo
655 653 105 48 non
715 653 105 48 est
775 653 90 48 ad
820 653 224 48 propositum.
984 653 105 48 Etiam

237 680 124 60 iste
314 680 154 60 doctor
422 680 170 60 assumit
545 680 124 60 vnum
623 680 154 60 dubium
731 680 93 60 in
777 680 124 60 hoc,
854 680 124 60 quod
932 680 139 60 dicit
1009 680 77 60 ma-

240 730 153 40 teriam
347 730 307 40 intransmutabilem
608 730 123 40 esse
684 730 184 40 secundum
822 730 107 40 se,
883 730 123 40 quia
960 730 92 40 vt
1006 730 123 40 sic.

233 756 142 68 habet
328 756 190 68 rationem
471 756 206 68 subiecti:
629 756 142 68 totum
724 756 127 68 enim
803 756 111 68 per
866 756 206 68 oppositum
1009 756 79 68 de-

232 798 130 51 beret
318 798 130 51 dici,
404 798 115 51 quia
476 798 158 51 materia
592 798 86 51 vt
635 798 130 51 habet
721 798 173 51 rationem
851 798 173 51 subiecti
980 798 101 51 sic
1023 798 58 51 es

232 845 165 43 proprie
352 845 284 43 transmutabilis,
591 845 90 43 vt
636 845 105 43 sic
696 845 135 43 enim,
786 845 135 43 eadem
876 845 150 43 manens
965 845 120 43 trans-

242 884 153 52 mutatur
353 884 83 52 de
395 884 97 52 vno
450 884 222 52 contrariorum
631 884 83 52 in
673 884 167 52 alterum,
797 884 83 52 vt
839 884 139 52 patet.
936 884 83 52 1.
964 884 125 52 physi.-

265 924 101 47 Ad
316 924 201 47 secundum
466 924 134 47 nego
550 924 201 47 minorem,
701 924 134 47 quia
785 924 201 47 materiae
919 924 168 47 secundum

226 959 85 45 se
268 959 99 45 nec
325 959 183 45 conuenit,
465 959 113 45 quod
536 959 99 45 sit
592 959 183 45 aequalis,
733 959 99 45 vel
789 959 211 45 inaequalis,
958 959 99 45 hoc
1001 959 85 45 enim

235 1006 182 43 proprium
372 1006 106 43 est
432 1006 243 43 quantitatis:
630 1006 76 43 &
660 1006 122 43 ideo
736 1006 106 43 non
797 1006 182 43 conuenit
919 1006 167 43 materiae,

223 1044 122 42 nisi
299 1044 183 42 secundum
437 1044 122 42 quod
513 1044 107 42 est
574 1044 168 42 quanta.
697 1044 92 42 Et
742 1044 122 42 quia
819 1044 107 42 per
880 1044 199 42 potentiam
1018 1044 76 42 Dei

239 1085 86 43 in
282 1085 130 43 eadem
368 1085 159 43 materia
484 1085 144 43 potest
585 1085 115 43 esse
657 1085 202 43 suceessiue
815 1085 130 43 alia,
902 1085 72 43 &
930 1085 115 43 alia
988 1085 101 43 quan-

229 1115 139 47 titas,
326 1115 70 47 &
354 1115 111 47 alia
424 1115 70 47 &
451 1115 111 47 alia
521 1115 167 47 extesio,
646 1115 111 47 ideo
716 1115 153 47 materia
827 1115 139 47 partis
924 1115 139 47 potest
1008 1115 70 47 ess

238 1155 172 42 aequalis
366 1155 172 42 materiae
495 1155 157 42 totius,
610 1155 86 42 si
653 1155 86 42 in
696 1155 186 42 huiusmodi
839 1155 186 42 materiam,
982 1155 86 42 in
1010 1155 72 42 qua

235 1193 116 53 nunc
307 1193 102 53 est
365 1193 189 53 quantitas
510 1193 160 53 partis,
626 1193 145 53 postea
728 1193 160 53 virtute
844 1193 145 53 diuina
931 1193 160 53 inducitur

241 1231 196 50 quantitas
376 1231 136 50 totius.

280 1271 126 47 Alias
364 1271 98 47 sic
406 1271 169 47 inuenitur.

275 1293 97 67 Ad
323 1293 195 67 secundum
469 1293 130 67 nego
551 1293 195 67 minorem,
697 1293 130 67 quia
778 1293 146 67 sicut
875 1293 195 67 probatum
1005 1293 81 67 est

230 1352 164 43 supra,
344 1352 131 43 Deus
427 1352 164 43 potest
541 1352 197 43 materiam
689 1352 230 43 informatam
870 1352 164 43 minori
968 1352 115 43 quant

238 1393 118 42 tate
312 1393 176 42 subicere
444 1393 147 42 maiori
547 1393 206 42 quantitati
709 1393 147 42 absque
812 1393 250 42 rarefactione:
1003 1393 88 42 ideo

229 1428 99 49 per
285 1428 99 49 Dei
342 1428 184 49 potentiam
484 1428 128 49 fieri
569 1428 156 49 potuit,
682 1428 85 49 vt
725 1428 113 49 pars
796 1428 170 49 corporis
923 1428 113 49 Adae
980 1428 113 49 aequa-

223 1468 139 45 retur
315 1468 185 45 secundum
454 1468 185 45 materiam
592 1468 123 45 toti
669 1468 169 45 corpori
792 1468 139 45 ipsis
869 1468 108 45 fuae-

272 1509 95 46 Ad
320 1509 174 46 tertium
446 1509 127 46 nego
525 1509 285 46 consequentiam:
763 1509 142 46 facit
858 1509 127 46 enim
937 1509 127 46 Deus
1000 1509 95 46 tam-

237 1544 113 46 tum
302 1544 178 46 corpus,
431 1544 178 46 quantum
561 1544 178 46 inducit
690 1544 243 46 quantitatem
885 1544 97 46 in
917 1544 162 46 materiam

235 1589 171 40 diuinae
360 1589 186 40 factioni
484 1589 186 40 subiectam.

277 1619 106 55 Ad
330 1619 194 55 quartum
471 1619 194 55 concedo
613 1619 318 55 consequentiam,
877 1619 212 55 loquendo
1018 1619 71 55 de

237 1663 178 48 potentia
371 1663 119 48 Dei:
445 1663 119 48 quia
519 1663 89 48 ea
563 1663 193 48 potentia,
711 1663 104 48 qua
771 1663 148 48 potest
875 1663 148 48 mundum
963 1663 119 48 facert

225 1709 92 49 de
271 1709 168 49 nihilo,
393 1709 122 49 etia
470 1709 153 49 potest
577 1709 153 49 mundum
684 1709 153 49 facere
791 1709 92 49 de
837 1709 107 49 vno
898 1709 138 49 milii
975 1709 107 49 grano

269 1744 107 52 Est
330 1744 138 52 etiam
422 1744 168 52 quaedam
544 1744 168 52 opinio,
666 1744 122 52 quae
742 1744 168 52 alterum
865 1744 138 52 tenet
941 1744 153 52 extremum

241 1783 156 44 dicens,
355 1783 114 44 quod
426 1783 156 44 virtute
539 1783 156 44 agentis
653 1783 185 44 naturalis
795 1783 142 44 potest
895 1783 128 44 fieri
980 1783 85 44 in
1009 1783 85 44 eade

243 1827 168 39 materia
365 1827 138 39 maior
457 1827 214 39 quantitas,
626 1827 138 39 etiam
717 1827 168 39 manente
840 1827 168 39 aequali
947 1827 138 39 rarefa-

240 1859 182 45 ctione.
373 1859 132 45 Quod
455 1859 182 45 probant
588 1859 132 45 sic.
671 1859 149 45 Ponut
770 1859 149 45 enim,
869 1859 132 45 quod
935 1859 149 45 minimun

243 1895 133 55 ignis
332 1895 222 55 corrumpatur
510 1895 89 55 in
554 1895 148 55 aerem,
658 1895 133 55 tunc,
747 1895 89 55 vt
792 1895 163 55 dicunt,
895 1895 193 55 corrumpitur

234 1942 95 42 in
282 1942 174 42 minimum
408 1942 158 42 aeris.
519 1942 127 42 Tunc
598 1942 174 42 secundo
725 1942 174 42 ponunt,
852 1942 127 42 quod
931 1942 142 42 illud
1010 1942 79 42 mi-

237 1977 133 49 nimum
326 1977 133 49 aeris
415 1977 222 49 corrumpatur
592 1977 89 49 in
636 1977 148 49 ignem:
740 1977 133 49 tunc,
829 1977 89 49 vt
873 1977 163 49 dicurt,
991 1977 89 49 ex
1021 1977 59 49 ex

233 2018 221 51 generantur
407 2018 142 51 decem
502 2018 158 51 minima
612 2018 158 51 ignis,
723 2018 126 51 quia
802 2018 142 51 sicut
896 2018 95 51 ex
944 2018 111 51 vno
991 2018 95 51 pugi

244 2054 88 48 lo
288 2054 132 48 acris
377 2054 132 48 fiunt
465 2054 132 48 decem
553 2054 147 48 ignis:
656 2054 103 48 sic
715 2054 88 48 ex
759 2054 103 48 vno
817 2054 147 48 minimo
920 2054 132 48 aeris
994 2054 88 48 fiun

239 2101 146 42 decem
336 2101 162 42 minima
449 2101 162 42 ignis;
562 2101 81 42 &
595 2101 113 42 sic
659 2101 97 42 de
708 2101 146 42 primo
805 2101 97 42 ad
854 2101 178 42 vltimum
983 2101 97 42 ex
1015 2101 65 42 vn

227 2139 151 44 minimo
333 2139 136 44 ignis
423 2139 136 44 facta
514 2139 121 44 sunt
589 2139 151 44 decem,
695 2139 151 44 quorum
801 2139 196 44 quodlibet
952 2139 106 44 est
997 2139 91 44 tan-

243 2172 130 52 tum,
324 2172 178 52 quantum
453 2172 130 52 erat
534 2172 162 52 primum
648 2172 178 52 minimum
777 2172 162 52 ignis,
891 2172 130 52 quia
971 2172 113 52 non
1020 2172 81 52 est

243 2211 130 43 dare
324 2211 146 43 minus
422 2211 179 43 minimo:
552 2211 98 43 Et
601 2211 114 43 per
666 2211 130 43 idem
747 2211 195 43 probant,
894 2211 130 43 quod
959 2211 130 43 primun

241 2253 181 45 minimum
372 2253 148 45 ignis
471 2253 115 45 non
536 2253 164 45 potuit
651 2253 197 45 corrumpi
799 2253 99 45 in
849 2253 164 45 minus,
964 2253 131 45 quam
1029 2253 66 45 in

243 2294 165 48 minimum
363 2294 150 48 aeris:
468 2294 120 48 quia
543 2294 90 48 si
588 2294 135 48 datur
678 2294 210 48 oppositum,
842 2294 120 48 tunc
917 2294 105 48 est
977 2294 120 48 dare
1037 2294 60 48 mi

241 2331 118 48 nus
309 2331 186 48 minimo.

277 2360 109 57 Sed
340 2360 109 57 nec
402 2360 140 57 istud
495 2360 155 57 valet,
603 2360 124 57 quia
681 2360 124 57 Aug.
759 2360 93 57 10
805 2360 140 57 super
898 2360 124 57 Sen.
960 2360 140 57 loquens

250 2410 86 41 de
293 2410 173 41 potentia
422 2410 187 41 naturalis
566 2410 158 41 agentis
682 2410 144 41 contra
783 2410 230 41 Tertullianum
970 2410 101 41 sic
1013 2410 72 41 ait

251 2448 132 49 Quid
334 2448 149 49 autem
433 2448 231 49 absurdius,
615 2448 132 49 quam
698 2448 165 49 putare
813 2448 165 49 massam
912 2448 182 49 cuiuspiam

239 2491 151 49 metalli
349 2491 82 49 ex
390 2491 137 49 aliqua
486 2491 96 49 sui
540 2491 123 49 parte
623 2491 164 49 crescere
746 2491 137 49 posse,
842 2491 110 49 nisi
910 2491 178 49 decrescat
1033 2491 55 49 in

244 2529 159 49 altera:
359 2529 101 49 vel
417 2529 144 49 augeri
518 2529 216 49 latitudine,
691 2529 115 49 nisi
763 2529 231 49 grossitudine
936 2529 159 49 minuatur;

235 2564 100 52 aut
292 2564 129 52 vllum
378 2564 115 52 esse
450 2564 143 52 corpus
550 2564 158 52 manente
664 2564 158 52 naturae
779 2564 115 52 suae
851 2564 215 52 quantitate,
1008 2564 86 52 quod

253 2603 152 55 vndique
364 2603 166 55 crescat,
489 2603 111 55 nisi
558 2603 194 55 recrescat,
697 2603 55 55 &c

284 2641 98 53 Ad
333 2641 196 53 rationem
480 2641 147 53 eorum
578 2641 213 53 dicendum,
742 2641 131 53 quod
823 2641 262 53 intelligendo
1020 2641 65 53 pe

242 2681 162 51 minimum
360 2681 147 51 ignis,
463 2681 103 51 vel
522 2681 103 51 per
581 2681 162 51 minimum
698 2681 132 51 aeris
787 2681 147 51 illud,
890 2681 118 51 quod
963 2681 103 51 est
1007 2681 74 51 tan

241 2722 104 45 tae
300 2722 237 45 quantitatis,
493 2722 118 45 quod
567 2722 192 45 separatum
714 2722 74 45 a
744 2722 104 45 suo
803 2722 118 45 toto
877 2722 163 45 retinet
981 2722 104 45 nomen

244 2761 75 52 &
274 2761 165 52 speciem
394 2761 105 52 sui
454 2761 165 52 totius:
574 2761 105 52 est
634 2761 135 52 tamen
725 2761 105 52 ita
785 2761 180 52 modicum,
920 2761 120 52 quod
995 2761 90 52 si
1025 2761 60 52 mi

234 2798 106 47 nus
295 2798 167 47 fieret,
416 2798 198 47 immediate
568 2798 243 47 corrumpetur:
766 2798 122 47 tunc
842 2798 152 47 falsum
933 2798 152 47 assumitu

238 2839 113 50 cum
303 2839 195 50 dicitur,
449 2839 130 50 quod
530 2839 97 50 ex
578 2839 162 50 minimo
692 2839 146 50 ignis
789 2839 195 50 corrupto
919 2839 178 50 generatur

252 2877 170 45 minimum
375 2877 155 45 aeris,
483 2877 124 45 quia
561 2877 124 45 ille
638 2877 124 45 acr,
715 2877 108 45 qui
777 2877 201 45 generatur
931 2877 93 45 ex
962 2877 124 45 minimo

240 2920 137 46 ignis,
336 2920 96 46 non
391 2920 96 46 est
446 2920 137 46 tantae
542 2920 219 46 quantitatis,
720 2920 110 46 quod
788 2920 137 46 possit
884 2920 96 46 per
939 2920 82 46 se
980 2920 82 46 in
1008 2920 82 46 spe

1126 237 100 83 cie
1183 237 129 83 acris
1269 237 215 83 subsistere,
1440 237 186 83 quantitas
1583 237 114 83 enim
1655 237 114 83 eius
1727 237 100 83 est
1784 237 200 83 subdecupla
1927 237 57 83 ad

1120 310 241 54 quantitatem
1313 310 161 54 minimi
1425 310 145 54 ignis
1522 310 273 54 praecorrupti:
1747 310 129 54 vnde
1827 310 145 54 solum
1908 310 80 54 ha-

1130 341 100 56 bet
1187 341 114 56 esse
1258 341 128 56 prout
1343 341 142 56 alteri
1443 341 114 56 aeri
1500 341 185 56 confungitur

1166 382 95 47 Et
1214 382 111 47 cum
1277 382 190 47 dicitur,
1420 382 127 47 quod
1499 382 111 47 non
1563 382 111 47 est
1626 382 127 47 dare
1706 382 143 47 minus
1785 382 127 47 minimo

1152 414 138 64 Dico,
1244 414 123 64 quod
1321 414 138 64 licet
1413 414 108 64 non
1475 414 154 64 possit
1582 414 138 64 minus
1674 414 154 64 minimo
1782 414 138 64 dari,
1859 414 123 64 quorum

1122 456 185 60 vtrumque
1261 456 108 60 per
1322 456 93 60 se
1369 456 154 60 possit
1477 456 232 60 subsistere,
1662 456 139 60 tamen
1755 456 154 60 minimo
1847 456 124 60 pocent

1128 503 101 40 per
1185 503 86 40 se
1228 503 201 40 subsistere
1386 503 144 40 potest
1487 503 115 40 dari
1559 503 129 40 minus
1645 503 101 40 non
1703 503 144 40 potens
1803 503 101 40 per
1861 503 86 40 se
1890 503 86 40 sub-

1116 540 186 46 sistere,
1255 540 139 46 sicut
1348 540 124 46 enim
1425 540 93 46 in
1472 540 186 46 augmento
1611 540 170 46 proprie
1735 540 139 46 dicto
1828 540 139 46 etiam
1905 540 62 46 mi

1121 578 124 55 nima
1199 578 124 55 pars
1277 578 140 55 aucti
1370 578 109 55 est
1432 578 155 55 aucta,
1541 578 93 55 vt
1588 578 171 55 dicitur
1712 578 140 55 primo
1805 578 93 55 de
1836 578 140 55 genera-

1113 613 168 45 tione,
1231 613 134 45 quod
1314 613 168 45 vtique
1432 613 151 45 verum
1532 613 117 45 est
1599 613 201 45 loquendo
1750 613 101 45 de
1784 613 184 45 partibus,

1128 653 120 55 quae
1203 653 180 55 dicuntur
1338 653 150 55 partes
1444 653 195 55 formales,
1594 653 90 55 in
1639 653 165 55 quibus,
1759 653 180 55 scilicet
1880 653 90 55 ser-

1126 696 164 44 paratis
1246 696 75 44 a
1276 696 120 44 suis
1350 696 149 44 totis,
1455 696 149 44 potest
1559 696 149 44 manere
1664 696 135 44 forma
1754 696 164 44 totius.
1873 696 90 44 Et
1903 696 60 44 ta

1125 736 110 42 men
1188 736 141 42 illud
1282 736 188 42 additum,
1423 736 110 42 quo
1486 736 157 42 minima
1596 736 125 42 pars
1674 736 141 42 aucti
1768 736 188 42 augetur,
1894 736 78 42 est

1127 771 126 46 minus
1211 771 112 46 illa
1281 771 140 46 minima
1379 771 140 46 parte,
1477 771 112 46 quia
1547 771 98 46 est
1604 771 112 46 pars
1674 771 210 46 materialis,
1842 771 112 46 quae
1898 771 70 46 non

1123 813 144 44 posset
1223 813 86 44 in
1266 813 86 44 se
1310 813 158 44 seruare
1425 813 158 44 formam,
1540 813 72 44 &
1569 813 158 44 speciem
1684 813 201 44 pristinam,
1842 813 86 44 si
1871 813 86 44 sepa

1120 856 166 42 raretur
1241 856 75 42 a
1271 856 136 42 toto.
1361 856 121 42 Quod
1436 856 136 42 autem
1527 856 106 42 sit
1587 856 136 42 minus
1678 856 121 42 illa
1753 856 151 42 minima
1843 856 121 42 parte,

1129 891 137 54 atet,
1220 891 122 54 quia
1296 891 137 54 alias
1387 891 137 54 totum
1478 891 152 54 auctum
1585 891 152 54 auctum
1691 891 137 54 esset
1783 891 91 54 in
1828 891 137 54 duplo
1904 891 61 54 ma

1125 930 128 44 gis,
1205 930 128 44 quam
1284 930 159 44 fuerat
1396 930 191 44 antequam
1540 930 223 44 augeretur,
1715 930 143 44 cuius
1795 930 175 44 oppositum

1117 967 163 41 videmus
1236 967 89 41 ad
1281 967 163 41 sensum.
1399 967 104 41 Sic
1459 967 134 41 etiam
1548 967 89 41 in
1593 967 193 41 proposito
1741 967 193 41 poterimus
1875 967 89 41 dare

1111 1009 132 50 minus
1200 1009 162 50 minimo.
1317 1009 118 50 Dato
1391 1009 162 50 igitur,
1509 1009 118 50 quod
1582 1009 118 50 ille
1656 1009 118 50 aer,
1729 1009 103 50 qui
1788 1009 162 50 genitus
1891 1009 74 50 est

1121 1042 96 47 ex
1169 1042 159 47 minimo
1280 1042 159 47 ignis,
1392 1042 255 47 corrumpatur,
1599 1042 80 47 &
1631 1042 159 47 iterum
1743 1042 207 47 generetur
1886 1042 80 47 ibi

1115 1082 155 56 ignis,
1224 1082 124 56 tunc
1302 1082 109 56 non
1364 1082 249 56 generabuntur
1566 1082 140 56 decem
1660 1082 155 56 minima
1768 1082 155 56 ignis,
1862 1082 93 56 sicu

1113 1119 120 57 isti
1188 1119 179 57 volebant
1322 1119 224 57 concludere,
1502 1119 105 57 sed
1561 1119 149 57 tantum
1666 1119 120 57 vnum
1741 1119 164 57 minimum
1845 1119 120 57 ignis.

1150 1165 165 39 Secunda
1270 1165 195 39 conclusio
1420 1165 120 39 est,
1495 1165 120 39 quod
1571 1165 105 39 non
1631 1165 135 39 solum
1721 1165 120 39 Deus
1796 1165 150 39 facere
1886 1165 75 39 po-

1110 1202 135 54 tuit,
1200 1202 135 54 verum
1290 1202 135 54 etiam
1379 1202 90 54 de
1424 1202 135 54 facto
1514 1202 180 54 formauit
1649 1202 150 54 corpus
1754 1202 120 54 fuae
1828 1202 90 54 de
1858 1202 105 54 costa

1122 1240 120 54 Adae
1197 1240 120 54 sine
1272 1240 195 54 additione
1423 1240 180 54 alicuius
1558 1240 195 54 materiae.
1708 1240 120 54 Quia
1784 1240 135 54 detur
1859 1240 105 54 oppo-

1119 1277 149 47 situm,
1224 1277 120 47 tunc
1298 1277 149 47 corpus
1403 1277 120 47 fuae
1478 1277 135 47 magis
1567 1277 164 47 proprie
1687 1277 75 47 &
1717 1277 120 47 vere
1792 1277 164 47 dicetur
1896 1277 75 47 for

1116 1314 133 46 matum
1205 1314 89 46 de
1250 1314 119 46 illa
1324 1314 119 46 alia
1398 1314 178 46 materia,
1531 1314 119 46 quam
1605 1314 89 46 de
1650 1314 119 46 ipsa
1724 1314 148 46 costa.
1813 1314 148 46 Falsitas

1116 1352 227 47 consequentis
1300 1352 142 47 patet,
1400 1352 114 47 quia
1471 1352 128 47 sacta
1556 1352 185 47 scriptura
1698 1352 128 47 dicit
1784 1352 128 47 illud
1855 1352 99 47 corpu

1120 1395 182 43 formatum
1256 1395 91 43 de
1301 1395 151 43 costa,
1407 1395 76 43 &
1438 1395 106 43 non
1498 1395 136 43 facit
1589 1395 197 43 mentionem
1740 1395 91 43 de
1785 1395 151 43 aliqua
1876 1395 91 43 alia

1112 1434 182 48 materia,
1248 1434 137 48 patet
1340 1434 137 48 etiam
1431 1434 258 48 consequentia,
1643 1434 121 48 quia
1719 1434 106 48 res
1780 1434 91 48 ex
1810 1434 152 48 diuersis

1119 1478 198 43 composita
1271 1478 137 43 nomen
1363 1478 137 43 capit
1454 1478 91 43 ab
1500 1478 107 43 eo,
1561 1478 122 43 quod
1637 1478 137 43 magis
1728 1478 168 43 abundat
1850 1478 91 43 in
1881 1478 76 43 hu-

1113 1513 170 48 iusmodi
1236 1513 247 48 compositone,
1437 1513 93 48 vt
1484 1513 139 48 patet
1576 1513 139 48 primo
1669 1513 232 48 physicorum:
1855 1513 108 48 sed
1901 1513 62 48 si

1116 1551 174 48 excessus
1247 1551 232 48 magnitudinis
1436 1551 174 48 corporis
1566 1551 116 48 fuae
1639 1551 174 48 respectu
1769 1551 145 48 illius
1856 1551 102 48 costa

1112 1594 158 40 fuisset
1227 1594 158 40 ratione
1342 1594 158 40 additae
1457 1594 187 40 materiae:
1601 1594 115 40 tunc
1673 1594 158 40 materia
1788 1594 144 40 addita
1875 1594 86 40 mul-

1124 1629 85 42 to
1166 1629 128 42 maior
1252 1629 157 42 fuisset
1366 1629 114 42 ipsa
1437 1629 142 42 costa,
1537 1629 114 42 quia
1608 1629 142 42 tantum
1708 1629 114 42 illa
1779 1629 157 42 materia
1879 1629 85 42 exce

1117 1663 136 49 deret
1208 1663 166 49 costam,
1329 1663 166 49 quantum
1450 1663 151 49 corpus
1556 1663 121 49 fuae
1631 1663 91 49 in
1677 1663 227 49 magnitudine
1843 1663 121 49 exces-

1111 1704 108 51 sit
1172 1704 139 51 ipsam
1265 1704 170 51 costam:
1389 1704 108 51 nam
1451 1704 155 51 tantum
1559 1704 155 51 corpus
1667 1704 124 51 Euae
1745 1704 201 51 excederet
1884 1704 77 51 co-

1114 1741 135 46 stam,
1204 1741 165 46 quantum
1324 1741 90 46 de
1368 1741 120 46 illa
1443 1741 165 46 materia
1563 1741 165 46 adderet
1683 1741 135 46 super
1772 1741 120 46 eam.
1847 1741 90 46 Et
1877 1741 90 46 ista

1122 1784 199 45 conclusio
1275 1784 107 45 est
1336 1784 184 45 expresse
1474 1784 92 45 de
1520 1784 214 45 intentione
1688 1784 168 45 Hugonis
1811 1784 92 45 de
1841 1784 123 45 sacra-

1127 1820 141 52 mentis
1225 1820 126 52 libro
1310 1820 126 52 sexto
1394 1820 169 52 capitulo
1520 1820 197 52 penultimo,
1675 1820 98 52 vbi
1731 1820 98 52 sic
1787 1820 112 52 ait,
1858 1820 141 52 Porro,

1123 1862 114 53 quod
1194 1862 86 53 de
1237 1862 129 53 costa
1323 1862 114 53 viri
1395 1862 143 53 corpus
1495 1862 172 53 mulieris
1624 1862 143 53 factum
1724 1862 172 53 dicitur,
1853 1862 100 53 ita
1895 1862 72 53 in-

1120 1899 203 47 telligendum
1283 1899 108 47 est,
1350 1899 81 47 vt
1391 1899 81 47 de
1431 1899 108 47 sola
1499 1899 135 47 ipsius
1593 1899 135 47 costae
1688 1899 189 47 substantia
1836 1899 108 47 fine
1890 1899 68 47 o.-

1120 1938 112 46 mni
1184 1938 223 46 extrinseco
1359 1938 160 46 addito
1471 1938 112 46 per
1535 1938 176 46 diuinam
1663 1938 208 46 potentiam
1822 1938 96 46 in
1854 1938 112 46 semet

1115 1979 123 61 ipsa
1191 1979 245 61 multiplicata
1391 1979 123 61 idem
1467 1979 153 61 corpus
1575 1979 153 61 factum
1667 1979 153 61 credatur

1160 2010 106 51 lsta
1226 2010 119 51 etiam
1305 2010 93 51 est
1358 2010 159 51 intentio
1477 2010 172 51 magistri,
1610 2010 119 51 sicut
1689 2010 119 51 patet
1769 2010 93 51 hic
1821 2010 79 51 in
1848 2010 119 51 littera

1162 2056 124 52 Forte
1245 2056 166 52 dicetur,
1369 2056 110 52 quod
1438 2056 179 52 praedicta
1576 2056 124 52 costa
1659 2056 97 52 vel
1714 2056 110 52 fuit
1784 2056 179 52 superflua
1908 2056 55 52 in

1123 2094 135 51 Adam,
1213 2094 105 51 vel
1273 2094 224 51 necessaria:
1452 2094 105 51 non
1512 2094 149 51 potest
1616 2094 120 51 dari
1691 2094 164 51 primum,
1811 2094 120 51 quia
1870 2094 90 51 Deus

1118 2133 71 44 &
1146 2133 143 44 natura
1246 2133 129 44 nihil
1332 2133 157 44 faciunt
1446 2133 172 44 frustra,
1575 2133 86 44 vt
1618 2133 157 44 dicitur
1732 2133 129 44 primo
1818 2133 86 44 de
1847 2133 114 44 caelo,

1122 2176 75 44 &
1152 2176 149 44 mundo.
1256 2176 90 44 si
1301 2176 119 44 fuit
1376 2176 224 44 necessaria,
1555 2176 119 44 tunc
1630 2176 104 44 non
1689 2176 149 44 debuit
1794 2176 164 44 auferri
1898 2176 60 44 al

1127 2214 100 45 eo,
1184 2214 115 45 quia
1256 2214 100 45 per
1313 2214 201 45 ablationem
1471 2214 129 45 eius,
1557 2214 115 45 quod
1628 2214 100 45 est
1686 2214 215 45 necessarium
1843 2214 115 45 alicui

1120 2251 212 52 diminuitur
1286 2251 121 52 eius
1362 2251 212 52 perfectio:
1528 2251 121 52 Adam
1603 2251 121 52 vero
1679 2251 151 52 debuit
1785 2251 121 52 esse
1845 2251 121 52 perfe-

1124 2286 125 62 ctus
1203 2286 141 62 homo:
1297 2286 125 62 ergo
1359 2286 63 62 &c

1159 2328 205 56 Dicendum,
1317 2328 126 56 quod
1396 2328 142 56 sicut
1490 2328 142 56 semen
1585 2328 110 56 est
1648 2328 221 56 superfluum
1805 2328 158 56 respectu

1127 2368 196 47 indiuidui,
1281 2368 98 47 est
1337 2368 126 47 tamen
1421 2368 210 47 necessarium
1589 2368 168 47 respectu
1715 2368 168 47 speciei:
1841 2368 98 47 sic
1883 2368 84 47 ista

1125 2415 138 45 costa
1217 2415 123 45 fuit
1293 2415 168 45 quantum
1416 2415 92 45 ad
1462 2415 214 45 indiuiduum
1630 2415 214 45 suppositum
1799 2415 107 45 Ade
1844 2415 123 45 super-

1116 2447 136 47 fiua,
1207 2447 106 47 sed
1267 2447 106 47 pro
1328 2447 182 47 mulieris
1464 2447 227 47 formatione,
1645 2447 76 47 &
1676 2447 106 47 per
1736 2447 212 47 consequens
1887 2447 76 47 pro

1120 2486 157 48 speciei
1234 2486 243 48 conseruatione
1435 2486 100 48 non
1492 2486 114 48 fuit
1563 2486 200 48 superflua,
1721 2486 100 48 sed
1778 2486 114 48 fuit
1835 2486 129 48 quodam-

1118 2519 121 53 modo
1194 2519 227 53 necessaria.
1376 2519 91 53 Et
1421 2519 121 53 quia
1497 2519 121 53 Deus
1573 2519 106 53 est
1633 2519 212 53 vniuersale
1800 2519 152 53 agens,
1891 2519 76 53 non

1116 2564 135 50 solum
1206 2564 211 50 respiciens
1372 2564 195 50 indiuidui
1522 2564 256 50 productionem,
1732 2564 105 50 sed
1793 2564 135 50 etiam
1868 2564 90 50 spe-

1121 2605 125 43 ciei
1199 2605 296 43 conseruationem,
1449 2605 125 43 ideo
1527 2605 156 43 decuit
1636 2605 140 43 ipsum
1729 2605 125 43 viro
1792 2605 171 43 producere

1122 2636 146 46 illud,
1225 2636 88 46 de
1269 2636 102 46 quo
1327 2636 175 46 mulierem
1459 2636 161 46 formare
1575 2636 161 46 voluit,
1692 2636 88 46 vt
1736 2636 132 46 etiam
1824 2636 102 46 vir
1882 2636 73 46 &
1897 2636 73 46 mu-

1116 2682 118 47 lier
1190 2682 192 47 amicitiae
1337 2682 147 47 signum
1440 2682 221 47 acciperent,
1617 2682 88 47 ex
1662 2682 133 47 eorum
1750 2682 192 47 corporali
1883 2682 88 47 for-

1123 2722 179 49 matione,
1258 2722 105 49 qua
1317 2722 149 49 mulier
1422 2722 194 49 descendit
1571 2722 75 49 a
1586 2722 90 49 viro

1148 2745 95 65 Ad
1196 2745 223 65 argumentum
1371 2745 223 65 principale
1546 2745 191 65 dicendum
1689 2745 95 65 ad
1736 2745 191 65 maiorem,
1864 2745 95 65 quod

1128 2795 97 48 per
1184 2795 125 48 agens
1267 2795 167 48 naturale
1392 2795 97 48 non
1448 2795 139 48 potest
1545 2795 125 48 fieri
1628 2795 153 48 aliquid
1740 2795 83 48 ex
1781 2795 153 48 aliquo,
1879 2795 83 48 nisi

1133 2844 120 43 quod
1208 2844 105 43 est
1268 2844 90 43 in
1313 2844 90 43 eo
1358 2844 180 43 secundum
1493 2844 195 43 potentiam
1643 2844 210 43 naturalem,
1808 2844 105 43 sed
1853 2844 105 43 sicui

1126 2883 100 53 iam
1183 2883 142 53 dictum
1282 2883 114 53 est,
1353 2883 114 53 tale
1425 2883 142 53 corpus
1524 2883 100 53 non
1581 2883 114 53 fuit
1652 2883 85 53 in
1695 2883 128 53 costa
1780 2883 171 53 potentia
1894 2883 57 53 na

1123 2910 150 65 turali,
1232 2910 95 65 sed
1287 2910 218 65 obedientali.
