2415 3532
234 245 161 70 ereatio
352 245 103 70 est
410 245 132 70 idem,
498 245 117 70 quod
572 245 117 70 esse
645 245 103 70 rei
704 245 176 70 creatae,
836 245 117 70 quod
909 245 147 70 quidem
997 245 88 70 esse

222 303 106 55 non
283 303 106 55 est
343 303 198 55 accidens,
495 303 106 55 cum
556 303 106 55 sit
617 303 106 55 per
678 303 228 55 reductionem
860 303 91 55 in
906 303 198 55 praedicam

225 346 91 44 to
270 346 242 44 substantiae,
467 346 106 44 nec
528 346 136 44 tamen
619 346 167 44 proprie
740 346 167 44 recipit
846 346 242 44 praedicationem

229 384 228 58 substantiae;
414 384 128 58 sicut
500 384 157 58 punctus
614 384 100 58 non
671 384 100 58 est
728 384 200 58 quantitas,
885 384 157 58 quamuis
985 384 100 58 redu-

221 427 138 45 catur
313 427 92 45 ad
358 427 138 45 genus
450 427 245 45 quantitatis,
649 427 138 45 prout
741 427 184 45 superius
863 427 184 45 declaraui.

262 461 99 59 Ad
312 461 182 59 tertium
444 461 182 59 patebit
576 461 99 59 in
626 461 182 59 secunda
758 461 248 59 conclusione
939 461 149 59 immedia

216 499 100 51 te
250 499 167 51 sequenti

268 541 121 43 Dico
344 541 167 43 igitur,
465 541 182 43 secundo,
602 541 121 43 quod
677 541 167 43 creatio
799 541 106 43 est
859 541 137 43 idem,
950 541 121 43 quod
1011 541 76 43 es-

216 575 101 56 se
250 575 169 56 creature

246 620 86 47 1
280 620 138 47 Quia
367 620 190 47 quamuis
505 620 190 47 creator
644 620 208 47 producat
799 620 156 47 totam
886 620 190 47 creaturam

207 662 214 49 compositam
375 662 92 49 ex
420 662 122 49 esse
497 662 76 49 &
527 662 198 49 essentia:
680 662 153 49 partes
786 662 137 49 tamen
878 662 183 49 producit
1000 662 76 49 pro

210 703 181 39 ductione
346 703 151 39 totius
451 703 121 39 isto
526 703 136 39 modo,
617 703 121 39 quod
692 703 121 39 esse
768 703 181 39 producit
903 703 90 39 in
933 703 151 39 essentia

220 736 71 45 &
248 736 183 45 essentiam
389 736 99 45 sub
446 736 113 45 ipso
516 736 127 45 esse:
601 736 99 45 ita
657 736 113 45 quod
728 736 183 45 essentia,
869 736 127 45 quasi
939 736 127 45 subiici

219 778 104 47 tur
278 778 208 47 creationi,
442 778 74 47 &
471 778 119 47 esse
545 778 178 47 terminat
679 778 222 47 creationem:
857 778 148 47 igitur
946 778 133 47 creatio

216 822 100 48 est
273 822 129 48 ipsum
359 822 129 48 esse,
445 822 129 48 prout
531 822 129 48 ipsum
618 822 115 48 esse
689 822 201 48 producitur
847 822 86 48 in
890 822 172 48 essentia
1005 822 72 48 vit

216 854 121 52 tute
276 854 167 52 creatoris

253 869 72 71 2
281 869 203 71 Praeterea,
441 869 145 71 illud,
542 869 116 71 quod
615 869 101 71 pro
673 869 116 71 prie
745 869 203 71 concipitur
905 869 116 71 esse
963 869 101 71 perfe

216 933 121 56 ctio
292 933 197 56 essentiae
443 933 106 56 per
504 933 212 56 creationem
671 933 197 56 producte,
822 933 106 56 hoc
883 933 106 56 est
928 933 152 56 realiter

213 972 132 48 idem,
301 972 117 48 quod
374 972 132 48 esse,
462 972 161 48 creatio
579 972 102 48 est
637 972 205 48 huiusmodi.
798 972 102 48 nam
857 972 88 48 in
901 972 102 48 hoc
944 972 132 48 differt

213 1015 135 52 actio
303 1015 195 52 transiens
454 1015 90 52 ab
499 1015 211 52 immanente:
664 1015 120 52 quia
739 1015 105 52 est
799 1015 195 52 perfectio
950 1015 105 52 non
995 1015 75 52 age

216 1049 95 56 tis,
275 1049 83 56 sed
311 1049 83 56 acti-

249 1093 138 47 Forte
341 1093 185 47 dicetur,
479 1093 123 47 quod
556 1093 138 47 eadem
648 1093 169 47 ratione
771 1093 200 47 sequitur,
925 1093 123 47 quod
987 1093 92 47 crea

218 1139 93 53 tio
271 1139 93 53 sit
324 1139 172 53 perfectio
457 1139 133 53 ipsius
549 1139 119 53 esse,
629 1139 119 53 sicut
709 1139 133 53 ipsius
801 1139 186 53 essentiae;
947 1139 106 53 quia
1014 1139 93 53 non

205 1180 137 44 minus
296 1180 167 44 creatur
417 1180 137 44 ipsum
508 1180 137 44 esse,
599 1180 121 44 quam
675 1180 121 44 ipsa
736 1180 167 44 essentia.

251 1205 224 50 Respondeo,
427 1205 128 50 quod
507 1205 112 50 non
571 1205 112 50 est
635 1205 176 50 simile,
762 1205 176 50 quamuis
890 1205 128 50 enim
954 1205 112 50 cree-

217 1253 103 44 tur
276 1253 103 44 tam
335 1253 133 44 esse,
424 1253 118 44 quam
498 1253 192 44 essentia:
645 1253 118 44 esse
719 1253 133 44 tamen
807 1253 162 44 creatur
925 1253 89 44 vt
955 1253 103 44 perfe

200 1288 116 48 ctio
272 1288 173 48 quaedam,
402 1288 101 48 sed
459 1288 173 48 essentia
589 1288 159 48 creatur
705 1288 87 48 vt
748 1288 116 48 quid
821 1288 245 48 persectibile.
1008 1288 58 48 Ci

208 1325 142 44 igitur
307 1325 228 44 perfectionis
492 1325 100 44 non
549 1325 100 44 sit
606 1325 199 44 persectio,
762 1325 100 44 sed
819 1325 185 44 perfectio
961 1325 100 44 est
1004 1325 57 44 ip

209 1366 104 48 lius
274 1366 235 48 perfectibilis:
470 1366 130 48 igitur
561 1366 117 48 actio
639 1366 170 48 trasiens,
770 1366 104 48 quae
835 1366 91 48 est
887 1366 157 48 creatio,
992 1366 78 48 quam

215 1408 98 59 uis
271 1408 98 59 sit
327 1408 182 59 perfectio
467 1408 140 59 ipsius
565 1408 196 59 essentiae,
718 1408 98 59 non
774 1408 126 59 tamen
858 1408 112 59 erit
914 1408 154 59 perfectio

208 1439 136 61 ipsius
290 1439 82 61 esse

247 1465 71 66 2
275 1465 200 66 Praeterea,
432 1465 143 66 illud,
532 1465 114 66 quod
603 1465 157 66 proprie
718 1465 100 66 est
775 1465 128 66 actus
860 1465 128 66 entis
946 1465 86 66 in
974 1465 86 66 actu

200 1516 179 53 secundum
334 1516 119 53 quod
409 1516 89 53 in
453 1516 134 53 actu,
543 1516 104 53 hoc
602 1516 104 53 est
662 1516 134 53 ipsum
751 1516 134 53 esse:
841 1516 164 53 creatio
960 1516 104 53 est
1004 1516 60 53 hu

208 1564 180 44 iusmodi:
343 1564 105 44 nam
403 1564 90 44 in
448 1564 105 44 hoc
508 1564 165 44 differt
628 1564 75 44 a
657 1564 135 44 motu:
747 1564 120 44 quia
822 1564 90 44 in
867 1564 120 44 motu
942 1564 150 44 acquir

204 1600 102 43 tur
263 1600 116 43 pars
335 1600 116 43 post
408 1600 160 43 partem,
524 1600 73 43 &
553 1600 87 43 in
596 1600 116 43 motu
669 1600 102 43 sic
727 1600 102 43 est
785 1600 160 43 aliquid
887 1600 174 43 acquisitum

202 1641 127 48 quod
282 1641 159 48 semper
393 1641 159 48 restat
504 1641 175 48 aliquid
631 1641 254 48 acquirendum:
838 1641 127 48 ideo
917 1641 143 48 motus
996 1641 64 48 es

214 1688 131 43 actus
302 1688 131 43 entis
389 1688 87 43 in
433 1688 175 43 potentia
564 1688 175 43 secundum
696 1688 117 43 quod
768 1688 87 43 in
812 1688 190 43 potentia,
958 1688 87 43 vt
987 1688 73 43 pro

203 1719 109 51 tet
266 1719 94 51 in
313 1719 172 51 physic.
438 1719 219 51 Econtrario
609 1719 141 51 autem
703 1719 172 51 creatio
828 1719 109 51 est
890 1719 125 51 tota
953 1719 109 51 simul

213 1757 102 55 nec
272 1757 102 55 per
330 1757 131 55 ipsam
417 1757 116 55 pars
490 1757 116 55 post
563 1757 145 55 partem
664 1757 145 55 ipsius
766 1757 102 55 rei
824 1757 160 55 ponitur
941 1757 87 55 in
970 1757 87 55 esse

208 1795 112 51 sed
272 1795 207 51 fmultanee
431 1795 112 51 res
495 1795 112 51 per
559 1795 143 51 ipsam
654 1795 191 51 perfecte
798 1795 239 51 producitur;
973 1795 96 51 ideo

216 1837 112 51 per
280 1837 208 51 oppositum
440 1837 96 51 ad
488 1837 144 51 ipsum
584 1837 144 51 motum
680 1837 176 51 creatio
808 1837 176 51 proprie
920 1837 144 51 dicitur

220 1877 130 47 actus
306 1877 130 47 entis
392 1877 86 47 in
436 1877 130 47 actu,
522 1877 173 47 secundum
652 1877 115 47 quod
724 1877 101 47 est
781 1877 86 47 in
810 1877 101 47 actu-

259 1910 132 54 Alias
347 1910 191 54 inuenitur
494 1910 147 54 addita
597 1910 132 54 talis
685 1910 147 54 ratio:
788 1910 117 54 Quia
861 1910 191 54 productio
994 1910 73 54 sim

216 1962 120 45 plex
291 1962 75 45 &
321 1962 225 45 instantanea
501 1962 105 45 est
561 1962 120 45 idem
636 1962 180 45 realiter
772 1962 105 45 cum
832 1962 105 45 suo
892 1962 165 45 formali
997 1962 60 45 te

203 1996 135 50 mino:
293 1996 105 50 sed
353 1996 164 50 creatio
472 1996 105 50 est
532 1996 164 50 simplex
651 1996 194 50 productio
801 1996 75 50 &
831 1996 239 50 instantanea:
1010 1996 45 50 e

214 2041 116 40 esse
286 2041 101 40 rei
344 2041 159 40 creatae
460 2041 101 40 est
518 2041 174 40 formalis
648 2041 174 40 terminus
779 2041 217 40 creationis;
953 2041 116 40 ergo
1011 2041 43 40 &

241 2074 143 45 Maior
336 2074 143 45 patet
431 2074 238 45 discurrendo
621 2074 111 45 per
685 2074 190 45 singulas
827 2074 206 45 huiusmodi
970 2074 95 45 pro-

212 2109 209 49 ductiones.
376 2109 135 49 Minor
466 2109 135 49 etiam
556 2109 149 49 patet:
660 2109 120 49 quia
735 2109 164 49 creatio
855 2109 105 49 non
915 2109 105 49 est
959 2109 105 49 actio

200 2148 190 51 corporea:
347 2148 102 51 nec
405 2148 220 51 suceessiua.
581 2148 117 51 Quod
654 2148 132 51 etiam
742 2148 117 51 esse
815 2148 102 51 sit
874 2148 176 51 formalis
991 2148 73 51 ter

204 2191 127 53 minus
289 2191 212 53 creationis,
458 2191 127 53 patet
543 2191 99 53 per
600 2191 170 53 Auctorem
727 2191 85 53 de
769 2191 141 53 causis
868 2191 99 53 qui
925 2191 113 53 ait,
981 2191 85 53 quod

206 2225 136 63 prima
297 2225 136 63 rerum
388 2225 197 63 creatarum
539 2225 106 63 est
600 2225 121 63 esse

251 2271 112 47 Sed
315 2271 160 47 contra
427 2271 144 47 istam
523 2271 256 47 conclusionem
731 2271 112 47 est
795 2271 176 47 quaedam
923 2271 176 47 opinio,

209 2303 112 59 quae
279 2303 140 59 ponit,
377 2303 112 59 quod
447 2303 154 59 creatio
559 2303 98 59 sit
615 2303 126 59 idem,
698 2303 112 59 quod
768 2303 112 59 tota
838 2303 168 59 creatura
964 2303 126 59 lqui

213 2342 90 57 in
258 2342 119 57 omni
333 2342 239 57 productione,
527 2342 90 57 vt
571 2342 164 57 dicunt,
691 2342 194 57 productio
840 2342 105 57 est
900 2342 119 57 idem
960 2342 105 57 reali

218 2390 105 47 ter
278 2390 105 47 cum
338 2390 165 47 termino
458 2390 255 47 productionis,
668 2390 105 47 sed
728 2390 165 47 creatio
848 2390 210 47 terminatur
998 2390 60 47 a-

203 2427 136 48 totam
294 2427 212 48 creaturam.
460 2427 106 48 Sed
520 2427 121 48 quia
596 2427 136 48 maior
686 2427 151 48 istius
792 2427 181 48 rationis
928 2427 121 48 pati
988 2427 76 48 vi-

216 2462 135 60 detur
306 2462 210 60 instantiam
470 2462 90 60 de
515 2462 120 60 ipso
590 2462 135 60 motu;
680 2462 150 60 igitur
785 2462 165 60 probant
904 2462 135 60 isti,
979 2462 90 60 quod

212 2500 142 55 omnis
307 2500 142 55 motus
401 2500 110 55 sit
464 2500 126 55 idem
543 2500 189 55 realiter
685 2500 110 55 cum
748 2500 110 55 suo
795 2500 158 55 termino.

240 2540 89 59 1
276 2540 143 59 Quia
365 2540 286 59 quandocumque
598 2540 179 59 aliqua
723 2540 233 59 differunt
884 2540 179 59 secundum

212 2582 189 49 essentias
358 2582 204 49 absolutas,
518 2582 116 49 illa
591 2582 116 49 Deus
664 2582 146 49 potest
766 2582 87 49 ab
809 2582 160 49 inuicem
911 2582 146 49 separari

214 2623 97 50 sed
269 2623 83 50 si
311 2623 138 50 albedo
408 2623 69 50 &
435 2623 180 50 dealbatio
573 2623 193 50 differrent
725 2623 180 50 realiter:
864 2623 97 50 tuc
905 2623 152 50 differren

206 2663 93 47 re
253 2663 202 47 absoluta:
408 2663 124 47 ergo
486 2663 124 47 Deus
563 2663 155 47 posset
672 2663 155 47 facere
781 2663 248 47 dealbationem
967 2663 93 47 sini

209 2696 210 53 albedine,
370 2696 81 53 &
402 2696 210 53 asbedinem
564 2696 129 53 sine
645 2696 258 53 dealbatione,
854 2696 129 53 quod
919 2696 145 53 videtur

208 2739 312 58 contradictionem
454 2739 180 58 implicaro

247 2779 71 53 2
275 2779 198 53 Praeterea,
431 2779 85 53 si
473 2779 127 53 motus
558 2779 184 53 differret
699 2779 85 53 re
742 2779 198 53 absoluta;a
897 2779 141 53 forma,
982 2779 85 53 quae

215 2814 185 59 terminat
354 2814 154 59 motum,
462 2814 124 59 tunc
539 2814 232 59 naturaliter
724 2814 139 59 prius
817 2814 139 59 esset
910 2814 139 59 motus
987 2814 77 59 con

207 2861 163 48 pletus,
326 2861 119 48 quam
400 2861 119 48 ipsa
474 2861 134 48 forma
563 2861 134 48 esset
652 2861 193 48 completa:
801 2861 104 48 sed
860 2861 104 48 hoc
920 2861 104 48 est
964 2861 104 48 impos

199 2897 174 49 sibile:
325 2897 126 49 quia
404 2897 126 49 tunc
483 2897 189 49 cessante
625 2897 142 49 motu,
720 2897 142 49 adhuc
815 2897 142 49 forma
893 2897 174 49 moueretui

206 2935 117 54 ad
264 2935 156 54 suum
342 2935 272 54 complementum

257 2973 82 57 3
289 2973 230 57 Praeterea,
470 2973 148 57 istud
568 2973 164 57 dicunt
683 2973 131 57 esse
765 2973 246 57 intentionem
945 2973 115 57 Comme

215 3018 187 46 tatoris,
356 3018 109 46 qui
418 3018 78 46 a
449 3018 218 46 physicorum
621 3018 125 46 ait,
699 3018 125 46 quod
777 3018 140 46 motus
871 3018 109 46 vno
933 3018 125 46 modo
996 3018 62 46 ac

215 3060 175 40 cipitur
343 3060 112 40 pro
406 3060 143 40 forma
502 3060 191 40 fiuente.
646 3060 128 40 Alio
725 3060 128 40 modo
805 3060 112 40 pro
869 3060 143 40 fuxum
948 3060 112 40 forma

217 3097 158 53 Primus
328 3097 142 53 autem
423 3097 142 53 modus
518 3097 111 53 est
581 3097 174 53 verior,
708 3097 190 53 Secundus
850 3097 127 53 vvro
930 3097 111 53 est
977 3097 95 53 samo

1111 265 134 70 sior.
1201 265 119 70 Item
1275 265 89 70 in
1320 265 134 70 eodem
1409 265 119 70 ait.
1484 265 104 70 via
1544 265 89 70 in
1588 265 268 70 generationibus
1812 265 104 70 est
1872 265 89 70 de
1901 265 75 70 spe

1121 312 99 55 cie
1177 312 113 55 eius
1248 312 85 55 ad
1290 312 113 55 quod
1346 312 85 55 est.

1133 361 114 57 Sed
1198 361 130 57 isti
1279 361 114 57 cum
1344 361 130 57 hoc,
1425 361 130 57 quod
1506 361 259 57 conclusionem
1717 361 130 57 mihi
1798 361 162 57 dubiam
1895 361 81 57 po-

1113 395 134 44 nunt:
1202 395 134 44 etiam
1292 395 134 44 ipsam
1381 395 268 44 insufficienter
1589 395 149 44 probant.

1155 427 135 64 Primo
1245 427 150 64 igitur
1350 427 150 64 arguam
1455 427 150 64 contra
1560 427 165 64 probati
1681 427 120 64 ones
1756 427 150 64 illius
1861 427 135 64 maio

1110 467 126 56 ris;
1189 467 95 56 Et
1237 467 158 56 deinde
1347 467 142 56 eorum
1442 467 174 56 motiuis
1553 467 205 56 respondebo.

1152 502 70 56 1
1180 502 126 56 Primo
1264 502 112 56 sic.
1334 502 126 56 llla,
1417 502 112 56 quae
1487 502 98 56 sic
1543 502 84 56 se
1585 502 154 56 habent,
1697 502 112 56 quod
1766 502 168 56 secundum
1878 502 70 56 sua

1121 557 188 48 proprias
1262 557 141 48 eorum
1356 557 204 48 entitates
1513 557 172 48 numquam
1638 557 188 48 poterunt
1779 557 125 48 esse
1842 557 125 48 simul;

1109 592 122 42 illa
1185 592 107 42 non
1246 592 183 42 poterunt
1383 592 122 42 esse
1460 592 137 42 ideni
1551 592 198 42 realiter:
1704 592 107 42 sed
1765 592 137 42 motus
1856 592 76 42 &
1871 592 92 42 ter-

1113 631 145 45 minus
1209 631 96 45 ad
1257 631 128 45 quem
1338 631 112 45 est
1402 631 161 45 motus,
1514 631 128 45 sunt
1595 631 225 45 huiusmodi:
1771 631 145 45 Maior
1852 631 112 45 patet

1113 673 120 52 quia
1188 673 120 52 esse
1263 673 120 52 idem
1337 673 209 52 necessario
1502 673 239 52 praesupponit
1696 673 120 52 esse
1771 673 149 52 simul.
1860 673 105 52 Minor

1120 716 196 41 similiter
1271 716 166 41 patet,:
1391 716 121 41 quia
1467 716 136 41 sicut
1557 716 166 41 numquam
1678 716 226 41 contingitur
1843 716 121 41 termi-

1111 747 118 51 nus,
1185 747 118 51 nisi
1259 747 222 51 perficiatur
1436 747 118 51 uia:
1510 747 103 51 sic
1569 747 162 51 numquam
1687 747 177 51 terminus
1820 747 133 51 motus
1894 747 74 51 est

1113 783 232 48 accquisitus,
1302 783 116 48 nisi
1375 783 160 48 desinat
1491 783 145 48 motus.
1592 783 116 48 Quod
1665 783 116 48 ergo
1737 783 116 48 illa
1810 783 116 48 sint
1868 783 87 48 idem

1109 826 187 42 realiter
1250 826 171 42 omnino,
1374 826 156 42 quorum
1483 826 109 42 vno
1546 826 203 42 existente
1702 826 171 42 alterum
1826 826 125 42 esse
1889 826 62 42 nm

1108 862 157 57 potest,
1222 862 72 57 &
1251 862 143 57 quorum
1351 862 129 57 vnius
1437 862 157 57 desitio
1551 862 100 57 est
1609 862 172 57 alterius
1737 862 86 57 in
1780 862 114 57 esse
1838 862 114 57 posito

1110 905 161 41 videtur
1227 905 117 41 essc
1300 905 204 41 implicatio
1446 905 263 41 contradictionis,

1107 933 77 61 2
1137 933 216 61 Praeterea,
1308 933 108 61 ens
1369 933 216 61 formaliter
1540 933 232 61 suceessiuum
1725 933 170 61 differt
1833 933 124 61 reali-

1110 981 104 48 ter
1169 981 89 48 ab
1214 981 118 48 ente
1288 981 207 48 formaliter
1451 981 222 48 permanente,
1628 981 104 48 sed
1688 981 133 48 motus
1776 981 104 48 est
1836 981 104 48 ens
1880 981 74 48 for

1098 1020 187 53 maliter,
1239 1020 78 53 &
1270 1020 265 53 essentialiter
1488 1020 265 53 suceessiuuum,
1705 1020 78 53 &
1737 1020 187 53 terminus
1861 1020 109 53 motus

1103 1060 106 44 est
1163 1060 211 44 formaliter
1329 1060 75 44 &
1359 1060 256 44 essentialiter
1570 1060 211 44 permanens:
1736 1060 121 44 ergo
1797 1060 60 44 &c

1121 1094 80 53 3
1153 1094 223 53 Praeterea,
1329 1094 128 53 quae
1408 1094 112 53 sic
1472 1094 96 53 se
1520 1094 160 53 habet,
1632 1094 128 53 quod
1712 1094 128 53 vnum
1791 1094 128 53 vere
1855 1094 112 53 habet

1101 1134 158 60 partes
1212 1134 95 60 ex
1259 1134 158 60 quibus
1369 1134 189 60 realiter
1511 1134 237 60 componitur,
1701 1134 126 60 quae
1780 1134 158 60 quidem
1874 1134 95 60 par-

1096 1179 113 40 tes
1161 1179 178 40 numquam
1290 1179 194 40 poterunt
1435 1179 129 40 esse
1516 1179 162 40 simul,
1630 1179 178 40 alterum
1759 1179 129 40 vero
1840 1179 113 40 non
1888 1179 65 40 ha

1102 1214 96 48 bet
1157 1214 151 48 partes,
1267 1214 96 48 vel
1322 1214 83 48 si
1364 1214 138 48 habet,
1460 1214 124 48 omnes
1542 1214 110 48 suae
1611 1214 138 48 partes
1707 1214 110 48 sunt
1776 1214 138 48 simul,
1872 1214 110 48 illa

1100 1256 107 46 non
1161 1256 168 46 possunt
1283 1256 122 46 esse
1360 1256 122 46 idem
1436 1256 199 46 realiter,
1590 1256 107 46 sed
1651 1256 138 46 motus
1743 1256 77 46 &
1773 1256 184 46 terminus
1896 1256 61 46 mo

1103 1289 114 52 tus
1168 1289 130 52 sunt
1249 1289 227 52 huiusmodi,
1427 1289 130 52 ergo
1492 1289 65 52 &c

1106 1299 146 83 Forte
1203 1299 195 83 dicetur,
1349 1299 130 83 quod
1431 1299 130 83 ergo
1512 1299 244 83 contradicam
1707 1299 162 83 primae
1821 1299 179 83 rationi
1934 1299 49 83 i

1099 1367 123 48 quam
1175 1367 123 48 feci
1252 1367 107 48 pro
1314 1367 123 48 ista
1390 1367 169 48 secunda
1513 1367 246 48 conclusione.
1713 1367 154 48 Virtus
1820 1367 123 48 enim
1882 1367 61 48 il

1102 1407 113 45 lius
1172 1407 169 45 rationis
1299 1407 84 45 in
1341 1407 98 45 hoc
1397 1407 127 45 stat,
1482 1407 113 45 quod
1552 1407 113 45 ideo
1622 1407 155 45 creatio
1735 1407 98 45 est
1791 1407 127 45 idem,
1862 1407 84 45 quod

1101 1447 113 44 esse
1172 1447 99 44 rei
1228 1447 156 44 create,
1342 1447 113 44 quia
1413 1447 113 44 esse
1484 1447 99 44 est
1541 1447 170 44 proprius
1668 1447 170 44 terminus
1782 1447 170 44 creationis

1124 1485 219 63 Respondeo,
1296 1485 125 63 quod
1374 1485 109 63 hic
1437 1485 141 63 nulla
1531 1485 109 63 est
1593 1485 266 63 contradictio,
1812 1485 125 63 quia
1875 1485 109 63 crea-

1104 1530 107 56 tio
1165 1530 107 56 non
1226 1530 107 56 est
1287 1530 153 56 motus:
1394 1530 137 56 habet
1485 1530 122 56 enim
1562 1530 198 56 oppositas
1714 1530 229 56 conditiones
1882 1530 61 56 ac

1096 1568 151 55 motum,
1202 1568 91 55 vt
1247 1568 91 55 in
1292 1568 151 55 tertia
1398 1568 166 55 ratione
1504 1568 181 55 declaraui,

1133 1600 100 48 Ad
1183 1600 200 48 rationem
1333 1600 150 48 eorum
1433 1600 217 48 dicendum,
1600 1600 133 48 quod
1683 1600 150 48 maior
1783 1600 117 48 sic
1833 1600 150 48 vniuer,

1100 1638 160 56 saliter
1216 1638 145 56 sumpta
1317 1638 102 56 non
1375 1638 102 56 est
1433 1638 131 56 vera,
1520 1638 73 56 &
1549 1638 218 56 specialiter
1723 1638 102 56 est
1781 1638 131 56 falsa
1868 1638 87 56 in
1897 1638 87 56 pro-

1107 1683 164 36 posito,
1226 1683 119 36 quia
1301 1683 134 36 dato,
1390 1683 119 36 quod
1465 1683 194 36 productio
1614 1683 104 36 sit
1674 1683 134 36 idem,
1763 1683 119 36 quod
1823 1683 119 36 termi-

1102 1719 124 52 nus,
1179 1719 108 52 non
1241 1719 139 52 tamen
1333 1719 108 52 est
1395 1719 124 52 idem
1472 1719 124 52 quod
1549 1719 185 52 terminus
1688 1719 185 52 totalis:
1827 1719 108 52 sed
1874 1719 77 52 est

1102 1762 120 48 idem
1177 1762 120 48 quod
1252 1762 180 48 terminus
1387 1762 195 48 formalis.
1538 1762 90 48 Si
1583 1762 120 48 enim
1658 1762 135 48 actio
1748 1762 195 48 transiens
1883 1762 75 48 es-

1101 1794 103 58 set
1160 1794 118 58 idem
1234 1794 177 58 realiter
1367 1794 103 58 cum
1425 1794 118 58 ipso
1499 1794 162 58 termino
1617 1794 162 58 totali:
1735 1794 118 58 tunc
1809 1794 118 58 idem
1868 1794 88 58 tram

1092 1839 134 46 siret
1182 1839 90 46 in
1226 1839 164 46 seipsum
1346 1839 194 46 realiter.
1495 1839 90 46 Et
1540 1839 119 46 quia
1615 1839 119 46 isti
1689 1839 194 46 loquuntur
1839 1839 90 46 de
1868 1839 75 46 ter

1090 1876 130 58 mino
1171 1876 179 58 totali:
1301 1876 130 58 ideo
1383 1876 81 58 &
1415 1876 163 58 falsum
1529 1876 212 58 assumunt,
1692 1876 81 58 &
1724 1876 98 58 ad
1757 1876 195 58 propositum

1096 1917 112 50 non
1160 1917 176 50 arguunt

1125 1950 111 53 Ad
1180 1950 185 53 primam
1309 1950 277 53 probationem
1531 1950 111 53 de
1586 1950 148 53 motu
1678 1950 240 53 dicendum,
1844 1950 111 53 quod

1098 1990 119 52 Deus
1172 1990 119 52 bene
1247 1990 163 52 posset,
1365 1990 89 52 si
1410 1990 163 52 vellet,
1529 1990 148 52 facere
1632 1990 193 52 aibedinem
1781 1990 119 52 sine
1840 1990 119 52 dealba

1098 2032 149 49 tione,
1202 2032 119 49 quae
1276 2032 104 49 est
1336 2032 149 49 motus:
1440 2032 104 49 cum
1499 2032 119 49 ipse
1574 2032 119 49 agat
1648 2032 119 49 sine
1722 2032 119 49 motu
1796 2032 74 49 &
1811 2032 134 49 transmu

1099 2078 195 39 tatione;
1245 2078 146 39 etiam
1342 2078 162 39 posset
1456 2078 162 39 facere
1569 2078 146 39 motum
1666 2078 276 39 dealbationis,
1877 2078 65 39 ex

1099 2115 106 47 quo
1160 2115 137 47 nihil
1251 2115 91 47 de
1296 2115 182 47 completa
1433 2115 182 47 entitate
1569 2115 197 47 albedinis
1721 2115 91 47 in
1767 2115 121 47 esse
1828 2115 121 47 ponero

1092 2149 123 49 tur,
1169 2149 108 49 Cum
1230 2149 123 49 ergo
1307 2149 138 49 solum
1399 2149 185 49 completa
1538 2149 200 49 albedinis
1692 2149 169 49 entitas
1815 2149 108 49 sit
1861 2149 92 49 ter-

1092 2193 143 41 minus
1188 2193 270 41 dealbationis:
1410 2193 127 41 ideo
1490 2193 127 41 Deus
1569 2193 159 41 potest
1681 2193 191 41 separare
1824 2193 143 41 motum
1903 2193 48 41 a

1104 2224 109 54 suo
1167 2224 187 54 termino.
1307 2224 94 54 Et
1354 2224 94 54 ex
1401 2224 109 54 hoc
1463 2224 156 54 patet,
1572 2224 125 54 quod
1650 2224 172 54 ambabus
1759 2224 203 54 praemissis.

1097 2267 206 40 concessis,
1259 2267 191 40 conclusio
1406 2267 103 40 non
1464 2267 103 40 est
1523 2267 147 40 falsa:
1626 2267 117 40 quia
1699 2267 176 40 loquendo
1817 2267 132 40 proprie

1095 2306 95 47 de
1143 2306 174 47 termino
1269 2306 268 47 dealbationis,
1490 2306 111 47 que
1553 2306 111 47 est
1616 2306 158 47 albedo
1727 2306 221 47 permanens,
1901 2306 79 47 &

1092 2353 200 41 completa:
1245 2353 123 41 tunc
1322 2353 108 41 non
1384 2353 138 41 solum
1476 2353 123 41 Deus
1553 2353 154 41 potest
1661 2353 123 41 ista
1738 2353 200 41 separare:
1876 2353 77 41 ve-

1101 2381 109 51 rum
1164 2381 140 51 etiam
1257 2381 233 51 naturaliter
1443 2381 124 51 sunt
1520 2381 140 51 simul
1614 2381 310 51 incompossibilia:
1862 2381 93 51 quia

1094 2423 190 47 terminus
1237 2423 143 47 motus
1332 2423 174 47 numquam
1459 2423 95 47 in
1506 2423 127 47 esse
1585 2423 190 47 ponitur,
1728 2423 127 47 nisi
1807 2423 143 47 motus
1887 2423 63 47 se

1090 2461 163 48 cundum
1204 2461 114 48 se,
1269 2461 81 48 &
1301 2461 195 48 secundum
1447 2461 146 48 omnes
1545 2461 130 48 suas
1626 2461 163 48 partes
1740 2461 195 48 desinat&
1870 2461 81 48 con

1095 2506 198 42 rumpatur.
1247 2506 137 42 Etiam
1338 2506 137 42 maior
1429 2506 106 42 non
1490 2506 106 42 est
1551 2506 258 42 vniuersaliter
1764 2506 137 42 vera,
1840 2506 106 42 maxi-

1100 2540 92 44 me
1146 2540 92 44 de
1191 2540 168 44 talibus
1314 2540 214 44 absolutis,
1482 2540 122 44 quae
1558 2540 199 44 connotant
1711 2540 168 44 aliquos
1818 2540 122 44 respe-

1102 2580 129 45 ctus:
1188 2580 100 45 nam
1245 2580 158 45 quamuis
1360 2580 143 45 figura
1460 2580 100 45 sit
1517 2580 158 45 entitas
1632 2580 186 45 absoluta,
1775 2580 100 45 cum
1832 2580 86 45 si
1861 2580 86 45 quan

1101 2619 83 42 ta
1143 2619 152 42 species
1253 2619 208 42 qualitatis:
1419 2619 125 42 nulla
1502 2619 125 42 tamen
1585 2619 166 42 potentia
1710 2619 125 42 fieri
1793 2619 138 42 potest
1876 2619 69 42 fi-

1107 2655 121 57 gura
1183 2655 121 57 sine
1258 2655 121 57 omni
1334 2655 212 57 quantitate
1501 2655 106 57 eo,
1561 2655 121 57 quod
1637 2655 136 57 dicat
1728 2655 212 57 qualitatem
1879 2655 76 57 sub

1100 2698 216 49 habitudine
1270 2698 93 49 ad
1316 2698 139 49 ipsam
1409 2698 247 49 quantitatem.

1135 2737 100 47 Ad
1185 2737 200 47 secundum
1335 2737 217 47 dicendum,
1502 2737 133 47 quod
1585 2737 200 47 concessa
1719 2737 233 47 consequentia

1102 2780 203 45 consequens
1262 2780 102 45 non
1320 2780 102 45 est
1378 2780 160 45 falsum,
1494 2780 116 45 quia
1567 2780 218 45 naturaliter
1741 2780 174 45 oportet,
1857 2780 87 45 quod

1099 2815 110 40 via
1162 2815 236 40 compleatur,
1351 2815 189 40 antequam
1492 2815 189 40 terminus
1634 2815 236 40 attingitur.
1822 2815 94 40 Ad
1854 2815 94 40 pro-

1098 2851 176 51 bationem
1230 2851 132 51 dico,
1319 2851 117 51 quod
1392 2851 117 51 ista
1465 2851 191 51 prioritas
1612 2851 162 51 naturae
1730 2851 117 51 stat
1803 2851 103 51 com
1847 2851 103 51 simul

1097 2893 127 47 tate
1177 2893 207 47 temporis,
1336 2893 80 47 &
1367 2893 239 47 durationis,
1558 2893 80 47 &
1590 2893 127 47 ideo
1670 2893 111 47 non
1733 2893 191 47 oportet,
1861 2893 95 47 quod

1100 2935 132 38 motu
1182 2935 214 38 cessante,
1347 2935 148 38 adhuc
1446 2935 148 38 forma
1544 2935 214 38 moueatur:
1709 2935 132 38 quia
1792 2935 148 38 motus
1874 2935 66 38 ne

1098 2969 147 52 cessat
1201 2969 132 52 prius
1289 2969 206 52 duratione,
1451 2969 117 52 quam
1524 2969 176 52 terminus
1656 2969 103 52 sit
1715 2969 220 52 acquisitus,
1877 2969 73 52 sed

1102 3008 136 51 solum
1193 3008 136 51 prius
1269 3008 136 51 natura,

1143 3015 93 85 Ad
1190 3015 171 85 tertium
1314 3015 140 85 dico,
1408 3015 124 85 quod
1486 3015 140 85 dato,
1579 3015 124 85 quod
1657 3015 140 85 motus
1750 3015 93 85 si
1797 3015 140 85 forma
1874 3015 78 85 flu

1098 3094 117 50 ens,
1171 3094 88 50 ex
1215 3094 102 50 hoc
1274 3094 132 50 tamen
1361 3094 102 50 non
1420 3094 190 50 sequitur,
1566 3094 117 50 quod
1639 3094 102 50 sit
1698 3094 117 50 idem
1771 3094 117 50 cumn
1829 3094 117 50 termi
