2394 3526
447 307 139 50 forma
539 307 170 50 sluens,
663 307 108 50 sed
725 307 108 50 est
787 307 139 50 forma
880 307 217 50 permanens.
1050 307 108 50 Nec
1112 307 186 50 secundum
1236 307 77 50 di-

443 341 126 57 ctum
522 341 252 57 Comentatoris
727 341 110 57 est
790 341 95 57 ad
837 341 221 57 propositum
1011 341 189 57 istorum:
1152 341 126 57 quia
1231 341 110 57 non

448 244 111 73 no:
511 244 111 73 sed
575 244 142 73 magis
670 244 190 73 sequitur
812 244 221 73 oppositum:
986 244 127 73 quia
1065 244 190 73 terminus
1207 244 111 73 non
1255 244 79 73 est

449 392 139 40 dicit
541 392 231 40 Commentator
726 392 93 40 de
773 392 216 40 identitate
942 392 154 40 reali,
1050 392 77 40 &
1081 392 201 40 numerali,
1220 392 77 40 set

444 419 190 56 specifica
591 419 73 56 :
620 419 102 56 non
679 419 102 56 est
737 419 132 56 autem
825 419 249 56 inconueniens,
1030 419 88 56 ut
1074 419 132 56 forma
1147 419 161 56 incomple-

438 455 93 58 ta
485 455 217 58 praecedens
656 455 202 58 terminum,
811 455 78 58 &
842 455 140 58 forma
935 455 202 58 completa,
1091 455 124 58 quae
1168 455 109 58 est
1215 455 93 58 ipse

453 497 200 56 terminus,
606 497 123 56 sint
683 497 169 56 eiusdem
806 497 185 56 speciei;
945 497 123 56 quia
1022 497 200 56 perfectum
1176 497 77 56 &
1191 497 123 56 imper-

440 540 159 49 fectum
551 540 174 49 possunt
678 540 127 49 esse
757 540 95 49 in
805 540 143 49 eadem
884 540 143 49 specie.

481 573 142 58 Etiam
576 573 158 58 contra
686 573 221 58 praedictam
860 573 252 58 conclusionem
1065 573 126 58 sunt
1143 573 142 58 alij,
1222 573 79 58 qui

446 620 168 47 dicunt,
568 620 122 47 quod
644 620 168 47 creatio
766 620 137 47 super
858 620 183 47 terminum
996 620 214 47 creationis
1164 620 137 47 addit
1240 620 61 47 re

420 664 227 45 absolutam.

538 688 115 59 Quia
609 688 158 59 creatio
724 688 100 59 est
782 688 187 59 productio
925 688 172 59 absoluti
1054 688 187 59 differens
1198 688 72 59 a
1212 688 86 59 pro-

442 738 161 54 ducto;
555 738 129 54 ergo
635 738 145 54 addit
732 738 97 54 re
781 738 210 54 absolutam
942 738 145 54 super
1039 738 145 54 ipsum
1120 738 177 54 productum

446 781 250 41 consequentia
649 781 156 41 patet.
759 781 187 41 probatur
899 781 219 41 antecedens
1071 781 172 41 quantum
1196 781 94 41 ad
1243 781 94 41 am

442 819 100 45 bas
499 819 115 45 suas
571 819 158 45 partes:
686 819 115 45 quod
757 819 115 45 enim
829 819 100 45 sit
887 819 100 45 res
944 819 172 45 absoluta
1073 819 144 45 patet,
1174 819 115 45 quia
1231 819 72 45 pro

447 848 149 55 ductio
551 848 104 55 rei
611 848 194 55 absolutae
760 848 104 55 est
820 848 194 55 absoluta:
969 848 119 55 quod
1044 848 134 55 autem
1133 848 179 55 differat
1252 848 45 55 a

446 894 175 53 producto
578 894 146 53 patet:
680 894 117 53 quia
753 894 175 53 producto
884 894 146 53 posito
986 894 88 53 in
1030 894 131 53 esse,
1117 894 146 53 cessat
1205 894 102 53 crea-

436 926 112 54 tio;
506 926 112 54 vnde
576 926 84 54 si
619 926 155 54 creatio
731 926 98 54 non
787 926 183 54 differret
928 926 70 54 a
956 926 155 54 creato,
1068 926 112 54 tunc
1138 926 155 54 creatum
1237 926 70 54 con

443 970 143 53 tinue
523 970 191 53 crearetur.

462 1004 72 55 2
490 1004 200 55 Praeterea,
648 1004 86 55 si
691 1004 114 55 idem
762 1004 129 55 esset
848 1004 157 55 creatio
963 1004 72 55 &
991 1004 186 55 creatura:
1134 1004 114 55 tumc
1192 1004 114 55 destru

446 1050 114 47 cta
511 1050 195 47 creatura
657 1050 130 47 Deus
738 1050 114 47 non
803 1050 163 47 posset
917 1050 114 47 eam
982 1050 163 47 eandem
1096 1050 163 47 numero
1193 1050 114 47 repa-

444 1095 138 41 rare,
535 1095 122 41 quia
612 1095 107 41 non
673 1095 199 41 repararet
826 1095 107 41 eam
887 1095 138 41 eadem
979 1095 214 41 creatione,
1147 1095 107 41 qua
1193 1095 107 41 primo

444 1127 135 58 ipsam
534 1127 210 58 creauerat,
699 1127 75 58 &
729 1127 105 58 per
789 1127 225 58 consequens,
969 1127 180 58 postquam
1104 1127 135 58 esset
1179 1127 120 58 creata

442 1169 126 46 aipsa
526 1169 126 46 esset
610 1169 112 46 idem
680 1169 168 46 realiter
806 1169 140 46 alteri
904 1169 196 46 creationi,
1058 1169 112 46 quam
1128 1169 140 46 prius,
1212 1169 84 46 pro-

455 1198 120 54 pter
530 1198 120 54 quod
605 1198 105 54 nec
665 1198 120 54 ipsa
740 1198 150 54 natura
845 1198 150 54 creata
951 1198 150 54 posset
1056 1198 120 54 esse
1131 1198 150 54 eadem:
1221 1198 90 54 quia

441 1238 130 52 sicut
527 1238 130 52 illa,
614 1238 116 52 quae
686 1238 116 52 sunt
759 1238 130 52 eidem
845 1238 145 52 eadem,
947 1238 116 52 sunt
1019 1238 130 52 eadem
1106 1238 130 52 inter
1192 1238 101 52 se;
1236 1238 72 52 sic

434 1288 143 44 illa,
530 1288 127 44 quae
609 1288 127 44 sunt
689 1288 191 44 diuersis
832 1288 159 44 eadem,
944 1288 127 44 sunt
1023 1288 175 44 diuersa
1151 1288 143 44 inter
1230 1288 64 44 se

519 1322 207 49 Praeterea,
682 1322 162 49 creatio
800 1322 103 49 non
859 1322 148 49 potest
962 1322 148 49 addere
1065 1322 133 49 solum
1139 1322 162 49 respectum

448 1364 143 39 super
544 1364 143 39 ipsam
639 1364 111 39 rem
703 1364 191 39 creatam:
846 1364 127 39 ergo
925 1364 143 39 addit
1021 1364 111 39 rem
1084 1364 207 39 absolutam
1227 1364 80 39 con

443 1396 196 51 sequentia
594 1396 151 51 patet:
699 1396 181 51 probatur
835 1396 226 51 antecedens,
1016 1396 121 51 quia
1091 1396 181 51 secundum
1212 1396 90 51 phi-

450 1434 193 50 losophum.
598 1434 89 50 4.
643 1434 222 50 metaphysic.
821 1434 104 50 non
880 1434 104 50 est
939 1434 193 50 possibile
1088 1434 133 50 omnia
1177 1434 119 50 dici
1236 1434 74 50 re-

441 1484 165 43 latiue;
561 1484 105 43 sed
621 1484 90 43 si
666 1484 165 43 creatio
785 1484 165 43 adderet
905 1484 135 43 solum
995 1484 195 43 respectum
1144 1484 135 43 super
1219 1484 90 43 sub-

446 1524 170 40 stantiam
573 1524 99 40 rei
630 1524 113 40 sine
701 1524 170 40 absoluto
828 1524 198 40 accidente,
984 1524 85 40 in
1026 1524 99 40 quo
1083 1524 127 40 talis
1153 1524 156 40 respectus

453 1562 200 39 immediate
607 1562 231 39 fundaretur:
792 1562 123 39 tunc
869 1562 139 39 omnia
961 1562 216 39 necessario
1115 1562 185 39 dicerentur

433 1597 160 49 relatiue.

476 1627 112 51 Sed
540 1627 112 51 nec
604 1627 128 51 ista
668 1627 208 51 concludunt.

470 1667 80 51 1
502 1667 128 51 Quia
582 1667 96 51 si
630 1667 176 51 creatio
759 1667 176 51 adderet
887 1667 112 51 rem
951 1667 209 51 absolutam
1112 1667 144 51 super
1192 1667 112 51 crea-

440 1714 155 46 turam,
549 1714 124 46 illa
627 1714 202 46 crearetur
782 1714 124 46 alia
860 1714 218 46 creatione,
1031 1714 78 46 &
1062 1714 155 46 iretur
1171 1714 93 46 in
1202 1714 109 46 infi

421 1754 149 55 nitum.

444 1781 78 53 2
476 1781 219 53 Praeterea,
648 1781 94 53 si
694 1781 94 53 ab
741 1781 125 53 ipsa
819 1781 172 53 actione
945 1781 109 53 seu
1007 1781 234 53 productione
1179 1781 125 53 seque-

433 1824 218 56 strantur,
601 1824 118 56 tam
668 1824 168 56 motus,
786 1824 134 56 quam
870 1824 202 56 mutatio,
1021 1824 134 56 tunc
1105 1824 118 56 non
1156 1824 151 56 remanet

441 1871 123 47 nisi
517 1871 184 47 terminus
655 1871 184 47 actionis
794 1871 107 47 cum
855 1871 184 47 respectu
993 1871 92 47 ad
1039 1871 138 47 ipsum
1116 1871 184 47 producens;

443 1917 111 38 sed
506 1917 174 38 creatio
633 1917 174 38 proprie
760 1917 190 38 loquendo
902 1917 111 38 nec
966 1917 111 38 est
1029 1917 158 38 motus,
1140 1917 111 38 nec
1187 1917 111 38 muta-

442 1942 116 54 tio,
514 1942 101 54 sed
572 1942 101 54 est
630 1942 159 54 simplex
745 1942 188 54 emanatio,
890 1942 87 54 vt
933 1942 145 54 patuit
1035 1942 174 54 superius
1165 1942 130 54 circa
1237 1942 58 54 fi

443 1981 112 54 nem
507 1981 144 54 primi
603 1981 160 54 libri;
714 1981 160 54 igitur
826 1981 96 54 ad
874 1981 128 54 suum
954 1981 192 54 terminum
1097 1981 192 54 formalem
1225 1981 80 54 non

438 2024 151 53 addit
539 2024 185 53 aliquam
673 2024 118 53 rem
741 2024 235 53 absolutam,
926 2024 118 53 sed
993 2024 151 53 solum
1094 2024 218 53 respectum
1245 2024 67 53 ad

420 2068 215 45 creatorem.

474 2102 162 49 Propter
592 2102 103 49 hoc
651 2102 118 49 bene
724 2102 132 49 dicit
813 2102 147 49 doctor
916 2102 147 49 noster
1019 2102 88 49 in
1063 2102 177 49 tractatu
1195 2102 88 49 de
1224 2102 74 49 es-

439 2138 86 54 se
482 2138 71 54 &
510 2138 171 54 essentia
638 2138 114 54 q.7.
710 2138 114 54 quod
781 2138 128 54 esse,
866 2138 171 54 creatio,
995 2138 71 54 &
1023 2138 228 54 conseruatio,
1208 2138 71 54 &
1223 2138 86 54 ter-

434 2186 141 46 minus
529 2186 220 46 creationis
701 2186 173 46 quantum
827 2186 94 46 ad
874 2186 110 46 rem
937 2186 251 46 significatam
1141 2186 126 46 idem
1204 2186 94 46 sunt

432 2229 86 38 &
466 2229 154 38 solum
569 2229 222 38 quibusdam
740 2229 257 38 respectibus
945 2229 239 38 connotatis
1116 2229 188 38 abinuicem

435 2266 188 37 differunt
579 2266 101 37 nam
637 2266 130 37 eadem
723 2266 116 37 res:
796 2266 231 37 considerata,
983 2266 87 37 vt
1027 2266 101 37 est
1084 2266 159 37 aliquid
1200 2266 87 37 in
1229 2266 72 37 se,

442 2303 97 41 sic
497 2303 152 41 dicitur
608 2303 110 41 esse
677 2303 207 41 considerata
842 2303 83 41 vt
884 2303 83 41 ab
925 2303 110 41 alio
994 2303 179 41 inchoata,
1132 2303 97 41 sic
1174 2303 124 41 dicitur

444 2335 151 57 creatio
554 2335 137 57 actio;
650 2335 69 57 &
678 2335 165 57 loquitur
802 2335 82 57 de
843 2335 192 57 creatione,
994 2335 82 57 vt
1035 2335 96 57 est
1090 2335 124 57 actio
1173 2335 165 57 trasies;

447 2383 103 40 nam
506 2383 132 40 prout
594 2383 103 40 est
653 2383 132 40 manes
741 2383 88 40 in
785 2383 162 40 agente,
903 2383 103 40 sic
962 2383 176 40 estipsum
1094 2383 132 40 velle
1168 2383 132 40 diuinum

441 2419 98 40 sed
497 2419 84 40 vt
539 2419 168 40 inchoata
665 2419 84 40 in
707 2419 126 40 alio,
791 2419 98 40 sic
847 2419 98 40 est
902 2419 154 40 creatio
1014 2419 154 40 passio;
1126 2419 84 40 vt
1168 2419 126 40 autem
1238 2419 70 40 est

447 2456 205 44 continuata
608 2456 88 44 ab
652 2456 132 44 alio,
740 2456 103 44 sic
799 2456 103 44 est
858 2456 220 44 conseruatio
1033 2456 146 44 actio;
1136 2456 132 44 prout
1209 2456 88 44 vero

443 2489 95 49 est
498 2489 190 49 continuata
647 2489 81 49 in
688 2489 122 49 alio,
769 2489 95 49 sic
824 2489 95 49 est
878 2489 204 49 conseruatio
1041 2489 149 49 passio,
1150 2489 95 49 sed
1204 2489 81 49 vt
1231 2489 68 49 ess

448 2535 154 49 inducta
560 2535 84 49 in
602 2535 182 49 instanti,
741 2535 70 49 &
769 2535 112 49 tota
839 2535 140 49 simul,
937 2535 98 49 sic
993 2535 98 49 est
1049 2535 168 49 terminus
1160 2535 140 49 creatio-

437 2580 129 39 nis.
518 2580 129 39 Vnde
599 2580 146 39 omnia
696 2580 129 39 ista
776 2580 129 39 idem
857 2580 129 39 sunt
938 2580 113 39 re,
1003 2580 178 39 quamuis
1116 2580 178 39 differant

422 2614 169 46 ratione.

518 2651 219 49 Praeterea,
690 2651 109 49 non
753 2651 141 49 magis
847 2651 172 49 videtur
972 2651 156 49 addere
1081 2651 172 49 creatio
1191 2651 109 49 super

447 2688 105 48 rem
507 2688 181 48 creatam,
643 2688 120 48 quam
718 2688 196 48 conuersio
868 2688 135 48 super
959 2688 151 48 illud,
1064 2688 90 48 in
1109 2688 120 48 quod
1170 2688 135 48 aliquid

446 2729 221 46 couertitur:
623 2729 103 46 sed
682 2729 192 46 conuersio
829 2729 103 46 non
888 2729 133 46 addit
977 2729 162 46 aliquam
1095 2729 88 46 re
1124 2729 177 46 absolutam,

441 2764 123 53 quia
518 2764 139 53 alias
610 2764 154 53 corpus
718 2764 170 53 Christi
842 2764 154 53 toties
950 2764 201 53 mutaretur
1104 2764 185 53 secundum
1228 2764 77 53 en-

435 2802 170 46 titates
558 2802 217 46 absolutas,
729 2802 170 46 quoties
852 2802 93 46 in
899 2802 139 46 ipsum
992 2802 170 46 virtute
1100 2802 201 46 sacramenta-

439 2846 128 46 lium
519 2846 192 46 verborum
663 2846 241 46 conuertitur
856 2846 225 46 substantia
1032 2846 160 46 panis:
1145 2846 128 46 quod
1209 2846 96 46 omni

439 2883 103 47 no
490 2883 120 47 est
542 2883 240 47 inconueniens

483 2927 93 39 Ad
529 2927 154 39 primum
637 2927 201 39 dicendum,
791 2927 124 39 quod
869 2927 93 39 si
915 2927 216 39 intelligit
1085 2927 108 39 per
1131 2927 170 39 productum

445 2960 182 44 formalem
581 2960 182 44 terminum
717 2960 257 44 productionis,
929 2960 121 44 tunc
1005 2960 212 44 antecedens
1171 2960 106 44 est
1216 2960 76 44 fal

432 3001 118 51 sum:
506 3001 118 51 quia
580 3001 89 51 vt
624 3001 118 51 sic,
698 3001 103 51 cre
757 3001 118 51 atio
831 3001 103 51 est
890 3001 133 51 idem,
979 3001 118 51 quod
1053 3001 207 51 productum,
1200 3001 89 51 qui-

435 3041 135 47 dicit
525 3041 135 47 ipsum
615 3041 120 47 esse
690 3041 90 47 vt
735 3041 90 47 ab
780 3041 120 47 alio
855 3041 210 47 inchoatum,
1021 3041 120 47 quod
1096 3041 150 47 quidem
1201 3041 120 47 esse

442 3087 106 50 est
502 3087 181 50 formalis
638 3087 181 50 terminus
774 3087 226 50 creationis:
955 3087 121 50 esse
1030 3087 151 50 autem,
1136 3087 91 50 vt
1166 3087 136 50 inchoa

1345 257 107 46 tum
1406 257 107 46 non
1467 257 137 46 addit
1558 257 91 46 ad
1604 257 137 46 ipsum
1695 257 122 46 esse
1771 257 122 46 nisi
1848 257 137 46 solum
1939 257 198 46 respectum
2091 257 91 46 ad
2122 257 76 46 in

1308 301 211 49 choantem

1375 328 99 61 Ad
1425 328 248 61 probationem
1624 328 215 61 dicendum,
1790 328 133 61 quod
1872 328 182 61 creatio
2005 328 116 61 non
2055 328 133 61 cessar

1342 380 170 52 quantum
1465 380 93 52 ad
1512 380 124 52 rem,
1589 380 108 52 sed
1651 380 170 52 quantum
1775 380 93 52 ad
1821 380 170 52 nominis
1945 380 201 52 appellati
2084 380 108 52 onem;

1336 430 124 37 quia
1413 430 139 37 illud
1506 430 139 37 idem,
1598 430 124 37 quod
1676 430 93 37 ab
1722 430 170 37 exordio
1846 430 201 37 dicebatur
2000 430 185 37 creatio,
2124 430 77 37 cum

1343 465 120 39 esse
1418 465 105 39 rei
1478 465 120 39 fuit
1553 465 211 39 inchoatum:
1719 465 150 39 postea
1824 465 165 39 dicitur
1944 465 241 39 conseruatio,
2125 465 75 39 cum

1341 495 156 50 fuerit
1450 495 249 50 continuatum.
1653 495 156 50 Deatus
1762 495 140 50 etiam
1855 495 171 50 August.
1980 495 109 50 non
2027 495 171 50 reputaret

1336 534 239 49 inconueniens
1530 534 164 49 dicere,
1649 534 119 49 quod
1724 534 179 49 creatura
1858 534 179 49 continue
1992 534 179 49 creatur:
2111 534 75 49 si-

1341 579 120 36 cut.
1416 579 90 36 nm
1461 579 135 36 lumen
1551 579 135 36 aeris
1641 579 105 36 non
1701 579 150 36 potest
1805 579 165 36 manere,
1925 579 120 36 nisi
2000 579 90 36 ad
2030 579 165 36 continuam

1340 615 225 47 praesentiam
1520 615 150 47 Solis:
1625 615 120 47 ideo
1700 615 105 47 aer
1760 615 105 47 non
1820 615 135 47 solum
1910 615 195 47 praesente
2060 615 120 47 Sole
2120 615 90 47 dici

1337 647 102 54 tur
1396 647 233 54 illuminatus,
1585 647 102 54 sed
1643 647 131 54 etiam
1731 647 175 54 continue
1862 647 160 54 dicitur
1978 647 218 54 illuminari,
2138 647 73 54 sic

1336 701 116 38 quia
1409 701 175 38 creatura
1540 701 87 38 ad
1584 701 131 38 ictum
1671 701 131 38 oculi
1759 701 102 38 non
1817 701 146 38 potest
1919 701 218 38 subsistere,
2094 701 116 38 nisi
2152 701 58 38 a-

1336 731 148 47 ctione
1440 731 103 47 sui
1499 731 192 47 creatoris
1646 731 236 47 sustentetur:
1838 731 118 47 ideo
1912 731 118 47 Aug.
1985 731 133 47 super
2074 731 118 47 Sen.
2133 731 59 47 ad

1334 771 195 52 litteram
1480 771 114 52 non
1545 771 146 52 solum
1642 771 114 52 ait
1707 771 211 52 creaturam
1869 771 130 52 esse
1951 771 195 52 creatam,
2080 771 114 52 verum

1337 814 139 48 etiam
1429 814 185 48 continue
1568 814 139 48 dicit
1661 814 108 48 eam
1707 814 139 48 creari.

1374 851 104 46 Ad
1426 851 208 46 secundum
1581 851 138 46 nego
1668 851 311 46 consequentiam.
1927 851 104 46 Ad
1962 851 225 46 probationem

1336 874 123 56 dico,
1418 874 109 56 quod
1486 874 150 56 quamuis
1595 874 95 56 ea,
1649 874 109 56 quae
1718 874 109 56 sunt
1786 874 163 56 diuersis
1908 874 177 56 absolutis
2044 874 123 56 eade,
2112 874 82 56 sint

1343 925 155 42 diuersa
1456 925 127 42 inter
1540 925 99 42 se:
1597 925 127 42 tamen
1681 925 85 42 si
1724 925 155 42 aliquid
1836 925 169 42 vicissim
1963 925 99 42 est
2020 925 113 42 idem
2076 925 113 42 diuer-

1339 965 100 45 sis
1396 965 228 45 respectibus;
1581 965 100 45 non
1638 965 171 45 oportet,
1766 965 114 45 quod
1837 965 100 45 sit
1894 965 171 45 diuersum
2022 965 85 45 in
2065 965 100 45 se,
2108 965 85 45 eade

1341 1011 73 47 n
1371 1011 146 47 albedo
1473 1011 146 47 potest
1575 1011 161 47 fundare
1692 1011 175 47 diuersas
1824 1011 205 47 relationes
1984 1011 190 47 vicissim,
2116 1011 73 47 uel

1336 1045 130 42 etiam
1422 1045 159 42 simul,a
1538 1045 145 42 quibus
1640 1045 101 42 non
1698 1045 159 42 differt
1813 1045 188 42 realiter;
1958 1045 159 42 quamuis
2074 1045 116 42 ipsa
2132 1045 58 42 in

1342 1083 85 49 se
1384 1083 99 49 sit
1440 1083 113 49 vna,
1511 1083 70 49 &
1539 1083 225 49 indistincta.
1722 1083 99 49 cum
1779 1083 141 49 igitur
1877 1083 155 49 creatio
1990 1083 127 49 super
2074 1083 113 49 esse
2131 1083 70 49 rei

1334 1121 109 45 non
1397 1121 140 45 addat
1490 1121 125 45 nisi
1568 1121 218 45 respectum,
1740 1121 125 45 ideo
1803 1121 62 45 &c

1375 1161 98 52 Ad
1424 1161 180 52 tertium
1554 1161 131 52 nego
1636 1161 245 52 antecedens.
1832 1161 98 52 Ad
1881 1161 245 52 probationem
2061 1161 131 52 dicen-

1331 1201 131 41 dum,
1412 1201 131 41 quod
1494 1201 180 41 quamuis
1625 1201 196 41 secundum
1773 1201 245 41 philosophum
1969 1201 115 41 non
2034 1201 147 41 omnia
2116 1201 82 41 di-

1338 1239 152 42 cantur
1444 1239 183 42 relatiue
1581 1239 198 42 relatione
1733 1239 137 42 mutua
1825 1239 91 42 ad
1870 1239 91 42 se
1916 1239 183 42 inuicem;
2038 1239 152 42 philoso-

1348 1281 129 45 phus
1429 1281 146 45 tamen
1526 1281 113 45 non
1590 1281 162 45 negat,
1704 1281 129 45 quin
1785 1281 129 45 omne
1865 1281 210 45 productum
2011 1281 178 45 referatur

1335 1322 91 41 ad
1380 1322 121 41 suum
1456 1322 212 41 producens,
1622 1322 91 41 vt
1667 1322 151 41 patet.
1773 1322 91 41 5.
1803 1322 197 41 metaphysic.

1451 1390 603 82 ARTICVLVS
1868 1390 186 82 IR

1420 1475 168 88 Vtrum
1532 1475 168 88 Anima
1644 1475 299 88 intellectiua
1868 1475 224 88 producatur

1568 1545 121 63 per
1637 1545 156 63 solam
1724 1545 225 63 creationem.

1404 1634 193 53 VANTVM
1539 1634 116 53 ad
1597 1634 232 53 secundum
1770 1634 251 53 articulum
1963 1634 154 53 dico
2041 1634 154 53 breui-

1326 1678 180 41 TAter;
1452 1678 144 41 quod
1542 1678 162 41 anima
1651 1678 289 41 intellectiua
1885 1678 253 41 producitur
2084 1678 144 41 sola

1321 1705 196 55 creatione.

1430 1746 119 59 Quia
1505 1746 134 59 forma
1594 1746 253 59 substantialis
1803 1746 104 59 non
1862 1746 209 59 educibilis
2026 1746 89 59 de
2056 1746 134 59 materia

1333 1793 100 45 est
1390 1793 115 45 sola
1462 1793 187 45 creatione
1605 1793 244 45 producibilis:
1806 1793 100 45 sed
1864 1793 129 45 anima
1950 1793 230 45 intellectiua
2122 1793 72 45 est

1335 1830 218 58 huiusmodi,
1507 1830 125 58 ergo
1585 1830 109 58 &c.
1647 1830 140 58 Maior
1740 1830 156 58 patet,
1849 1830 109 58 sed
1912 1830 140 58 minor
2005 1830 171 58 probata
2114 1830 78 58 est

1324 1867 160 51 superius.

1345 1913 77 52 2
1375 1913 217 52 Praeterea,
1546 1913 124 52 omne
1623 1913 217 52 generabile
1793 1913 108 52 est
1855 1913 263 52 corruptibile:
2072 1913 108 52 sed
2119 1913 77 52 ani

1341 1947 86 44 ma
1384 1947 228 44 intellectiua
1569 1947 100 44 est
1626 1947 286 44 incorruptibilis,
1869 1947 114 44 ergo
1940 1947 71 44 &
1955 1947 228 44 ingenerabilis;

1334 1989 76 57 &
1364 1989 106 57 per
1425 1989 213 57 consequens
1592 1989 137 57 solum
1683 1989 213 57 creabilis.
1850 1989 137 57 Maior
1941 1989 137 57 patet
2032 1989 137 57 primo
2108 1989 76 57 cel

1335 2025 142 50 minor
1430 2025 142 50 patet
1524 2025 95 50 3.
1572 2025 95 50 de
1603 2025 126 50 anima.

1405 2062 199 60 Preterea,
1558 2062 153 60 forma,
1664 2062 122 60 quae
1741 2062 92 60 ab
1787 2062 138 60 extra
1878 2062 107 60 per
1940 2062 138 60 agens
2016 2062 168 60 separatum

1342 2112 239 41 ntroducitur,
1536 2112 119 41 illa
1610 2112 179 41 creatur:
1745 2112 134 41 anima
1834 2112 239 41 intellectiua
2028 2112 104 41 est
2073 2112 119 41 huius-

1336 2148 133 47 modi,
1425 2148 118 47 quia
1499 2148 133 47 Aris.
1587 2148 89 47 1.
1631 2148 89 47 de
1676 2148 103 47 gen
1735 2148 192 47 animalium
1882 2148 148 47 dicit,
1985 2148 118 47 quod
2059 2148 133 47 solus
2133 2148 59 47 in

1336 2184 184 59 tellectus
1477 2184 99 59 est
1534 2184 85 59 ab
1576 2184 141 59 extra,
1675 2184 113 59 quia
1746 2184 113 59 sibi
1816 2184 170 59 conuenit
1944 2184 170 59 operatio
2057 2184 127 59 separa-

1336 2219 94 53 ta,
1389 2219 160 53 scilicet
1496 2219 187 53 intelligere.

1369 2256 109 54 Sed
1432 2256 218 54 contrarium
1603 2256 156 54 istius
1712 2256 249 54 conclusionis
1915 2256 140 54 ponit
2009 2256 156 54 quedam
2102 2256 78 54 opi

1336 2298 101 55 nio
1393 2298 72 55 a
1422 2298 144 55 sancta
1523 2298 130 55 matre
1610 2298 173 55 ecclesia
1740 2298 216 55 condemnata,
1913 2298 115 55 quae
1985 2298 202 55 ascribitur
2129 2298 58 55 Ci

1335 2337 147 52 rillo,
1438 2337 73 52 &
1467 2337 249 52 Luciferianis,
1673 2337 103 52 qui
1731 2337 176 52 dicebant
1863 2337 147 52 animam
1966 2337 205 52 rationalem
2113 2337 73 52 cum

1334 2388 218 43 corporibus
1505 2388 109 43 per
1568 2388 155 43 coitum
1676 2388 202 43 seminari.
1832 2388 186 43 Poterant
1971 2388 140 43 autem
2065 2388 124 43 isti
2127 2388 62 43 mo

1347 2414 113 52 ieri
1417 2414 99 52 his
1460 2414 141 52 motiuis,

1422 2457 123 62 Quia
1499 2457 123 62 homo
1576 2457 108 62 est
1638 2457 123 62 homo
1715 2457 108 62 per
1776 2457 154 62 animam
1884 2457 231 62 rationalem:
2070 2457 93 62 si
2100 2457 93 62 igi-

1333 2488 111 63 tur
1397 2488 143 63 talis
1492 2488 143 63 anima
1588 2488 111 63 non
1651 2488 223 63 producitur
1826 2488 111 63 per
1890 2488 270 63 generationem,
2097 2488 95 63 tunc

1326 2541 107 40 non
1387 2541 153 40 posset
1494 2541 122 40 vere
1570 2541 137 40 dici,
1662 2541 122 40 quod
1738 2541 122 40 homo
1814 2541 244 40 generaretur,

1350 2566 73 59 2
1380 2566 203 59 Praeterea,
1539 2566 102 59 cum
1597 2566 145 59 corpus
1699 2566 160 59 hominis
1815 2566 174 59 accipiat
1946 2566 116 59 esse
2019 2566 102 59 per
2077 2566 145 59 actio

1326 2622 108 47 nem
1387 2622 231 47 generantis,
1572 2622 93 47 si
1619 2622 139 47 anima
1711 2622 108 47 non
1773 2622 170 47 caperet
1896 2622 123 47 esse
1973 2622 108 47 per
2019 2622 170 47 huiusmodi

1329 2655 194 53 actionem:
1478 2655 119 53 tunc
1552 2655 89 53 in
1597 2655 149 53 homine
1701 2655 134 53 esset
1791 2655 149 53 duplex
1895 2655 134 53 esse,
1984 2655 74 53 &
2014 2655 104 53 per
2059 2655 119 53 conse-

1332 2695 139 50 quens
1424 2695 93 50 ex
1470 2695 108 50 ani
1532 2695 93 50 ma
1578 2695 77 50 &
1609 2695 170 50 corpore
1733 2695 108 50 non
1794 2695 154 50 fieret
1902 2695 123 50 vnum
1964 2695 216 50 simpliciter,

1401 2728 207 61 Praeterea,
1564 2728 148 61 cuanto
1668 2728 193 61 producens
1816 2728 104 61 est
1875 2728 222 61 perfectius,
2053 2728 133 61 tanto
2127 2728 59 61 ma

1339 2765 84 53 is
1381 2765 168 53 producit
1507 2765 112 53 sibi
1576 2765 154 53 simile:
1688 2765 112 53 quia
1758 2765 84 53 vt
1800 2765 154 53 dicitur
1912 2765 84 53 4.
1954 2765 168 53 metheor,
2065 2765 112 53 perfe-

1324 2815 117 48 ctum
1397 2815 204 48 vnuquodque
1558 2815 117 48 est,
1630 2815 102 48 cum
1689 2815 146 48 potest
1791 2815 117 48 sibi
1863 2815 146 48 simile
1965 2815 189 48 generare,
2111 2815 102 48 sed

1329 2845 196 64 clementa,
1479 2845 120 64 quae
1555 2845 120 64 sunt
1630 2845 256 64 imperfectiora
1841 2845 120 64 ipso
1916 2845 166 64 homine,
2021 2845 166 64 producunt

1337 2886 118 53 sibi
1411 2886 148 53 simile
1515 2886 89 53 in
1559 2886 163 53 materia
1677 2886 74 53 &
1707 2886 148 53 forma:
1810 2886 118 53 ergo
1884 2886 74 53 &
1914 2886 118 53 homo
1988 2886 163 53 generat
2091 2886 89 53 sibi

1324 2924 172 45 simile
1444 2924 206 45 secundum
1599 2924 206 45 materiam
1753 2924 86 45 &
1770 2924 155 45 formam.

1406 2966 227 58 Praeterea,
1584 2966 146 58 agens
1681 2966 195 58 vniuocum
1827 2966 113 58 dat
1892 2966 178 58 formam,
2022 2966 81 58 &
2038 2966 146 58 speciem

1328 3003 122 51 ipsi
1404 3003 167 51 genito:
1526 3003 107 51 sed
1586 3003 122 51 homo
1663 3003 183 51 generans
1800 3003 167 51 hominem
1921 3003 107 51 est
1982 3003 137 51 agens
2058 3003 122 51 vniuo-

1325 3053 106 39 cum
1385 3053 106 39 cum
1446 3053 106 39 sit
1506 3053 166 39 eiusdem
1627 3053 257 39 diffinitionis
1838 3053 106 39 cum
1899 3053 121 39 ipso
1959 3053 136 39 genito.

1385 3080 205 71 Praeterea,
1547 3080 117 71 Sen.
1620 3080 103 71 48.
1679 3080 161 71 dicitur
1796 3080 176 71 Cunctae,
1928 3080 161 71 animae,
2045 3080 117 71 quae
2104 3080 73 71 in
