2408 3559
225 278 184 77 Secunda
359 278 218 77 conclusio
527 278 134 77 est,
611 278 134 77 quod
694 278 117 77 per
761 278 151 77 donum
862 278 184 77 gratiae
979 278 134 77 nature

226 343 279 46 superadditum,
455 343 131 46 Deus
537 343 164 46 potest
652 343 164 46 sacere
767 343 181 46 aliquam
899 343 213 46 creaturam
1046 343 66 46 im

253 381 226 53 peccabilem.
434 381 121 53 Quia
509 381 151 53 illud,
615 381 121 53 quod
690 381 226 53 immobilitat
871 381 166 53 animam,
991 381 106 53 uel
1037 381 75 53 An-

252 430 138 37 gelum
344 430 92 37 in
390 430 138 37 bono,
482 430 107 37 seu
543 430 92 37 in
589 430 230 37 virturibus,
773 430 107 37 hoc
834 430 153 37 reddit
941 430 107 37 eum
987 430 123 37 impec-

243 465 178 40 cabilem:
377 465 104 40 sed
436 465 208 40 abundantia
600 465 163 40 gratiae
719 465 163 40 diuinae
838 465 163 40 maxime,
956 465 89 40 vt
986 465 119 40 consun

241 501 124 41 mata
318 501 93 41 in
364 501 170 41 patria,
488 501 232 41 immobilitat
674 501 155 41 animam
783 501 93 41 in
829 501 139 41 bono,
922 501 124 41 quia
984 501 124 41 replet

250 537 91 44 in
295 537 136 44 bonis
386 537 121 44 omne
462 537 212 44 desiderium
629 537 136 44 eius.
720 537 152 44 igitur
826 537 167 44 quamuis
947 537 91 44 in
993 537 106 44 via
1038 537 61 44 si

237 576 114 48 mus
302 576 196 48 mobiles,
449 576 82 48 &
481 576 114 48 per
547 576 228 48 consequens
726 576 163 48 aliquo
840 576 130 48 modo
905 576 196 48 peccabiles

239 618 90 38 in
284 618 150 38 patria
389 618 135 38 tamen
480 618 150 38 erimus
585 618 105 38 per
645 618 105 38 Dei
705 618 165 38 gratiam
825 618 90 38 in
870 618 180 38 moribus,
1006 618 75 38 &
1021 618 75 38 vir

244 655 156 43 tutibus
358 655 185 43 totaliter
500 655 199 43 stabiliti,
656 655 156 43 Propter
770 655 114 43 quod
841 655 100 43 ait
898 655 156 43 August.
1011 655 85 43 in
1040 655 71 43 li-

239 698 112 44 bro
303 698 128 44 conf
383 698 96 44 Ad
431 698 96 44 te
479 698 176 44 fecisti
607 698 112 44 nos
671 698 176 44 domine,
799 698 80 44 &
831 698 208 44 inquietum
991 698 112 44 est
1039 698 80 44 con

251 734 160 50 nostrum
368 734 131 50 donec
455 734 203 50 requiescat
615 734 87 50 in
658 734 102 50 te.
717 734 87 50 Et
760 734 87 50 in
804 734 131 50 eodem
891 734 131 50 libro
978 734 102 50 ait
1022 734 87 50 Deo,

235 775 111 40 Cum
299 775 127 40 tibi
378 775 222 40 inhaesero,
553 775 175 40 exonero
680 775 111 40 me:
743 775 79 40 &
775 775 127 40 quia
854 775 111 40 tui
918 775 159 40 plenus
1029 775 111 40 non

240 812 117 52 sum,
313 812 117 52 onus
386 812 117 52 mihi
459 812 117 52 ipsi
532 812 117 52 sum.
605 812 131 52 Etiam
692 812 131 52 citra
780 812 160 52 gloriam
896 812 160 52 patriae
998 812 117 52 posset

243 852 115 37 esse
315 852 130 37 tanta
401 852 201 37 abundantia
559 852 173 37 gratiae,
689 852 115 37 quod
761 852 173 37 creatura
890 852 187 37 totaliter
1020 852 86 37 fic-

239 891 102 50 ret
298 891 247 50 impeccabilis,
501 891 87 50 vt
545 891 175 50 apparuit
676 891 87 50 in
719 891 131 50 Deata
807 891 175 50 virgine,
937 891 116 50 quae
996 891 116 50 redum-

238 933 151 48 dantia
344 933 166 48 diuinae
465 933 166 48 gratiae
586 933 106 48 nec
646 933 151 48 potuit
752 933 166 48 peccare
873 933 227 48 mortaliter,
1039 933 76 48 nec

174 968 506 50 venialiter.

240 1008 102 42 Sed
299 1008 131 42 sorte
386 1008 174 42 dicetur,
516 1008 116 42 quod
589 1008 116 42 ista
662 1008 189 42 conclusio
807 1008 160 42 secunda
923 1008 174 42 destruit
1039 1008 73 42 pri

243 1050 123 51 mam.
319 1050 123 51 Quia
396 1050 123 51 Deus
473 1050 154 51 potest
581 1050 169 51 facere,
704 1050 123 51 quod
780 1050 123 51 illa
857 1050 154 51 forma,
965 1050 123 51 quae
1026 1050 77 51 ess

249 1092 140 46 gratia
347 1092 84 46 in
389 1092 98 46 vna
444 1092 181 46 creatura,
584 1092 98 46 sit
640 1092 126 46 forma
723 1092 181 46 naturalis
863 1092 84 46 in
905 1092 112 46 alia
961 1092 140 46 creatura

240 1129 89 47 Si
285 1129 149 47 igitur
389 1129 104 47 per
448 1129 163 47 formam,
567 1129 119 47 quae
641 1129 104 47 est
701 1129 163 47 gratia,
820 1129 119 47 Deus
894 1129 149 47 potest
983 1129 119 47 facert

248 1167 204 46 creaturam
405 1167 267 46 impeccabilem,
625 1167 141 46 prout
720 1167 94 46 tu
767 1167 141 46 dicis
861 1167 94 46 in
908 1167 173 46 secunda
1018 1167 79 46 con

250 1209 194 48 clusione,
400 1209 194 48 sequitur,
549 1209 120 48 quod
624 1209 105 48 hoc
684 1209 149 48 possit
788 1209 105 48 per
848 1209 149 48 formam
938 1209 164 48 naturalem

241 1248 80 42 &
273 1248 112 42 per
337 1248 224 42 consequens
513 1248 144 42 talis
609 1248 192 42 creatura
754 1248 144 42 habes
850 1248 144 42 talem
930 1248 176 42 naturalem

248 1288 174 43 formam,
374 1288 126 43 erit
453 1288 237 43 naturaliter
643 1288 268 43 impeccabilis,
864 1288 126 43 quod
942 1288 110 43 est
990 1288 126 43 contra

223 1325 404 52 primam
465 1325 605 52 conclusionem.

246 1360 224 54 Respondeo
418 1360 120 54 per
487 1360 310 54 interemptionem
745 1360 206 54 maioris:
900 1360 138 54 quia
968 1360 138 54 illud;

246 1405 121 42 quod
321 1405 106 42 est
382 1405 151 42 gratia
487 1405 91 42 in
533 1405 106 42 vna
593 1405 196 42 creatura,
744 1405 181 42 loquendo
880 1405 166 42 proprie
1000 1405 91 42 de
1031 1405 75 42 ha-

244 1441 114 46 bitu
315 1441 171 46 gratiae,
443 1441 85 46 in
486 1441 128 46 nulla
571 1441 171 46 creatura
699 1441 142 46 potest
799 1441 114 46 esse
870 1441 157 46 natura,
984 1441 114 46 quia
1041 1441 71 46 cum

252 1480 138 48 gratia
349 1480 83 48 in
390 1480 96 48 suo
445 1480 165 48 perfecto
569 1480 110 48 esse
638 1480 96 48 sit
693 1480 110 48 ipsa
762 1480 138 48 gloria
858 1480 151 48 animae,
968 1480 96 48 seu
1010 1480 96 48 ipsum

247 1522 124 49 lumen
330 1522 166 49 gloriae,
454 1522 138 49 igitur
551 1522 83 49 si
592 1522 138 49 gratia
689 1522 83 49 in
730 1522 138 49 aliqua
827 1522 166 49 creatura
951 1522 124 49 esset
1020 1522 83 49 for-

247 1563 86 48 ma
290 1563 201 48 naturalis,
448 1563 129 48 talis
534 1563 172 48 creatura
663 1563 86 48 ex
706 1563 115 48 suis
778 1563 129 48 puris
864 1563 215 48 naturalibus
1022 1563 86 48 pos-

247 1601 101 45 set
304 1601 115 45 esse
376 1601 173 45 perfecte
506 1601 144 45 beata,
607 1601 115 45 quod
679 1601 101 45 est
736 1601 231 45 impossibile;
924 1601 101 45 cum
981 1601 101 45 hoc
1025 1601 86 45 soli

237 1638 140 53 Deo
317 1638 300 53 dignoscatur
537 1638 240 53 conuenire.

263 1678 106 48 Ad
316 1678 248 48 argumentum
512 1678 248 48 principale
707 1678 142 48 nego
796 1678 319 48 consequentiam.
1044 1678 71 48 Ad

256 1721 217 47 probationem
429 1721 188 47 dicendum,
574 1721 116 47 quod
647 1721 217 47 remissibile
820 1721 72 47 &
849 1721 246 47 irremissibile
1038 1721 72 47 non

250 1767 176 41 dicuntur
382 1767 88 41 de
426 1767 132 41 ipsis
514 1767 176 41 peccatis
646 1767 161 41 ratione
763 1767 176 41 infiniti
895 1767 176 41 excessus
1012 1767 103 41 vnius

249 1799 89 43 ad
294 1799 177 43 alterum,
426 1799 103 43 sed
486 1799 162 43 ratione
604 1799 177 43 alterius
737 1799 162 43 status:
855 1799 118 43 idem
929 1799 118 43 enim
988 1799 118 43 pecca-

258 1833 107 46 tum
319 1833 168 46 eiusdem
441 1833 213 46 peccatoris
608 1833 168 46 dicitur
730 1833 244 46 remissibile,
928 1833 168 46 quamdiu
1035 1833 76 46 fue

252 1873 99 45 rit
309 1873 85 45 in
351 1873 114 45 via:
422 1873 71 45 &
451 1873 256 45 irremissibile,
664 1873 99 45 cum
720 1873 99 45 via
777 1873 114 45 tota
848 1873 213 45 pertransita
1004 1873 114 45 fuerit

256 1915 89 49 in
301 1915 178 49 termino,
434 1915 119 49 quia
509 1915 163 49 quamdiu
628 1915 178 49 peccator
761 1915 104 49 est
821 1915 89 49 in
865 1915 119 49 via,
940 1915 104 49 non
984 1915 134 49 desinit

248 1952 128 54 Deus
328 1952 112 54 per
392 1952 128 54 suam
471 1952 271 54 misericordiam
694 1952 159 54 facere
806 1952 175 54 aliquos
934 1952 175 54 impetus
1045 1952 64 54 in

257 1993 148 47 anima
355 1993 247 47 peccatoris,
553 1993 181 47 ratione
684 1993 165 47 quorum
799 1993 165 47 motuum
915 1993 132 47 ipsa
980 1993 132 47 svnde-

254 2031 143 45 resis
349 2031 222 45 peccatorem
524 2031 206 45 remordet,
682 2031 174 45 propter
809 2031 127 45 quem
888 2031 190 45 remorsum
1015 2031 95 45 quan

248 2071 140 48 doque
342 2071 187 48 peccator
482 2071 234 48 considerans
669 2071 109 48 sua
732 2071 187 48 delicta,
872 2071 218 48 cooperante
1028 2071 78 48 sib

249 2116 160 48 gratiam
366 2116 146 48 diuina
468 2116 146 48 potest
570 2116 131 48 agere
657 2116 233 48 poenitentiam
847 2116 87 48 de
890 2116 189 48 peccatis.
1022 2116 87 48 Poss

246 2161 152 43 mortem
352 2161 137 43 vero,
444 2161 107 43 cum
504 2161 183 43 peccator
641 2161 152 43 fuerit
748 2161 91 43 in
794 2161 183 43 termino,
930 2161 107 43 non
991 2161 107 43 est
1037 2161 76 43 ra-

244 2186 138 56 rioni
336 2186 199 56 consonum,
489 2186 92 56 vt
534 2186 184 56 vlterius
672 2186 168 56 talibus
795 2186 199 56 impetibus
948 2186 199 56 moueatur,

248 2233 178 47 propter
377 2233 130 47 quod
458 2233 130 47 suum
539 2233 194 47 peccatum
685 2233 97 47 ex
734 2233 130 47 tunc
815 2233 97 47 in
863 2233 243 47 sempiternum
1041 2233 65 47 in

258 2277 236 44 remissibile
447 2277 236 44 perseuerat.
636 2277 95 44 Et
684 2277 126 44 quia
762 2277 189 44 secundum
904 2277 110 44 Dam
951 2277 158 44 ascenum,

253 2310 119 43 quod
327 2310 104 43 est
387 2310 89 43 in
431 2310 193 43 hominibus
580 2310 134 43 mors,
669 2310 104 43 hoc
729 2310 119 43 fuit
803 2310 89 43 in
848 2310 134 43 malis
937 2310 163 43 angelis
1041 2310 74 43 ca-

250 2350 119 42 sus:
324 2350 119 42 ideo
398 2350 104 42 non
458 2350 104 42 est
517 2350 148 42 simile
621 2350 89 42 de
665 2350 163 42 peccato
784 2350 178 42 hominis,
917 2350 74 42 &
947 2350 89 42 de
977 2350 133 42 peccato

250 2388 183 47 demonis,
387 2388 122 47 nisi
463 2388 213 47 accipiatur
630 2388 183 47 peccatum
767 2388 167 47 hominis
889 2388 167 47 mortui,
1011 2388 107 47 qui
1056 2388 61 47 si

260 2422 85 54 ne
302 2422 212 54 poenitentia
471 2422 169 54 decessit
598 2422 85 54 in
641 2422 155 54 peccato
753 2422 169 54 mortali,
880 2422 113 54 quia
951 2422 127 54 sicut
1021 2422 99 54 talis

267 2470 119 41 nomo
341 2470 104 41 non
401 2470 104 41 est
460 2470 89 41 in
504 2470 119 41 via,
578 2470 104 41 sed
638 2470 89 41 in
682 2470 178 41 termino:
816 2470 104 41 sic
875 2470 119 41 ipse
949 2470 148 41 daemon
1038 2470 74 41 im-

267 2501 162 51 mediate
385 2501 162 51 peracto
503 2501 176 51 peccato,
635 2501 103 51 non
694 2501 118 51 fuit
767 2501 176 51 vlterius
899 2501 88 51 in
944 2501 118 51 uia,
1017 2501 103 51 sed
1061 2501 59 51 in

262 2544 202 53 termino,
414 2544 135 53 ergo
481 2544 67 53 &c

353 2620 537 81 DISTINCTIO
736 2620 269 81 SNVLI

251 2702 146 85 Satis
348 2702 210 85 perspicua
510 2702 146 85 huius
607 2702 210 85 tractatus
768 2702 178 85 diuisio
898 2702 81 85 n
930 2702 113 85 quo
995 2702 97 85 de
1027 2702 81 85 pre

312 2770 150 62 sidio
413 2770 167 62 contra
529 2770 200 62 peccatum
680 2770 150 62 primi
780 2770 200 62 parentis
914 2770 150 62 agitur.

558 2850 183 54 VNC
663 2850 393 54 DILIGENTER.
951 2850 157 54 Post

592 2898 128 49 quam
672 2898 192 49 Magister
816 2898 257 49 determinauit
1025 2898 96 49 de
1057 2898 64 49 ip

595 2934 93 49 sa
641 2934 232 49 tentatione,
827 2934 108 49 qua
889 2934 155 49 primus
997 2934 124 49 homo
1059 2934 62 49 in

594 2973 141 54 cidit
688 2973 94 54 in
736 2973 204 54 peccatum.
893 2973 110 54 Hic
955 2973 173 54 tractat
1065 2973 63 54 de

591 3010 209 52 adiutorio
752 3010 161 52 contra
865 3010 209 52 huiusmodi
1009 3010 113 52 pecca

589 3050 111 42 tum
652 3050 79 42 a
684 3050 111 42 Deo
747 3050 221 42 sibidatum.
921 3050 95 42 Et
953 3050 174 42 diuiditur

591 3091 92 50 in
637 3091 123 50 duas
714 3091 170 50 partes;
837 3091 108 50 nam
899 3091 139 50 primo
976 3091 154 50 tractat.

591 3132 102 57 de
642 3132 221 57 adiutorio
812 3132 255 57 naturaliter
998 3132 136 57 homini

1140 289 178 58 collato,
1273 289 118 58 puta
1347 289 89 58 de
1392 289 148 58 libero
1496 289 192 58 arbitrio,
1644 289 104 58 quo
1703 289 118 58 homo
1777 289 163 58 potuit,
1895 289 89 58 si
1925 289 74 58 uo-

1140 340 133 47 luit,
1229 340 104 47 non
1288 340 192 47 deficere.
1436 340 163 47 Secundo
1555 340 89 47 de
1599 340 192 47 adiutorio
1732 340 267 47 supernaturaliter

1139 384 96 50 ei
1187 384 160 50 dando,
1299 384 112 50 seu
1363 384 240 50 conferendo,
1555 384 112 50 quo
1619 384 208 50 potuisset
1779 384 112 50 non
1843 384 144 50 solum
1923 384 80 50 non

1144 421 180 43 deficere,
1283 421 125 43 verum
1366 421 111 43 etam
1435 421 83 43 in
1476 421 180 43 meritorio
1615 421 111 43 bono
1684 421 166 43 pficere,
1808 421 111 43 Haec
1877 421 97 43 est
1919 421 83 43 gra-

1140 457 110 57 tia
1203 457 173 57 operas,
1329 457 79 57 &
1361 457 205 57 cooperans
1518 457 142 57 Prima
1612 457 94 57 in
1660 457 142 57 duas;
1754 457 110 57 nam
1817 457 142 57 primo
1896 457 110 57 Magi-

1144 499 114 53 ster
1215 499 186 53 dterminat
1358 499 86 53 de
1401 499 143 53 illius
1501 499 186 53 naturalis
1643 499 186 53 adiutorij
1786 499 200 53 potestate.
1929 499 71 53 Se-

1139 541 142 43 cundo
1234 541 95 43 de
1282 541 174 43 eiusdem
1408 541 206 43 adiutorij
1567 541 206 43 libertate
1725 541 127 43 ibi.
1804 541 111 43 lam
1867 541 127 43 vero
1931 541 63 43 ac

1155 575 214 43 propositum
1323 575 138 43 Prima
1415 575 92 43 in
1461 575 138 43 duas,
1553 575 107 43 nam
1614 575 138 43 primo
1706 575 199 43 ostendit,
1859 575 123 43 quod
1920 575 77 43 pri

1143 615 113 48 mis
1207 615 226 48 parentibus
1385 615 161 48 contra
1497 615 193 48 peccatum
1642 615 81 48 a
1675 615 113 48 Deo
1739 615 129 48 fuit
1820 615 145 48 datum
1900 615 97 48 suf-

1137 651 195 52 ficiens
1279 651 266 52 adiutorium.
1492 651 195 52 Secundo
1634 651 231 52 huiusmodi
1794 651 213 52 adiutorium

1138 695 200 48 appellat
1289 695 184 48 liberum
1422 695 234 48 arbitrium;
1606 695 134 48 ibi;
1689 695 117 48 Hic
1740 695 251 48 considerandum

1136 734 132 44 est.
1218 734 148 44 Prima
1316 734 99 44 in
1366 734 148 44 tres,
1464 734 132 44 quia
1547 734 148 44 primo
1645 734 214 44 ostendit,
1810 734 132 44 quod
1892 734 132 44 homo
1958 734 49 44 a

1148 776 202 54 principio
1304 776 140 54 bonam
1397 776 156 54 habuit
1506 776 233 54 voluntatem,
1693 776 124 54 quia
1771 776 156 54 stare,
1864 776 140 54 quamuis

1144 813 121 51 non
1213 813 243 51 proficere,
1404 813 191 51 potuit.
1543 813 191 51 Secundo
1682 813 226 51 inquirit,
1838 813 156 51 quomodo

1140 849 133 47 talis
1229 849 177 47 voluntas
1362 849 118 47 bona
1436 849 118 47 dici
1510 849 163 47 potuit,
1628 849 104 47 qua
1687 849 222 47 proficiendo
1865 849 133 47 bonum
1939 849 59 47 me

1141 890 113 47 reri
1211 890 99 47 non
1268 890 141 47 valuit
1366 890 141 47 Tertio
1465 890 141 47 contra
1563 890 99 47 ea,
1620 890 113 47 quae
1690 890 141 47 dixit,
1789 890 169 47 obijcit,
1916 890 70 47 &
1930 890 70 47 sol

1149 935 120 46 uit.
1224 935 165 46 Secunda
1344 935 120 46 ibi,
1419 935 105 46 Sed
1479 935 165 46 quomodo
1599 935 165 46 rectam.
1719 935 150 46 Tertia
1824 935 120 46 ibi,
1899 935 90 46 Ad
1929 935 75 46 hoc

1131 968 154 44 autem,
1239 968 123 44 quod
1316 968 170 44 diximus
1439 968 185 44 Sequitur
1578 968 123 44 illa
1655 968 139 44 pars,
1747 968 108 44 Hic
1794 968 200 44 consideran-

1138 1009 101 51 dum
1195 1009 116 51 est.
1268 1009 87 51 Et
1311 1009 188 51 diuiditur
1456 1009 87 51 in
1500 1009 130 51 duas;
1586 1009 101 51 nam
1644 1009 130 51 primo
1731 1009 203 51 specificat
1876 1009 116 51 praedi

1143 1049 124 49 ctam
1220 1049 140 49 primi
1313 1049 171 49 hominis
1437 1049 233 49 potestatem,
1623 1049 171 49 Secundo
1747 1049 186 49 assignat
1871 1049 124 49 portio

1135 1088 131 47 num,
1217 1088 82 47 &
1250 1088 246 47 potentiarum
1447 1088 164 47 animae
1562 1088 181 47 quandam
1693 1088 279 47 diuersitatem,
1907 1088 82 47 ibi

1142 1128 128 44 Quod
1222 1128 144 44 bruta
1318 1128 192 44 animalia
1462 1128 112 44 non
1526 1128 176 44 habent.
1655 1128 96 44 Et
1703 1128 128 44 haec
1783 1128 96 44 in
1831 1128 144 44 tres;
1911 1128 80 44 nam

1139 1168 191 47 ostendit
1283 1168 207 47 huiusmodi
1442 1168 207 47 portionum
1601 1168 159 47 animae
1713 1168 271 47 diuersitatem.
1920 1168 80 47 Se-

1134 1205 134 55 cundo
1224 1205 105 55 per
1283 1205 105 55 hoc
1343 1205 194 55 describit
1492 1205 224 55 peccatricis
1672 1205 239 55 processionis
1851 1205 149 55 ordinem.

1147 1242 143 48 Tertio
1247 1242 243 48 assignationis
1446 1242 200 48 praedictae
1603 1242 228 48 diuersitatis
1789 1242 143 48 reddit
1889 1242 143 48 ratio

1143 1281 132 49 nem.
1225 1281 181 49 Secunda
1356 1281 132 49 ibi,
1439 1281 148 49 lllud
1537 1281 165 49 quoque
1653 1281 329 49 praetermittendum
1916 1281 82 49 non

1139 1321 116 48 est.
1212 1321 145 48 Tertia
1314 1321 116 48 ibi,
1386 1321 116 48 Haec
1459 1321 87 48 de
1502 1321 145 48 animae
1604 1321 189 48 partibus.
1749 1321 160 48 Secunda
1865 1321 160 48 istarum

1140 1360 189 47 diuiditur
1286 1360 73 47 i
1315 1360 131 47 ntres
1403 1360 160 47 parteo;
1519 1360 117 47 quia
1592 1360 131 47 primo
1679 1360 175 47 Magister
1811 1360 189 47 describit
1942 1360 58 47 or

1136 1406 137 46 dinem
1227 1406 259 46 progressionis
1441 1406 92 46 in
1487 1406 198 46 peccatum.
1639 1406 168 46 Secundo
1761 1406 198 46 ostendit,
1898 1406 92 46 quan

1137 1447 103 44 do
1188 1447 189 44 mortale
1326 1447 206 44 peccatum
1480 1447 120 44 est
1549 1447 241 44 completum,
1738 1447 86 44 &
1755 1447 241 44 consummatum-

1148 1478 162 49 Tertio
1261 1478 146 49 ponit
1359 1478 276 49 epilogationem
1586 1478 259 49 premissorum.
1796 1478 178 49 Secunda
1910 1478 81 49 ibi

1143 1516 121 47 Nunc
1219 1516 182 47 superest
1355 1516 213 47 ostendere.
1522 1516 152 47 Tertia
1629 1516 106 47 ibi
1689 1516 106 47 Hic
1750 1516 197 47 itaquerut
1887 1516 106 47 breus

1139 1551 120 54 ter
1207 1551 189 54 summam.
1345 1551 154 54 Circa
1447 1551 137 54 hanc
1533 1551 291 54 distinctionem
1773 1551 171 54 quaero
1876 1551 120 54 istam

1118 1599 233 52 quaestionem,

1418 1713 342 84 Quaestio
1646 1713 86 84 R

1208 1836 107 84 An
1262 1836 267 84 intellectns
1475 1836 160 84 agens
1581 1836 195 84 spectet
1724 1836 107 84 ad
1759 1836 160 84 liberum

1445 1906 202 54 arbitrium

1370 2259 125 49 TRVM
1449 2259 235 49 intellectus
1637 2259 141 49 agens
1731 2259 204 49 pertineat
1887 2259 94 49 ad
1919 2259 78 49 li-

1400 2311 139 43 berum
1492 2311 216 43 arbitrium:
1662 2311 93 43 Et
1709 2311 185 43 videtur,
1848 2311 124 43 quod
1909 2311 93 43 non-

1404 2348 117 50 quia
1477 2348 175 50 potentia
1609 2348 219 50 naturaliter
1784 2348 146 50 agens,
1886 2348 73 50 &
1901 2348 102 50 neces

1394 2381 147 48 sario,
1497 2381 103 48 non
1556 2381 176 48 pertinet
1688 2381 88 48 ad
1732 2381 161 48 liberum
1835 2381 161 48 aibitrium

1400 2427 221 41 ntellectus
1574 2427 142 41 agens
1669 2427 110 41 est
1732 2427 221 41 huiusmodi.
1890 2427 110 41 Maior

1361 2457 69 52 d
1389 2457 138 52 patet:
1485 2457 110 52 quia
1554 2457 138 52 liberi
1651 2457 166 52 arbitrii
1775 2457 97 52 est
1830 2457 138 52 libere
1913 2457 83 52 age-

1146 2501 104 47 re,
1206 2501 75 47 &
1236 2501 104 47 non
1295 2501 224 47 necessario:
1474 2501 149 47 potest
1579 2501 119 47 enim
1653 2501 119 47 hoc,
1728 2501 75 47 &
1757 2501 194 47 oppositum
1892 2501 104 47 ratio

1154 2535 86 46 ne
1197 2535 114 46 suae
1268 2535 214 46 libertatis.
1439 2535 128 46 Minor
1525 2535 186 46 similiter
1667 2535 143 46 patet,
1767 2535 114 46 quia
1824 2535 186 46 intellectus

1161 2575 133 51 ngens
1250 2575 207 51 necessario
1413 2575 207 51 abstrahit,
1576 2575 74 51 &
1605 2575 192 51 illustrat
1753 2575 222 51 phantasmata
1916 2575 89 51 sibi

1154 2619 207 50 presentia,
1317 2619 74 50 &
1346 2619 103 50 non
1405 2619 148 50 potest
1508 2619 103 50 non
1567 2619 221 50 abstrahere,
1744 2619 74 50 &
1759 2619 192 50 illustrare.

1199 2657 167 50 Contra,
1320 2657 121 50 illa
1396 2657 182 50 potentia
1533 2657 182 50 pertinet
1669 2657 91 50 ad
1715 2657 167 50 liberum
1821 2657 182 50 arbitrium;

1149 2692 119 47 sine
1223 2692 104 47 qua
1283 2692 104 47 non
1342 2692 178 47 possumus
1476 2692 208 47 arbitrari:
1640 2692 223 47 intellectus
1818 2692 134 47 agens
1907 2692 104 47 est
1952 2692 59 47 hu

1146 2731 119 50 iusm
1221 2731 119 50 odi,
1295 2731 119 50 quia
1370 2731 119 50 nisi
1445 2731 164 50 virtute
1564 2731 224 50 intellectus
1743 2731 164 50 agentis
1848 2731 164 50 abstrahe-

1189 2781 169 43 rentur,
1312 2781 77 43 &
1342 2781 276 43 illustrarentur
1573 2781 246 43 phantasmata,
1772 2781 108 43 non
1818 2781 154 43 possemus

1236 2817 237 45 ratiocinari,
1428 2817 103 45 nec
1488 2817 103 45 per
1547 2817 207 45 consequens
1709 2817 207 45 arbitrari.
1857 2817 74 45 Hic

1267 2851 201 49 quattuor
1418 2851 134 49 sunt
1502 2851 201 49 videnda.
1653 2851 151 49 Primo
1753 2851 134 49 quid
1820 2851 84 49 sit

1304 2887 258 53 intellectus
1510 2887 172 53 agens.
1631 2887 189 53 Secundo
1752 2887 103 53 quid

1343 2934 237 43 intellectus
1533 2934 142 43 agens
1627 2934 190 43 efficiat
1754 2934 63 43 in

1387 2966 315 55 phantasmate.
1624 2966 157 55 Tertio

1434 3006 127 52 quid
1514 3006 175 52 liberum
1625 3006 111 52 arbi

1509 3045 140 46 trium.

1392 3084 105 47 Et
1445 3084 175 47 quarto
1568 3084 105 47 de
1621 3084 123 47 eo,
1691 3084 140 47 quod

1497 3129 191 61 quaeritur.
