2386 3546
527 322 430 84 SOI
711 322 368 84 VTIO

383 417 207 73 Intellectus
549 417 138 73 quidem
646 417 124 73 agens
728 417 179 73 naturalis
866 417 152 73 quaedam
977 417 166 73 potentia
1101 417 97 73 est
1143 417 110 73 animae

400 479 76 47 Te
438 479 127 47 aliter
527 479 76 47 ab
565 479 178 47 intellectu
705 479 165 47 porsibili
831 479 216 47 condictincta:
1009 479 140 47 liberum
1111 479 101 47 vero
1161 479 89 47 arbi-

394 520 127 48 trium
479 520 169 48 potentia
606 520 141 48 quoque
704 520 99 48 est
761 520 141 48 animae
860 520 113 48 nosi
930 520 113 48 vae,
1001 520 226 48 quandoquidem
1170 520 85 48 idem

413 555 89 56 sit
464 555 128 56 realit
554 555 89 56 er,
605 555 102 56 quod
669 555 153 56 potentia
784 555 166 56 volitiua.
911 555 192 56 Intellectus
1064 555 115 56 tamen
1128 555 128 56 agensfor

412 597 147 38 maliter
518 597 80 38 ad
558 597 147 38 liberum
665 597 173 38 arbitrium
798 597 93 38 non
851 597 187 38 sbectabit,
998 597 120 38 licet
1078 597 80 38 al
1118 597 120 38 ipsum
1185 597 53 38 re

413 632 155 48 dacatur
526 632 155 48 tamquam
638 632 99 48 id,
695 632 113 48 sine
765 632 99 48 quo
821 632 155 48 liberum
934 632 127 48 arbit
1019 632 113 48 rium
1089 632 127 48 actum
1159 632 85 48 pro-

415 680 147 52 prium
513 680 147 52 natur
611 680 164 52 aliter
726 680 196 52 exercere
873 680 180 52 nequit.

507 758 590 71 ARTICVEVS
915 758 182 71 1.

587 835 199 88 Quid
712 835 174 88 sit
811 835 374 88 intellectus
1086 835 174 88 agens

384 953 232 66 SVANTVM
552 953 126 66 ad
616 953 211 66 primum
763 953 189 66 ponam
889 953 189 66 primo
994 953 253 66 conclusio

467 990 126 47 nem
539 990 235 47 communem,
720 990 145 47 quam
810 990 163 47 credo
919 990 145 47 esse
1009 990 181 47 veram.
1118 990 126 47 Secut

392 1033 97 48 do
440 1033 193 48 recitabo
585 1033 209 48 opiniones
746 1033 225 48 contrarias
923 1033 113 48 cum
987 1033 129 48 suis
1068 1033 193 48 motiuis,
1197 1033 48 48 &

384 1070 104 46 ad
436 1070 225 46 huiusmodi
609 1070 173 46 motiua
713 1070 225 46 respondebo.

407 1109 202 47 Conclusio
563 1109 109 47 est
625 1109 140 47 haec,
719 1109 125 47 quod
797 1109 233 47 intellectus
983 1109 140 47 agens
1077 1109 109 47 est
1123 1109 125 47 quedam

397 1145 187 51 naturalis
540 1145 173 51 potentia
670 1145 144 51 animae
770 1145 173 51 realiter
900 1145 187 51 distincta
1044 1145 86 51 ab
1072 1145 173 51 intellectu

375 1186 161 57 possibili-

466 1228 117 47 Quia
539 1228 117 47 illa
613 1228 190 47 potentia,
759 1228 117 47 quae
832 1228 102 47 nec
890 1228 146 47 elicit
993 1228 132 47 actum
1066 1228 175 47 intelliger

392 1265 93 46 di,
445 1265 93 46 nec
498 1265 120 46 actum
578 1265 160 46 volendi,
698 1265 107 46 illa
765 1265 93 46 nec
818 1265 93 46 est
872 1265 200 46 intellectus
1032 1265 200 46 possibilis,
1178 1265 67 46 nec

392 1305 190 47 voluntas:
539 1305 102 47 sed
597 1305 219 47 intellectus
773 1305 132 47 agens
861 1305 102 47 nec
919 1305 146 47 elicit
1022 1305 132 47 actum
1095 1305 146 47 intelli-

396 1343 151 45 pendi,
501 1343 105 45 nec
562 1343 181 45 volendi:
697 1343 120 45 ergo
772 1343 105 45 &c.
833 1343 135 45 Maior
923 1343 151 45 patet,
1028 1343 181 45 probatio
1149 1343 105 45 mino-

381 1386 115 46 ris:
453 1386 115 46 quia
525 1386 87 46 si
568 1386 173 46 eliceret
698 1386 130 46 actum
784 1386 245 46 intelligendi,
986 1386 115 46 tunc
1044 1386 202 46 superflueret

381 1426 229 41 intellectus
564 1426 229 41 possibilis:
747 1426 92 41 Si
793 1426 137 41 autem
885 1426 183 41 eliceret
1022 1426 137 41 actum
1098 1426 153 41 volendi,

386 1463 135 48 tunc
471 1463 270 48 superflueret
690 1463 135 48 ipsa
774 1463 203 48 voluntas

407 1507 78 43 2
439 1507 218 43 Praeterea,
610 1507 172 43 faciens
735 1507 78 43 &
766 1507 172 43 patiens
891 1507 94 43 in
938 1507 125 43 omni
1016 1507 156 43 natura
1110 1507 140 43 arguunt

400 1540 186 42 potentias
543 1540 186 42 naturales
687 1540 172 42 realiter
816 1540 215 42 distinctas,
988 1540 115 42 quia
1060 1540 186 42 efficiens
1203 1540 72 42 &

386 1581 172 46 materia
511 1581 172 46 numquam
636 1581 234 46 coincidunt,
823 1581 94 46 vt
870 1581 140 46 patet
963 1581 94 46 2.
1010 1581 234 46 physicorum,
1197 1581 78 46 &

387 1617 138 53 omne,
479 1617 123 53 quod
556 1617 184 53 mouetur,
694 1617 92 53 ab
740 1617 123 53 alio
817 1617 184 53 mouetur,
955 1617 92 53 vt
1001 1617 138 53 patet
1093 1617 92 53 7.
1124 1617 123 53 physi-

388 1653 142 54 corum,
487 1653 100 54 sed
544 1653 85 54 in
587 1653 142 54 natura
686 1653 142 54 animae
786 1653 156 54 nostrae
900 1653 213 54 intellectus
1070 1653 156 54 agentis
1170 1653 71 54 esi

391 1705 123 43 omnia
474 1705 151 43 facere;
583 1705 69 43 &
611 1705 206 43 intellectus
775 1705 192 43 possibilis
926 1705 96 43 est
981 1705 123 43 omnia
1063 1705 137 43 fieri,
1159 1705 82 43 vt
1186 1705 55 43 pa

384 1744 105 39 tet
444 1744 149 39 tertio
548 1744 90 39 de
593 1744 149 39 anima:
698 1744 119 39 ergo
772 1744 224 39 intellectus
951 1744 134 39 agens
1041 1744 105 39 est
1086 1744 164 39 naturalis

381 1779 170 49 potentia
508 1779 142 49 animae
608 1779 170 49 realiter
735 1779 184 49 distincta
877 1779 85 49 ab
920 1779 199 49 intellectu
1076 1779 199 49 possibili,

383 1820 79 41 &
415 1820 110 41 per
478 1820 220 41 consequens
650 1820 141 41 etiam
744 1820 94 41 ab
792 1820 126 41 ipsa
870 1820 220 41 voluntate,
1043 1820 126 41 quia
1121 1820 110 41 non
1168 1820 79 41 po-

383 1851 120 52 test
458 1851 120 52 esse
533 1851 135 52 minor
624 1851 241 52 conuenientia
819 1851 226 52 intellectus
1000 1851 105 52 cum
1045 1851 196 52 intellectu,

383 1897 135 52 quam
467 1897 253 52 intellectus
670 1897 118 52 cum
721 1897 202 52 voluntate.

426 1935 123 46 Haec
503 1935 200 46 conclusio
656 1935 108 46 duo
718 1935 154 46 ponit.
826 1935 138 46 Primo
918 1935 123 46 enim
995 1935 154 46 ponit,
1103 1935 123 46 quod
1164 1935 77 46 in-

381 1973 198 44 tellectus
533 1973 137 44 agens
624 1973 106 44 est
685 1973 152 44 quedam
791 1973 198 44 naturalis
943 1973 182 44 potentia
1080 1973 152 44 animae
1171 1973 76 44 non

376 2005 144 53 strae.
476 2005 173 53 Secundo,
606 2005 115 53 quod
678 2005 101 53 est
736 2005 173 53 potentia
865 2005 187 53 distincta
1009 2005 173 53 realiter
1139 2005 86 53 ab
1168 2005 72 53 in

383 2049 147 45 tellectu.

396 2087 162 37 Contra
509 2087 162 37 primum
623 2087 178 37 istorum
753 2087 130 37 sunt
834 2087 130 37 tres
915 2087 227 37 opiniones,
1093 2087 130 37 quas
1158 2087 81 37 re-

378 2125 107 54 cit
439 2125 92 54 at
485 2125 168 54 loannes
607 2125 229 54 grammaticus
790 2125 137 54 super
881 2125 153 54 tertio
988 2125 92 54 de
1034 2125 153 54 anima.
1125 2125 122 54 Quarum

395 2168 130 43 prima
481 2168 115 43 est,
553 2168 115 43 quod
625 2168 216 43 intellectus
798 2168 130 43 agens
884 2168 101 43 est
942 2168 216 43 intellectus
1100 2168 144 43 vniuersa

378 2211 119 45 lis,
453 2211 105 45 qui
512 2211 105 45 est
572 2211 149 45 omnium
677 2211 194 45 conditor,
826 2211 119 45 puta
901 2211 119 45 ipse
975 2211 134 45 Deus.
1065 2211 149 45 Istius
1154 2211 90 45 opi-

386 2249 146 50 nionis
489 2249 161 50 dicitur
605 2249 146 50 fuisse
708 2249 146 50 Plato,
810 2249 73 50 &
839 2249 131 50 etiam
927 2249 146 50 aliqui
1014 2249 234 50 Christianorum,

376 2288 112 40 qui
440 2288 128 40 hanc
520 2288 208 40 opinionem
679 2288 255 40 asseruerunt,
887 2288 176 40 propter
1015 2288 144 40 illud
1094 2288 144 40 verbum,

386 2325 131 49 Erat
468 2325 115 49 lux
533 2325 148 49 vera,
632 2325 131 49 quae
714 2325 214 49 illuminat
879 2325 148 49 omnem
977 2325 181 49 hominem
1092 2325 148 49 venien-

381 2359 113 51 tem
445 2359 97 51 in
494 2359 129 51 hunc
574 2359 177 51 mundum.
703 2359 97 51 Et
751 2359 177 51 propter
880 2359 145 51 illud
976 2359 161 51 psalm.
1073 2359 161 51 Signatun

377 2403 111 39 est
441 2403 143 39 super
536 2403 111 39 nos
599 2403 143 39 lumen
694 2403 158 39 vultus
805 2403 111 39 tui
852 2403 127 39 domine

405 2435 108 56 Sed
466 2435 139 56 istud
559 2435 108 56 non
620 2435 154 56 valet:
728 2435 123 56 Quia
805 2435 139 56 sicut
898 2435 123 56 Deus
975 2435 185 56 operatur
1114 2435 92 56 in
1145 2435 92 56 omni

381 2480 241 50 operatione
570 2480 155 50 rerum
673 2480 275 50 corporalium,
897 2480 86 50 &
931 2480 155 50 tamen
1017 2480 224 50 communicans

383 2518 123 41 suam
460 2518 201 41 bonitatem
614 2518 201 41 agentibus
768 2518 262 41 corporalibus,
984 2518 123 41 ipsa
1061 2518 139 41 secum
1138 2518 93 41 age-

383 2557 82 46 re
424 2557 137 46 sinit:
520 2557 96 46 sic
575 2557 110 46 agit
643 2557 82 46 in
684 2557 233 46 operationibus
876 2557 137 46 ipsius
972 2557 137 46 animae
1054 2557 178 46 intellecti.

379 2603 129 48 uae,
460 2603 129 48 quod
540 2603 145 48 tamen
637 2603 242 48 intellectum
831 2603 177 48 agentem
960 2603 258 48 inexistentem
1153 2603 81 48 na-

391 2636 131 49 turae
479 2636 146 49 ipsius
581 2636 146 49 animae
683 2636 117 49 ipsi
756 2636 146 49 animae
843 2636 219 49 conmmunicauit

417 2665 163 62 Secunda
536 2665 149 62 opinio
640 2665 119 62 est,
714 2665 119 62 quod
788 2665 223 62 intellectus
967 2665 134 62 agens
1056 2665 104 62 est
1100 2665 134 62 quaedam

384 2711 200 49 substantia
541 2711 186 49 separata,
683 2711 114 49 quae
755 2711 100 49 est
812 2711 171 49 inferior
940 2711 114 49 Deo,
1012 2711 71 49 &
1040 2711 171 49 superior
1154 2711 86 49 ani-

375 2761 90 40 ma
420 2761 165 40 nostra.
540 2761 90 40 Et
585 2761 120 40 isti
659 2761 165 40 fuerunt
779 2761 210 40 bifurcati:
944 2761 105 40 nam
1004 2761 150 40 quidam
1093 2761 150 40 dixerunt

380 2790 120 53 quod
455 2790 164 53 virtute
574 2790 135 53 talis
664 2790 224 53 substantiae
843 2790 194 53 separatae
993 2790 105 53 per
1053 2790 164 53 quandam
1157 2790 90 53 vnio

387 2825 97 49 nem
443 2825 83 49 ad
484 2825 97 49 nos
540 2825 97 49 fit
595 2825 83 49 in
637 2825 125 49 nobis
720 2825 250 49 intellectualis
928 2825 180 49 operatio.
1067 2825 83 49 Et
1108 2825 111 49 haec
1164 2825 83 49 fuit

392 2868 155 51 opinio
501 2868 202 51 Alexandri
657 2868 280 51 commentatoris:
890 2868 93 51 ac
936 2868 140 51 etiam
1029 2868 93 51 in
1076 2868 140 51 parte
1154 2868 93 51 fuit

383 2907 162 46 opinio
496 2907 194 46 Auerrois
641 2907 291 46 commentatoris,
884 2907 145 46 sicut
981 2907 194 46 superius
1110 2907 129 46 patuit

379 2947 128 39 dist.
464 2947 100 39 17.
521 2947 128 39 Aliij
607 2947 114 39 vero
678 2947 185 39 dixerunt,
820 2947 114 39 quod
891 2947 256 39 intellectualis
1091 2947 142 39 operatio

391 2983 97 60 nit
446 2983 83 60 in
488 2983 124 60 nobis
571 2983 97 60 per
626 2983 124 60 haec,
709 2983 111 60 quod
778 2983 111 60 illa
847 2983 193 60 substantia
999 2983 166 60 separata
1110 2983 124 60 influit

384 3035 132 50 nobis
472 3035 147 50 formas
575 3035 279 50 intellectuales,
810 3035 132 50 sicut
899 3035 147 50 posuit
987 3035 132 50 Auicen-

437 3062 92 54 ed
483 3062 107 54 nec
544 3062 107 54 hoc
606 3062 154 54 valet:
713 3062 123 54 Quia
790 3062 138 54 sicut
882 3062 107 54 ars
943 3062 200 54 medicinae
1081 3062 154 54 operatur

378 3103 208 65 sanitatem
538 3103 96 65 ab
586 3103 224 65 extrinseco
762 3103 176 65 naturam
889 3103 224 65 adiuuando,
1065 3103 128 65 quod
1129 3103 112 65 tamen

1297 261 210 73 principium
1462 261 165 73 actiuum
1582 261 225 73 intrinsecum
1763 261 255 73 praesupponit,
1973 261 180 73 scilicet
2093 261 75 73 ip-

1273 324 106 49 sam
1334 324 182 49 naturam,
1470 324 91 49 si
1516 324 182 49 separata
1652 324 121 49 ista
1728 324 212 49 substantia
1895 324 137 49 solum
1986 324 152 49 posset
2077 324 91 49 esse

1279 363 220 53 principium
1452 363 220 53 extrinsece
1625 363 236 53 coadiuuans,
1814 363 79 53 &
1845 363 204 53 instruens
2003 363 142 53 modo,
2081 363 79 53 quo

1286 400 177 50 videmus
1415 400 145 50 etiam
1511 400 209 50 magistrum
1672 400 225 50 discipulum
1849 400 225 50 informare,
2026 400 80 50 &
2042 400 97 50 ideo

1288 441 217 42 necessario
1459 441 248 42 praesupponit
1661 441 171 42 actiuum
1785 441 171 42 aliquod
1909 441 217 42 principium
2064 441 78 42 in-

1276 489 250 40 triisecum,
1473 489 143 40 quod
1562 489 143 40 erit
1651 489 232 40 naturalis
1830 489 214 40 potentia
1990 489 196 40 animae.

1293 520 155 41 Tertia
1402 520 109 41 est
1464 520 155 41 opinio
1573 520 217 41 Themistii,
1744 520 109 41 qui
1806 520 140 41 ponit
1899 520 93 41 in
1945 520 140 41 anima
2023 520 124 41 nostra

1275 561 194 44 duplicem
1421 561 259 44 intellectum,
1631 561 162 44 quorum
1745 561 130 44 vnum
1826 561 194 44 appellat
1956 561 194 44 intellectu

1292 600 238 49 possibilem,
1483 600 79 49 &
1515 600 143 49 alium
1610 600 238 49 intellectum
1800 600 191 49 factiuum
1943 600 79 49 :
1975 600 79 49 &
1991 600 159 49 vtrumque

1288 645 209 46 intellectum
1455 645 125 46 dicit
1539 645 223 46 intelligere,
1720 645 209 46 differenter
1887 645 139 46 tamen,
1984 645 111 46 quia
2040 645 111 46 facti-

1286 677 115 46 uum
1351 677 147 46 dicit
1449 677 164 46 semper
1564 677 131 46 actu
1646 677 262 46 intelligere,
1858 677 229 46 possibilem
2038 677 147 46 autem

1280 718 119 50 non
1348 718 169 50 semper
1449 718 119 50 actu.

1291 755 109 44 Sed
1354 755 109 44 nec
1416 755 140 44 istud
1509 755 155 44 valet,
1617 755 124 44 quia
1695 755 186 44 quilibet
1835 755 202 44 experitur
1990 755 93 44 in
2021 755 124 44 seipso

1287 797 124 56 quod
1364 797 108 56 non
1426 797 155 56 semper
1534 797 124 56 actu
1596 797 185 56 intelligit

1296 833 171 42 Contra
1416 833 137 42 vero
1501 833 205 42 secundam
1655 833 239 42 partitulam
1843 833 239 42 praedictae
2014 833 154 42 conclu-

1284 874 151 45 sionis
1390 874 106 45 est
1450 874 151 45 opinio
1556 874 166 45 quarta,
1677 874 121 45 quam
1753 874 106 45 cum
1813 874 272 45 praecedentibus
2025 874 121 45 tribus

1285 918 173 47 recitat
1411 918 173 47 loannes
1537 918 252 47 grammatitus,
1741 918 94 47 vt
1788 918 157 47 supra:
1898 918 126 47 Quae
1977 918 157 47 opinio
2071 918 79 47 po-

1282 953 116 43 nit,
1354 953 116 43 quod
1427 953 218 43 intellectus
1601 953 131 43 ages,
1688 953 73 43 &
1717 953 203 43 possibilis
1876 953 174 43 realiter
2007 953 116 43 sunt
2065 953 102 43 vnus.

1291 994 246 46 intellectus,
1491 994 200 46 differens
1644 994 138 46 solum
1737 994 138 46 penes
1829 994 215 46 perfectum,
1998 994 77 46 &
2013 994 154 46 imperfe-

1285 1033 138 49 ctum.
1377 1033 107 49 Nam
1438 1033 122 49 idem
1514 1033 245 49 intellectus,
1713 1033 92 49 vt
1759 1033 107 49 est
1820 1033 92 49 in
1866 1033 199 49 potentia,
2019 1033 77 49 &
2035 1033 122 49 imper-

1278 1074 164 40 fectus,
1398 1074 75 40 &
1428 1074 90 40 vt
1472 1074 194 40 reducitur
1622 1074 90 40 in
1667 1074 135 40 actum
1756 1074 105 40 per
1816 1074 224 40 intellectum
1996 1074 194 40 alterius,

1292 1111 111 40 puta
1361 1111 97 40 per
1417 1111 208 40 intellectum
1583 1111 180 40 magistri,
1722 1111 97 40 sic
1777 1111 152 40 dicitur
1888 1111 208 40 possibilis.
2054 1111 97 40 Sed
2096 1111 55 40 vt

1289 1151 102 47 est
1347 1151 203 47 perfectus,
1506 1151 102 47 ita
1564 1151 116 47 quod
1637 1151 131 47 alium
1724 1151 218 47 intellectum
1898 1151 174 47 redducit
2028 1151 87 47 in
2057 1151 87 47 actu

1297 1190 99 41 uta
1354 1190 198 41 intellectu
1509 1190 99 41 sui
1566 1190 198 41 discipuli,
1722 1190 99 41 sic
1779 1190 156 41 dicitur
1892 1190 213 41 intellectus
2048 1190 99 41 agens

1280 1231 97 41 Et
1328 1231 129 41 hanc
1409 1231 210 41 opinionem
1571 1231 145 41 inter
1667 1231 178 41 ceteras
1797 1231 178 41 videtur
1926 1231 178 41 soannes
2039 1231 113 41 gram-

1272 1267 297 49 maticus
1488 1267 243 49 magis
1623 1267 324 49 acceptare.

1310 1307 120 52 Sed
1378 1307 120 52 nec
1447 1307 154 52 istud
1550 1307 172 52 valet:
1670 1307 137 52 Quia
1756 1307 206 52 secundum
1911 1307 137 52 hanc
1979 1307 189 52 opinionem

1282 1346 233 47 sequeretur,
1469 1346 124 47 quod
1546 1346 124 47 homo
1624 1346 109 47 non
1686 1346 217 47 instructus
1857 1346 78 47 a
1888 1346 217 47 didascalo;
2058 1346 109 47 ita
2105 1346 62 47 ha

1284 1388 145 49 beret
1381 1388 242 49 intellectum
1574 1388 242 49 possibilem,
1767 1388 129 49 quod
1848 1388 161 49 omnino
1961 1388 177 49 careret
2073 1388 81 49 in-

1277 1424 224 42 tellectu
1445 1424 205 42 agente,
1594 1424 149 42 quod
1687 1424 130 42 est
1743 1424 261 42 inconueniens

1281 1467 114 43 Est
1346 1467 146 43 etiam
1443 1467 114 43 vna
1509 1467 163 43 opinio
1622 1467 179 43 moderna
1753 1467 163 43 ponens
1866 1467 244 43 intellectum
2045 1467 98 43 pos-

1280 1503 195 51 sibilem,
1426 1503 81 51 &
1459 1503 179 51 agentem
1589 1503 130 51 esse
1670 1503 146 51 eadem
1768 1503 212 51 potentiam
1931 1503 179 51 animae.
2044 1503 98 51 Nam,

1277 1543 97 42 vt
1325 1543 162 42 dicunt
1439 1543 194 42 ponentes
1585 1543 130 42 hanc
1650 1543 194 42 opinionem.

1295 1582 81 46 1
1327 1582 147 46 Sicut
1425 1582 147 46 eadem
1523 1582 196 46 potentia
1669 1582 196 46 volitiua
1816 1582 114 46 est
1881 1582 179 46 mouens,
2012 1582 81 46 &
2028 1582 114 46 mota,

1273 1623 72 41 &
1301 1623 100 41 est
1359 1623 144 41 actua,
1459 1623 72 41 &
1488 1623 172 41 passiua:
1617 1623 100 41 sic
1675 1623 129 41 eadem
1761 1623 172 41 potentia
1890 1623 230 41 intellectiua
2062 1623 72 41 di-

1273 1659 135 46 citur
1363 1659 225 46 possibilis,
1543 1659 75 46 &
1573 1659 150 46 agens,
1678 1659 135 46 licet
1769 1659 105 46 non
1829 1659 135 46 eodem
1919 1659 135 46 modo:
2009 1659 105 46 nam
2054 1659 90 46 ipsa

1286 1702 186 47 potentia
1425 1702 155 47 animae
1534 1702 155 47 sumpta
1642 1702 109 47 cum
1704 1702 124 47 suis
1782 1702 279 47 aptitudinibus,
1999 1702 140 47 secudum

1279 1747 113 48 quod
1350 1747 113 48 apta
1421 1747 113 48 nata
1492 1747 99 48 est
1548 1747 156 48 perfici
1662 1747 99 48 per
1719 1747 199 48 vlteriores
1875 1747 142 48 ectus,
1974 1747 156 48 dicitur
2073 1747 71 48 pos

1268 1781 182 45 sibilis:
1405 1781 182 45 secundum
1541 1781 137 45 vero,
1632 1781 122 45 quod
1708 1781 91 45 ad
1754 1781 137 45 illos
1845 1781 137 45 actus
1936 1781 91 45 se
1982 1781 152 45 mouet,
2073 1781 76 45 non

1283 1821 155 41 quidem
1391 1821 248 41 efficienter,
1593 1821 109 41 sed
1655 1821 217 41 formaliter
1825 1821 233 41 mediantibus
1996 1821 140 41 quibusi

1277 1855 106 53 dam
1338 1855 258 53 habilitatibus
1550 1855 121 53 sibi
1626 1855 76 53 a
1656 1855 106 53 Deo
1717 1855 213 53 concreatis
1884 1855 76 53 a
1914 1855 197 53 principio
2051 1855 91 53 suae

1272 1904 213 45 creationis,
1442 1904 99 45 sic
1499 1904 156 45 dicitur
1613 1904 142 45 agens.
1712 1904 85 45 Et
1755 1904 114 45 ideo
1826 1904 199 45 concludunt
1982 1904 128 45 isti,
2053 1904 85 45 quod

1270 1941 225 48 intellectus
1450 1941 135 48 agens
1540 1941 75 48 &
1570 1941 210 48 possibilis
1734 1941 105 48 est
1794 1941 120 48 vna,
1869 1941 75 48 &
1899 1941 135 48 eadem
1974 1941 165 48 potentia,

1278 1973 272 51 diuersimode
1495 1973 163 51 tamen
1586 1973 145 51 sumpta

1290 2013 73 44 2
1320 2013 204 44 Praeterea,
1480 2013 131 44 istud
1567 2013 219 44 confirmatur
1742 2013 87 44 ab
1786 2013 131 44 aliis
1874 2013 117 44 sic.
1946 2013 160 44 Propter
2049 2013 87 44 vnum

1274 2052 212 48 simplicem
1437 2052 147 48 actum
1534 2052 114 48 non
1599 2052 179 48 oportet
1730 2052 163 48 ponere
1844 2052 244 48 multiplicem
2023 2052 114 48 poten

1282 2093 130 51 tiam,
1368 2093 101 51 sed
1426 2093 216 51 intelligere
1599 2093 101 51 est
1657 2093 115 51 vnus
1729 2093 159 51 simplex
1830 2093 101 51 actus

1288 2132 70 47 3
1316 2132 197 47 Praeterea,
1471 2132 84 47 si
1513 2132 211 47 intellectus
1682 2132 127 47 agens
1766 2132 155 47 differt
1879 2132 70 47 a
1907 2132 197 47 possibili,
2048 2132 84 47 tund

1278 2174 100 45 uel
1335 2174 129 45 talis
1421 2174 214 45 intellectus
1592 2174 129 45 agens
1678 2174 243 45 intelligeret,
1878 2174 71 45 &
1906 2174 114 45 tunc
1964 2174 171 45 superflue,

1269 2213 75 46 &
1299 2213 120 46 uane
1374 2213 195 46 poneretur
1524 2213 225 46 intellectus
1704 2213 225 46 possibilis,
1884 2213 105 46 cui
1944 2213 165 46 proprie
2049 2213 90 46 com-

1288 2258 114 45 etit
1359 2258 229 45 intelligere:
1545 2258 100 45 aut
1603 2258 100 45 non
1660 2258 243 45 intelligeret,
1860 2258 72 45 &
1889 2258 114 45 tunc
1960 2258 129 45 esset
2032 2258 100 45 igno-

1275 2292 148 43 bilior
1379 2292 208 43 intellectu
1542 2292 208 43 possibili,
1705 2292 119 43 quia
1779 2292 119 43 sibi
1853 2292 208 43 competeret
2002 2292 133 43 ignobi-

1277 2325 113 50 lior
1347 2325 183 50 operatio,
1488 2325 98 50 cum
1544 2325 211 50 intelligere
1713 2325 98 50 sit
1769 2325 211 50 nobilissima
1938 2325 169 50 operatio
2051 2325 84 50 ani-

1274 2369 127 46 mae.
1353 2369 111 46 Hoc
1417 2369 143 46 autem
1512 2369 111 46 est
1575 2369 158 46 contra
1686 2369 238 46 philosophum
1876 2369 158 46 tertio
1987 2369 95 46 de
2019 2369 111 46 anima

1274 2409 101 42 ubi
1331 2409 115 42 ait,
1403 2409 115 42 quod
1476 2409 130 42 agens
1562 2409 231 42 praestantius
1750 2409 101 42 est
1808 2409 188 42 patiente:
1952 2409 115 42 ergo
2010 2409 72 42 &c.

1304 2444 112 47 Sed
1368 2444 112 47 nec
1432 2444 145 47 istud
1529 2444 161 47 ualet:
1641 2444 128 47 Quia
1722 2444 128 47 unum
1802 2444 80 47 &
1834 2444 128 47 idem
1898 2444 225 47 indistinctum

1275 2483 84 50 re
1317 2483 141 50 aliter
1415 2483 169 50 respectu
1542 2483 155 50 eiusdem
1654 2483 98 50 non
1711 2483 141 50 potest
1809 2483 112 50 esse
1879 2483 126 50 simul
1963 2483 84 50 in
2006 2483 126 50 actu,
2090 2483 70 50 &

1262 2517 88 57 in
1306 2517 190 57 potentia:
1452 2517 102 57 sed
1511 2517 131 57 anima
1598 2517 146 57 nostra
1701 2517 102 57 est
1759 2517 88 57 in
1803 2517 175 57 potentia
1934 2517 175 57 respectu
2051 2517 73 57 foi

1264 2566 142 42 marum
1359 2566 316 42 intelligibilium,
1628 2566 111 42 seu
1691 2566 221 42 specierum,
1864 2566 111 42 cum
1928 2566 111 42 sit
1975 2566 158 42 potentia

1268 2606 190 52 receptiua
1415 2606 146 52 earum,
1517 2606 73 52 &
1546 2606 102 52 est
1605 2606 88 52 in
1649 2606 117 52 actu
1722 2606 176 52 respectu
1854 2606 146 52 earum,
1956 2606 102 52 cum
2015 2606 102 52 sit
2059 2606 73 52 fa-

1277 2638 130 55 ctiua
1363 2638 130 55 earum
1449 2638 72 55 :
1478 2638 101 55 res
1536 2638 115 55 enim
1608 2638 86 55 in
1651 2638 187 55 phantasia
1795 2638 216 55 existentes,
1968 2638 115 55 sunt
2025 2638 101 55 poter

1277 2676 97 53 tia
1333 2676 264 53 intelligibiles,
1555 2676 97 53 nec
1611 2676 153 53 possunt
1722 2676 111 53 actu
1791 2676 139 53 recipi
1889 2676 83 53 in
1930 2676 195 53 intellectu
2069 2676 56 53 po

1269 2714 151 56 sibili,
1379 2714 110 56 nisi
1448 2714 110 56 hant
1516 2714 110 56 actu
1585 2714 260 56 intelligibiles:
1804 2714 137 56 igitur
1900 2714 165 56 secundum
2023 2714 137 56 aliam,

1271 2756 76 54 &
1301 2756 136 54 aliam
1392 2756 196 54 potentiam
1543 2756 136 54 istae
1633 2756 196 54 oppositae
1785 2756 227 54 conditiones
1951 2756 181 54 conueniunt

1274 2789 111 57 ipsi
1344 2789 139 57 animae
1427 2789 208 57 intellectiuae

1301 2836 105 50 Ad
1354 2836 175 50 primum
1477 2836 175 50 igitur
1600 2836 246 50 argumentum
1793 2836 228 50 dicendum,
1968 2836 140 50 quod
2038 2836 88 50 non

1279 2874 101 59 est
1336 2874 144 59 simile
1437 2874 87 59 de
1480 2874 216 59 intellectu,
1654 2874 72 59 &
1682 2874 202 59 uoluntate:
1841 2874 115 59 quia
1913 2874 130 59 nulla
1985 2874 130 59 uolunta

1262 2914 133 53 facit
1351 2914 118 53 suum
1425 2914 177 53 obiectum
1558 2914 118 53 actu
1632 2914 192 53 uolibile;
1780 2914 133 53 sicut
1869 2914 104 53 est
1928 2914 148 53 quidam
2016 2914 104 53 intel

1279 2956 142 54 ectus,
1378 2956 99 54 qui
1435 2956 128 54 facit
1520 2956 199 54 obiectuim,
1677 2956 114 54 quod
1748 2956 114 54 erat
1819 2956 170 54 potentia
1932 2956 185 54 intelligibs

1276 2996 82 47 e,
1317 2996 110 47 actu
1386 2996 219 47 intelligibil
1564 2996 82 47 ex
1605 2996 82 47 Si
1647 2996 110 47 enim
1715 2996 96 47 una
1770 2996 165 47 uoluntas
1894 2996 137 47 esset,
1990 2996 110 47 quae
2044 2996 69 47 pri

1264 3032 226 46 supponeret
1441 3032 194 46 obiectum
1587 3032 226 46 uoluntatis
1764 3032 129 46 actu
1845 3032 129 46 esse
1925 3032 210 46 uolibile,
2071 3032 48 46 &

1283 3076 150 52 uaedam
1388 3076 135 52 esset
1478 3076 180 52 voluntas
1613 3076 105 52 non
1673 3076 270 52 praesupponens,
1898 3076 105 52 sed
1958 3076 165 52 faciens
2063 3076 60 52 ta

1272 3110 91 68 le
1317 3110 181 68 obiectum
1453 3110 91 68 de
1498 3110 181 68 potentia
1634 3110 181 68 volibile
1770 3110 121 68 actu
1845 3110 196 68 volibile;
1996 3110 121 68 tunc
2057 3110 75 68 ne
