2390 3528
463 256 79 58 4
495 256 222 58 Praeterea,
669 256 190 58 corrupto
812 256 222 58 inferiori,
986 256 111 58 non
1049 256 174 58 propter
1176 256 111 58 hoc
1224 256 79 58 cor

435 298 197 54 rumpitur
582 298 197 54 superius
730 298 197 54 secundum
877 298 148 54 totum
976 298 131 54 suum
1058 298 197 54 ambitum:
1189 298 115 54 alias

433 339 193 52 negatiue
577 339 193 52 arguendo
722 339 96 52 ab
770 339 209 52 inferiori
931 339 96 52 ad
979 339 193 52 superius
1123 339 112 52 non
1172 339 128 52 commit

438 380 170 48 teretur
561 380 185 48 fallacia
700 380 262 48 consequentis.
916 380 108 48 Sed
977 380 154 48 natura
1085 380 170 48 humana,
1208 380 93 48 vt
1239 380 62 48 in

432 417 122 55 Adam
508 417 107 55 est
569 417 245 55 suppositata,
768 417 107 55 est
829 417 168 55 quoddam
951 417 199 55 singulare
1104 417 183 55 inferius
1227 417 76 55 res

435 456 137 56 pectu
526 456 152 56 totius
632 456 167 56 humanae
754 456 167 56 naturae
876 456 243 56 suppositatae
1073 456 91 56 in
1119 456 167 56 omnibus
1225 456 61 56 ho

438 498 186 62 minibus:
578 498 124 62 ergo
656 498 109 62 non
718 498 202 62 sequitur;
873 498 155 62 natura
982 498 155 62 humana
1090 498 93 62 in
1137 498 124 62 Adam
1199 498 93 62 fuit

434 548 206 38 corrupta:
593 548 127 38 ergo
672 548 95 38 in
720 548 174 38 omnibus
846 548 206 38 hominibus
1005 548 111 38 est
1052 548 159 38 corrupta

504 572 215 54 Praeterea,
673 572 138 54 bonum
765 572 246 54 poenitentiae
964 572 154 54 ipsius
1072 572 123 54 Adae
1149 572 108 54 non
1195 572 92 54 pro-

425 614 127 47 fuit
505 614 175 47 omnibus
632 614 222 47 hominibus:
806 614 127 47 ergo
886 614 111 47 nec
949 614 143 47 malum
1045 614 159 47 culpae
1156 614 127 47 Adae
1219 614 64 47 di

424 657 130 51 buit
505 657 162 51 nocere
618 657 178 51 omnibus
748 657 227 51 hominibus,
926 657 130 51 quia
1007 657 130 51 Deus
1088 657 113 51 non
1153 657 113 51 est
1202 657 81 51 pro

428 692 142 52 nior
517 692 107 52 ad
570 692 302 52 condemnandum,
819 692 142 52 quam
908 692 107 52 ad
944 692 213 52 miserendum

466 728 79 50 4
498 728 220 50 Praeterea,
670 728 157 50 aliqui
780 728 173 50 homines
906 728 110 50 non
969 728 204 50 morientur
1126 728 141 50 morte
1204 728 79 50 con

432 777 167 52 porali:
553 777 152 52 igitur
659 777 91 52 in
705 777 136 52 tales
796 777 106 52 non
856 777 182 52 peruenit
993 777 182 52 peccatum
1114 777 167 52 originale

429 819 242 45 consequentia
626 819 151 45 patet,
732 819 121 45 quia
807 819 121 45 mors
883 819 106 45 est
944 819 136 45 poena
1035 819 167 45 peccati
1141 819 151 45 origina-

431 857 128 45 lis,
511 857 143 45 iuxta
606 857 143 45 illud
702 857 207 45 Apostoli,
862 857 112 45 per
925 857 128 45 vnum
1005 857 175 45 hominem
1133 857 191 45 peccatum

435 889 198 51 intrauit
583 889 99 51 in
632 889 181 51 mundum,
764 889 82 51 &
797 889 115 51 per
863 889 198 51 peccatum
1012 889 148 51 mors.
1094 889 198 51 Antecedens

425 931 135 56 probo
500 931 195 56 tripliciter

468 960 136 59 Primo
559 960 106 59 per
619 960 212 59 Apostolum,
785 960 106 59 qui
846 960 121 59 ait,
921 960 106 59 Nos
982 960 106 59 qui
1042 960 181 59 viuimus,
1178 960 106 59 qui
1224 960 60 59 re

423 1017 147 41 sidui
520 1017 147 41 sumus
618 1017 98 41 in
667 1017 179 41 aduentu
797 1017 163 41 domini
911 1017 114 41 non
977 1017 261 41 praeueniemus
1188 1017 130 41 eos,

427 1050 124 55 qui
480 1050 213 55 dormierunt

469 1060 178 85 Secundo,
602 1060 118 85 quia
676 1060 133 85 fides
765 1060 192 85 catholica
913 1060 148 85 ponit,
1017 1060 118 85 quod
1091 1060 178 85 Christus
1209 1060 74 85 ven

442 1126 136 52 turus
533 1126 106 52 est
593 1126 181 52 iudicare
729 1126 136 52 viuos
820 1126 76 52 &
835 1126 136 52 mortuos

475 1160 163 55 Tertio,
594 1160 119 55 quia
668 1160 89 55 vt
713 1160 178 55 magister
846 1160 163 55 adducit
965 1160 148 55 quarto
1069 1160 134 55 libro
1143 1160 134 55 senten-

435 1214 149 48 tiarum
540 1214 164 48 distin.
659 1214 90 48 43
704 1214 224 48 auctoritate
883 1214 134 48 Deati
973 1214 209 48 Hieronvmi,
1137 1214 149 48 quidam
1226 1214 60 48 in

427 1251 135 48 fine
512 1251 152 48 mundi
613 1251 118 48 non
663 1251 203 48 morientur.

452 1261 81 75 3
484 1261 227 75 Praeterea,
663 1261 227 75 Augustinus
841 1261 146 75 dicit
938 1261 97 75 in
987 1261 146 75 libro
1084 1261 97 75 de
1117 1261 162 75 baptismo

439 1322 227 54 paruulorum,
620 1322 106 54 Non
681 1322 121 54 plus
757 1322 151 54 nocuit
862 1322 242 54 transgressio
1059 1322 136 54 primi
1135 1322 151 54 praeuari

426 1362 170 49 catoris,
553 1362 113 49 quam
624 1362 142 49 valuit
723 1362 198 49 incarnatio
879 1362 170 49 Christi;
1007 1362 99 49 sed
1063 1362 198 49 incarnatio
1205 1362 71 49 non

423 1403 156 52 valuit
533 1403 188 52 omnibus,
674 1403 110 52 cum
736 1403 141 52 multi
830 1403 219 52 damnentur;
1002 1403 125 52 ergo
1065 1403 219 52 transgressio

422 1442 122 59 non
491 1442 174 59 nocuit
596 1442 157 59 omnibus

468 1456 76 76 o
498 1456 197 76 Preterea,
649 1456 212 76 Augustinus
816 1456 91 76 in
861 1456 136 76 libro
952 1456 91 76 de
997 1456 227 76 perfectione
1164 1456 121 76 iusti-

432 1517 108 46 tiae
499 1517 108 46 ait,
566 1517 108 46 Quod
633 1517 202 46 nccessitate
795 1517 148 46 naturae
902 1517 108 46 fit,
970 1517 121 46 culpa
1050 1517 135 46 caret:
1144 1517 94 46 sed
1185 1517 94 46 quic-

436 1565 115 55 quid
507 1565 172 55 causatur
637 1565 86 55 ex
680 1565 158 55 semine,
795 1565 86 55 in
838 1565 129 55 prole
924 1565 115 55 fit,
996 1565 72 55 &
1024 1565 172 55 causatur
1154 1565 86 55 ex
1182 1565 101 55 neces

432 1603 127 48 utate
503 1603 141 48 naturae.

456 1640 75 41 0
486 1640 211 41 Praeterea,
651 1640 165 41 August.
772 1640 90 41 in
817 1640 135 41 libro
907 1640 90 41 de
952 1640 165 41 nuptiis
1072 1640 75 41 &
1088 1640 195 41 concupiscen

433 1665 114 62 tiis
504 1665 114 62 ait,
575 1665 171 62 Peccatum
704 1665 214 62 transmittit
875 1665 86 62 in
918 1665 157 62 prolem,
1032 1665 100 62 non
1089 1665 171 62 propago,
1218 1665 100 62 sed

433 1719 156 53 libido,
547 1719 100 53 sed
603 1719 185 53 possibile
746 1719 100 53 est
803 1719 128 53 fieri
888 1719 228 53 generationem
1073 1719 114 53 sine
1130 1719 156 53 libidine,

434 1761 114 43 cum
499 1761 196 43 secundum
646 1761 229 43 communiter
826 1761 212 43 loquentes
989 1761 163 43 libido
1103 1761 114 43 aut
1152 1761 131 43 perti-

422 1797 124 45 neat
500 1797 93 45 ad
547 1797 280 45 inordinationem
780 1797 280 45 sensualitatis,
1013 1797 109 45 aut
1075 1797 186 45 improbam
1199 1797 78 45 vo-

430 1832 183 47 luntatem,
571 1832 113 47 quae
641 1832 85 47 in
683 1832 155 47 sanctis
796 1832 169 47 patribus
923 1832 99 47 non
979 1832 169 47 videntur
1106 1832 155 47 fuisse:
1205 1832 70 47 cum

424 1875 91 57 de
469 1875 152 57 Abraam
576 1875 137 57 dicat
667 1875 228 57 Augustinus,
850 1875 122 57 quod
926 1875 213 57 caelibatus
1093 1875 167 57 loannis
1200 1875 76 57 non

429 1915 209 56 praefertur
594 1915 180 56 coniugio
713 1915 135 56 Abraae.

457 1952 94 56 ro
504 1952 220 56 Praeterea,
677 1952 204 56 Ambrosius
834 1952 110 56 ait
897 1952 94 56 de
944 1952 157 56 loanne
1054 1952 204 56 Daptista,
1195 1952 94 56 quod

434 2001 136 46 nondum
530 2001 109 46 illi
598 2001 136 46 inerat
694 2001 164 46 spiritus
816 2001 95 46 vit
871 2001 95 46 ae,
925 2001 68 46 &
953 2001 95 46 iam
1007 2001 136 46 inerat
1103 2001 164 46 spiritus
1212 2001 68 46 gra

424 2028 133 55 tiae:
513 2028 104 55 sed
572 2028 178 55 peccatum
706 2028 193 55 originale
854 2028 104 55 non
913 2028 148 55 potest
1017 2028 148 55 homini
1121 2028 163 55 inesse,
1225 2028 59 55 an

417 2065 159 67 tequam
528 2065 159 67 viuat:
640 2065 127 67 ergo
719 2065 191 67 videtur,
863 2065 127 67 quod
942 2065 175 67 loannes
1069 2065 191 67 Daptista
1197 2065 95 67 immu

426 2115 105 37 nis
486 2115 151 37 fuerit
592 2115 90 37 ab
637 2115 196 37 huiusmodi
772 2115 151 37 peccato.

462 2139 129 64 ldem
542 2139 161 64 potest
655 2139 145 64 argui
752 2139 97 64 de
800 2139 210 64 Hieremia,
962 2139 97 64 de
1010 2139 113 64 quo
1075 2139 113 64 ait
1123 2139 145 64 dominus

426 2188 199 47 Priusquam
579 2188 92 47 te
625 2188 184 47 formarem
763 2188 92 47 in
809 2188 153 47 vtero,
916 2188 123 47 noui
992 2188 107 47 te,
1054 2188 107 47 &c.
1115 2188 92 47 Et
1145 2188 123 47 planum

427 2232 121 48 est,
503 2232 121 48 quod
578 2232 167 48 dominus
699 2232 182 48 loquitur
836 2232 106 48 ibi
896 2232 91 48 de
942 2232 167 48 notitia
1048 2232 227 48 approbationis

418 2268 137 51 alias
509 2268 107 51 hoc
570 2268 153 51 dictum
677 2268 107 51 non
738 2268 168 51 caderet
860 2268 92 51 in
906 2268 198 51 singulare
1058 2268 214 51 praeconium
1211 2268 61 51 ip

425 2306 124 51 sius
502 2306 216 51 Hieremiae,
672 2306 108 51 cum
733 2306 216 51 vniuersali
903 2306 170 51 notitia
1027 2306 124 51 Deus
1104 2306 139 51 omnes
1181 2306 93 51 suas

422 2343 198 49 creaturas
574 2343 198 49 cognoscat
726 2343 152 49 etiam,
833 2343 183 49 antequam
954 2343 122 49 fiant.

461 2387 99 39 Sed
518 2387 114 39 ista
589 2387 99 39 non
645 2387 213 39 concludunt:
816 2387 114 39 quia
887 2387 156 39 excepto
1000 2387 128 39 filio
1085 2387 185 39 virginis,
1227 2387 71 39 &

428 2424 166 52 tirgine
548 2424 211 52 genitrice,
714 2424 90 52 de
759 2424 135 52 aliis
849 2424 166 52 omnibus
970 2424 196 52 hominibus
1105 2424 166 52 concordi-

424 2461 107 47 ter
485 2461 168 47 tenetur
607 2461 92 47 ab
653 2461 168 47 omnibus
776 2461 214 47 catholicis
944 2461 229 47 doctoribus,
1127 2461 122 47 quod
1189 2461 76 47 con

414 2508 190 56 cipiantur
560 2508 88 56 in
604 2508 161 56 peccato
721 2508 204 56 originali:
882 2508 117 56 ergo
940 2508 73 56 &c.

446 2539 98 54 Ad
495 2539 164 54 primum
609 2539 164 54 igitur
724 2539 213 54 dicendum,
888 2539 131 54 quod
970 2539 262 54 consequentia
1183 2539 115 54 non

412 2584 159 43 tenet:
523 2584 111 43 nam
587 2584 143 43 sicut
682 2584 127 43 Adam
761 2584 175 43 accepit
888 2584 79 43 a
920 2584 159 43 domino
1031 2584 222 43 originalem
1190 2584 63 43 iu

412 2618 159 51 stitiam
527 2618 101 51 non
585 2618 144 51 solum,
686 2618 87 51 vt
729 2618 87 51 in
773 2618 87 51 se
816 2618 116 51 erat
888 2618 231 51 particularis
1076 2618 173 51 persona,
1192 2618 72 51 sed

411 2658 151 46 etiam,
517 2658 91 46 vt
562 2658 121 46 erat
638 2658 212 46 principium
805 2658 212 46 ceterorum,
971 2658 106 46 sic
1032 2658 167 46 perdita
1138 2658 136 46 origina

415 2698 87 52 li
458 2698 188 52 iustitia,
603 2698 101 52 non
661 2698 130 52 solum
748 2698 116 52 Adam
820 2698 232 52 inficiebatur
1009 2698 87 52 in
1052 2698 87 52 se
1096 2698 116 52 tali
1154 2698 101 52 caren

419 2741 108 51 tia,
486 2741 81 51 vt
526 2741 108 51 erat
593 2741 188 51 singularis
741 2741 161 51 persona:
862 2741 94 51 sed
916 2741 135 51 etiam,
1010 2741 81 51 vt
1051 2741 108 51 erat
1105 2741 161 51 principium

414 2777 151 51 omnium
520 2777 242 51 posteriorum:
716 2777 106 51 sed
777 2777 182 51 quilibet
913 2777 136 51 alius
1004 2777 182 51 sanctus,
1140 2777 106 51 vel
1185 2777 76 51 pu-

412 2813 107 57 rus
473 2813 122 57 homo
549 2813 107 57 ita
610 2813 168 57 accipit
733 2813 76 57 a
763 2813 107 57 Deo
825 2813 214 57 puritatem,
993 2813 76 57 &
1023 2813 245 57 sanctitatem,
1207 2813 61 57 vt

411 2856 108 50 est
472 2856 216 50 singularis
642 2856 185 50 persona,
781 2856 123 50 quod
858 2856 139 50 tamen
950 2856 108 50 non
1012 2856 170 50 accipit
1120 2856 154 50 huiusmo-

416 2893 85 49 di
458 2893 228 49 sanctitatem,
643 2893 85 49 vt
686 2893 100 49 est
743 2893 199 49 principium
900 2893 171 49 alterius
1013 2893 157 49 personae.

457 2929 90 56 Et
502 2929 120 56 ideo
577 2929 135 56 sicut
667 2929 150 56 granum
771 2929 180 56 purgatum
906 2929 75 56 a
936 2929 150 56 palea:
1041 2929 120 56 quia
1115 2929 105 56 sic
1160 2929 105 56 purga

418 2970 115 53 tur,
489 2970 86 53 vt
533 2970 115 53 tale
604 2970 216 53 suppositum,
777 2970 115 53 quod
849 2970 101 53 non
906 2970 187 53 purgatur,
1050 2970 86 53 vt
1093 2970 101 53 est
1136 2970 144 53 alterius

423 3017 135 45 grani
513 3017 225 45 principium;
693 3017 120 45 ideo
768 3017 165 45 quamuis
888 3017 90 45 in
933 3017 90 45 se
978 3017 105 45 sit
1038 3017 180 45 purgatum
1173 3017 75 45 a
1188 3017 75 45 pa-

413 3047 120 52 lea,
488 3047 165 52 generat
608 3047 135 52 tamen
698 3047 135 52 aliud
788 3047 150 52 granum
893 3047 135 52 palea
983 3047 210 52 inuolutum:
1148 3047 105 52 sic
1193 3047 75 52 qua

418 3098 149 55 nostri
523 3098 179 55 parentes
657 3098 194 55 propinqui
806 3098 105 55 ita
866 3098 194 55 purgantur
1015 3098 90 55 in
1060 3098 90 55 se
1090 3098 179 55 personali

1328 239 116 70 ter,
1401 239 116 70 quod
1474 239 131 70 tamen
1561 239 102 70 non
1619 239 189 70 purgantur
1764 239 232 70 naturaliter,
1953 239 102 70 hoc
2011 239 116 70 est,
2084 239 87 70 vt
2113 239 58 70 de

1321 293 117 59 bent
1395 293 117 59 esse
1468 293 176 59 alterius
1600 293 176 59 naturale
1732 293 220 59 principium;
1907 293 117 59 ideo
1981 293 161 59 quamuis
2083 293 88 59 sini

1328 335 138 57 puri,
1420 335 77 57 &
1450 335 230 57 immaculati,
1634 335 184 57 generant
1772 335 138 57 tamen
1864 335 153 57 prolem
1972 335 199 57 inuolutam
2110 335 61 57 pa

1329 377 89 58 ea
1374 377 163 58 maculae
1477 377 178 58 originalis

1352 385 102 89 Ad
1403 385 203 89 secundum
1555 385 203 89 dicendum
1708 385 102 89 ad
1759 385 203 89 maiorem,
1911 385 136 89 quod
1996 385 136 89 ille
2063 385 119 89 actus

1317 455 102 48 non
1376 455 102 48 est
1434 455 175 48 absolute
1565 455 219 48 meritorius,
1740 455 102 48 sed
1798 455 131 48 solum
1886 455 87 48 ex
1929 455 160 48 sancta,
2046 455 73 48 &
2060 455 117 48 sacra-

1324 498 164 49 mentali
1444 498 209 49 intentione
1608 498 224 49 generantis:
1787 498 75 49 &
1817 498 119 49 ideo
1891 498 90 49 vt
1936 498 209 49 meritorius
2085 498 90 49 est,

1324 537 115 54 puta
1396 537 86 54 vt
1439 537 101 54 est
1497 537 216 54 personalis,
1670 537 101 54 non
1727 537 159 54 inficit
1842 537 130 54 ipsum
1929 537 159 54 genitum
2044 537 72 54 :
2059 537 115 54 potest

1330 575 128 48 tamen
1415 575 85 48 ex
1458 575 114 48 tali
1529 575 114 48 actu
1600 575 171 48 infectio
1729 575 157 48 causari
1842 575 85 48 in
1885 575 114 48 ipso
1956 575 157 48 genito,
2070 575 85 48 vt
2099 575 71 48 ess

1322 611 221 61 naturalis,
1496 611 79 61 &
1527 611 95 61 vt
1575 611 142 61 talis
1669 611 126 61 homo
1748 611 174 61 naturam
1874 611 237 61 generatiuam
2048 611 126 61 conse-

1332 658 140 52 uitur
1425 658 78 52 a
1456 658 140 52 primo
1533 658 155 52 parente.

1354 666 90 75 Ad
1399 666 165 75 tertium
1519 666 135 75 patet
1610 666 105 75 per
1670 666 105 75 ea,
1730 666 120 75 quae
1805 666 135 75 dicta
1895 666 120 75 sunt
1971 666 90 75 ad
2001 666 135 75 primum.

1361 728 95 56 Ad
1409 728 175 56 quartum
1536 728 206 56 dicendum,
1695 728 127 56 quod
1774 728 143 56 licet
1869 728 143 56 Adam,
1965 728 95 56 vt
2012 728 95 56 in
2060 728 95 56 se
2092 728 79 56 con

1324 758 190 60 sideratus,
1474 758 136 60 fuerit
1569 758 190 60 singularis
1719 758 163 60 persona,
1841 758 68 60 &
1869 758 82 60 vt
1909 758 109 60 sic,
1978 758 82 60 ad
2005 758 163 60 corruptio-

1323 809 101 46 nem
1380 809 173 46 naturae,
1510 809 86 46 vt
1553 809 86 46 in
1596 809 115 46 ipso
1668 809 115 46 fuit
1740 809 230 46 singulariter
1927 809 230 46 suppountata,
2099 809 72 46 non

1311 855 211 46 oporteret
1473 855 179 46 naturam
1603 855 243 46 singulorum,
1798 855 81 46 &
1830 855 162 46 omnium
1944 855 179 46 hominum
2074 855 130 46 esse

1316 894 105 52 vel
1376 894 150 52 fuisse
1481 894 210 52 corruptam:
1646 894 135 52 tamen
1736 894 90 52 vt
1782 894 150 52 natura
1887 894 90 52 in
1932 894 120 52 Adam
2007 894 120 52 fuit
2067 894 105 52 origi

1319 927 129 51 nale,
1405 927 72 51 &
1433 927 200 51 vniuersale
1590 927 186 51 pricipium
1734 927 129 51 omium
1819 927 172 51 hominum,
1948 927 100 51 sic
2005 927 86 51 ad
2034 927 143 51 coruptio

1317 975 110 40 nem
1380 975 174 40 naturae
1507 975 95 40 in
1554 975 126 40 Adam
1633 975 189 40 sequitur
1775 975 205 40 corruptio
1932 975 95 40 in
1980 975 174 40 naturis
2090 975 79 40 ce-

1322 1006 189 54 terorum:
1464 1006 94 54 vt
1511 1006 110 54 sic
1574 1006 126 54 enim
1652 1006 157 54 natura
1762 1006 94 54 in
1810 1006 126 54 Adam
1888 1006 141 54 habet
1982 1006 94 54 se
2030 1006 94 54 ad
2061 1006 110 54 motum

1318 1047 218 56 superioris,
1493 1047 87 56 in
1537 1047 175 56 quolibet
1668 1047 131 56 autem
1755 1047 116 56 alio
1828 1047 189 56 singulari
1974 1047 146 56 homine
2076 1047 87 56 ab
2105 1047 58 56 ip

1309 1087 94 59 so
1356 1087 204 59 propagato
1513 1087 141 59 habet
1608 1087 94 59 se
1655 1087 94 59 ad
1702 1087 141 59 modum
1781 1087 188 59 inferioris

1332 1129 107 51 Ad
1386 1129 196 51 quintum
1528 1129 231 51 dicendum,
1706 1129 142 51 quod
1795 1129 142 51 ipse
1883 1129 142 51 Adam
1972 1129 160 51 bonum
2061 1129 107 51 suae

1321 1171 246 45 poenitentiae
1520 1171 107 45 non
1582 1171 154 45 potuit
1689 1171 92 45 in
1735 1171 184 45 posteros
1873 1171 261 45 transfundere:
2073 1171 92 45 quia

1321 1211 192 47 principium
1472 1211 123 47 talis
1554 1211 110 47 boni
1623 1211 110 47 fuit
1691 1211 137 47 gratia
1787 1211 110 47 ipsi
1856 1211 69 47 a
1883 1211 96 47 Deo
1938 1211 233 47 personaliter,
2130 1211 69 47 &

1314 1249 91 44 vt
1359 1249 181 44 priuatae
1495 1249 181 44 personae
1631 1249 136 44 data:
1722 1249 136 44 malum
1812 1249 136 44 autem
1903 1249 212 44 originalis
2054 1249 121 44 culpae

1315 1283 116 50 fuit
1388 1283 87 50 in
1432 1283 102 50 eo,
1490 1283 87 50 vt
1534 1283 116 50 erat
1606 1283 204 50 principium
1767 1283 204 50 ceterorum:
1927 1283 131 50 sicut
2014 1283 131 50 etiam
2087 1283 87 50 eius

1327 1322 181 53 ppositum,
1467 1322 167 53 scilicet
1592 1322 195 53 originalis
1746 1322 167 53 iustitia
1871 1322 112 53 sibi
1941 1322 112 53 fuit
2011 1322 126 53 data,
2080 1322 84 53 tam-

1320 1361 119 53 quam
1395 1361 224 53 vniuersali,
1574 1361 75 53 &
1604 1361 194 53 originali
1753 1361 209 53 principio,
1917 1361 75 53 a
1947 1361 105 53 quo
1992 1361 179 53 transfunde

1306 1406 137 41 retur
1397 1406 91 41 in
1443 1406 198 41 posteros.
1595 1406 122 41 quam
1671 1406 152 41 quidem
1777 1406 213 41 iustitiam,
1944 1406 106 41 cum
2005 1406 198 41 perdidit,

1312 1442 107 50 non
1373 1442 138 50 solum
1465 1442 107 50 pro
1526 1442 107 50 se,
1587 1442 107 50 sed
1648 1442 138 50 etiam
1740 1442 107 50 pro
1801 1442 168 50 omnibus
1923 1442 138 50 aliis
2015 1442 107 50 eam
2061 1442 107 50 perdi

1314 1483 123 47 dit,
1390 1483 123 47 quia
1467 1483 92 47 eo
1513 1483 169 47 tenore,
1636 1483 107 47 quo
1697 1483 107 47 eam
1758 1483 184 47 recepit,
1896 1483 138 47 eodem
1988 1483 153 47 tenore
2095 1483 107 47 eam

1327 1523 184 44 erdidit,
1465 1523 77 44 &
1496 1523 108 44 per
1557 1523 215 44 consequens
1726 1523 123 44 tali
1803 1523 215 44 perditione
1972 1523 169 44 infecit
2080 1523 92 44 huma

1315 1562 103 54 nam
1374 1562 177 54 naturam,
1507 1562 103 54 non
1566 1562 133 54 solum
1655 1562 89 54 vt
1699 1562 89 54 in
1743 1562 89 54 se
1787 1562 236 54 personaliter
1979 1562 133 54 fuit,
2068 1562 103 54 sed
2112 1562 59 54 vt

1309 1601 89 53 in
1354 1601 134 53 omnes
1443 1601 134 53 alios
1532 1601 237 53 originaliter
1725 1601 252 53 transfundenda
1932 1601 134 53 suit,

1349 1638 103 52 Ad
1400 1638 172 52 sextum
1521 1638 138 52 nego
1607 1638 258 52 antecedens.
1814 1638 103 52 Ad
1865 1638 258 52 probationem
2055 1638 120 52 dicem

1308 1667 126 64 dum,
1387 1667 126 64 quod
1465 1667 94 64 vt
1512 1667 173 64 recitat
1638 1667 157 64 beatus
1748 1667 220 64 Augustinus
1920 1667 110 64 2o.
1983 1667 94 64 de
2030 1667 141 64 ciui.
2109 1667 78 64 Dei

1317 1715 152 44 Flamma
1423 1715 136 44 ignis
1514 1715 212 44 praeueniet
1681 1715 121 44 diem
1757 1715 182 44 iudicii,
1893 1715 121 44 quae
1969 1715 152 44 tantum
2060 1715 106 44 ascen

1314 1754 128 46 det,
1394 1754 177 46 quantum
1523 1754 241 46 ascenderunt
1715 1754 145 46 aquae
1812 1754 177 46 diluuii
1940 1754 96 46 in
1988 1754 112 46 qua
2037 1754 128 46 flamma

1321 1797 138 44 mnes,
1413 1797 108 44 qui
1474 1797 123 44 tunc
1551 1797 154 44 viuent
1659 1797 138 44 super
1751 1797 169 44 terram,
1874 1797 215 44 morientur,
2028 1797 138 44 attamen

1320 1835 121 59 quia
1395 1835 212 59 celerrime,
1562 1835 76 59 &
1592 1835 136 59 quasi
1683 1835 196 59 immediate
1834 1835 212 59 resurgent,
2000 1835 121 59 ideo
2060 1835 106 59 loqui

1317 1883 100 45 tur
1374 1883 86 45 de
1417 1883 100 45 eis
1474 1883 200 45 scriptura,
1632 1883 86 45 ac
1675 1883 86 45 si
1718 1883 115 45 viui
1775 1883 143 45 mancrent

1345 1914 118 48 lste
1419 1914 118 48 enim
1492 1914 132 48 etiam
1580 1914 88 48 in
1624 1914 132 48 aliis
1713 1914 132 48 locis
1801 1914 103 48 est
1859 1914 132 48 modus
1948 1914 176 48 loquendi
2065 1914 103 48 scri-

1320 1951 171 48 pturae.
1445 1951 140 48 Dixit
1538 1951 125 48 enim
1616 1951 202 48 Christus,
1772 1951 109 48 Non
1834 1951 109 48 est
1896 1951 156 48 mortua
2005 1951 171 48 puella,
2114 1951 47 48 o

1311 1995 103 50 hoc
1370 1995 103 50 pro
1429 1995 147 50 tanto,
1532 1995 118 50 quia
1606 1995 191 50 immediate
1753 1995 147 50 voluit
1856 1995 132 50 ipsam
1944 1995 206 50 suscitare.
2091 1995 74 50 Pro

1320 2034 111 42 ter
1384 2034 111 42 hoc
1447 2034 143 42 etiam
1543 2034 111 42 ait
1606 2034 238 42 philosophus
1797 2034 95 42 2.
1844 2034 238 42 physicorum,
2035 2034 127 42 quod
2098 2034 64 42 mo

1325 2071 130 45 licum
1411 2071 159 45 distat,
1527 2071 101 45 pro
1585 2071 145 45 nihilo
1686 2071 159 45 reputat
1787 2071 203 45 intellectus.

1341 2116 108 49 Ad
1395 2116 181 49 dictum
1522 2116 235 49 Hicronvmi
1702 2116 235 49 dicendum,
1883 2116 145 49 quod
1955 2116 217 49 Hicronvmus

1304 2152 115 55 non
1369 2152 197 55 loquitur
1517 2152 115 55 ibi
1583 2152 197 55 secundum
1731 2152 214 55 opinionem
1895 2152 214 55 propriam,
2059 2152 115 55 sed
2108 2152 66 55 re

1313 2187 129 57 citat
1399 2187 129 57 dicta
1471 2187 144 57 aliorum.

1343 2224 94 50 Ad
1390 2224 188 50 septimum
1532 2224 204 50 dicendum,
1688 2224 125 50 quod
1767 2224 188 50 intentio
1908 2224 204 50 Augustini
2065 2224 125 50 est,

1311 2273 119 51 quod
1386 2273 209 51 incarnatio
1549 2273 134 51 verbi
1639 2273 89 51 in
1683 2273 104 51 hoc
1743 2273 119 51 plus
1817 2273 179 51 profuit,
1952 2273 119 51 quia
2026 2273 119 51 eos,
2086 2273 74 51 qui

1302 2309 150 53 obicem
1407 2309 90 53 ex
1452 2309 105 53 sua
1512 2309 120 53 mala
1586 2309 195 53 voluntate
1736 2309 105 53 non
1796 2309 165 53 ponunt,
1916 2309 90 53 in
1960 2309 165 53 altiori
2065 2309 90 53 sta-

1305 2352 93 49 tu
1351 2352 232 49 constituit,
1536 2352 124 49 quam
1614 2352 124 49 Adam
1691 2352 170 49 fuerit,
1814 2352 185 49 antequam
1938 2352 170 49 peccauit.

1344 2385 93 59 Ad
1391 2385 171 59 octauum
1516 2385 140 59 patet
1609 2385 93 59 ex
1656 2385 187 59 superius
1796 2385 171 59 dictis,
1920 2385 125 59 ergo
1983 2385 62 59 &c

1341 2422 98 61 Ad
1390 2422 147 61 nonum
1488 2422 213 61 dicendum,
1651 2422 131 61 quod
1733 2422 131 61 dato
1815 2422 115 61 per
1881 2422 262 61 impossibile,
2077 2422 98 61 vel-

1321 2459 190 62 ossibile,
1467 2459 117 62 quod
1540 2459 88 62 in
1584 2459 117 62 actu
1657 2459 233 62 generationis
1847 2459 175 62 alicuius
1978 2459 160 62 hominis
2080 2459 73 62 nul

1301 2505 85 53 la
1343 2505 128 53 esset
1429 2505 142 53 libido
1528 2505 185 53 actualis;
1670 2505 128 53 esset
1755 2505 128 53 tamen
1841 2505 85 53 in
1883 2505 85 53 eo
1926 2505 142 53 libido
2025 2505 71 53 &
2039 2505 114 53 concu-

1312 2544 171 53 iscentia
1440 2544 214 53 habitualis,
1611 2544 114 53 quae
1682 2544 100 53 est
1739 2544 185 53 derelicta
1881 2544 85 53 in
1924 2544 85 53 eo
1967 2544 85 53 ab
2009 2544 114 53 ipso
2066 2544 100 53 pecca

1307 2591 86 49 to
1350 2591 201 49 originali,
1507 2591 115 49 quae
1579 2591 158 49 dicitur
1693 2591 129 49 fomes
1779 2591 172 49 peccati,
1908 2591 158 49 ratione
2023 2591 129 49 culus
2094 2591 72 49 ge-

1305 2625 167 46 neraret
1426 2625 152 46 prolem
1533 2625 182 46 infectam
1669 2625 167 46 peccato
1776 2625 182 46 originali;

1347 2661 98 47 Ad
1396 2661 180 47 decimum
1527 2661 213 47 dicendum,
1691 2661 131 47 quod
1773 2661 213 47 Ambrosius
1937 2661 115 47 ibi
2002 2661 115 47 per
2051 2661 115 47 spiri

1300 2698 98 54 tum
1356 2698 126 54 vitae
1440 2698 197 54 intelligit
1595 2698 126 54 actum
1679 2698 211 54 spirationis
1848 2698 70 54 &
1876 2698 253 54 respirationis,
2073 2698 98 54 quimo

1306 2749 186 49 conuenit
1445 2749 155 49 puero,
1553 2749 170 49 quandiu
1677 2749 108 49 est
1739 2749 93 49 in
1785 2749 139 49 vtero
1878 2749 186 49 materno,
2017 2749 155 49 habet.
2110 2749 62 49 n.

1312 2783 121 55 uer,
1387 2783 166 55 quandiu
1508 2783 106 55 est
1568 2783 91 55 in
1614 2783 151 55 matris
1719 2783 151 55 vtero,
1825 2783 166 55 apertum
1946 2783 211 55 vmbilicum,
2096 2783 91 55 pro-

1306 2820 100 43 sit
1363 2820 142 43 dicunt
1462 2820 171 43 physici,
1590 2820 100 43 per
1647 2820 128 43 cuius
1732 2820 185 43 aperturam
1875 2820 100 43 cor
1931 2820 114 43 eius
1988 2820 171 43 sufficien-

1302 2864 96 48 ter
1357 2864 234 48 refrigeratur,
1550 2864 138 48 quauis
1646 2864 96 48 non
1701 2864 138 48 habeat
1798 2864 124 48 actum
1880 2864 179 48 spirandi,
2018 2864 69 48 &
2031 2864 138 48 respiram

1302 2895 103 45 di.
1361 2895 88 45 Et
1405 2895 117 45 quia
1478 2895 161 45 loannes
1596 2895 176 45 repletus
1728 2895 117 45 fuit
1801 2895 161 45 spiritu
1918 2895 147 45 sancto
2021 2895 132 45 adhuc
2094 2895 59 45 ex

1313 2945 109 46 tero
1382 2945 150 46 matris,
1491 2945 82 46 vt
1532 2945 123 46 patet
1614 2945 82 46 in
1655 2945 191 46 euangelio,
1805 2945 109 46 quod
1873 2945 232 46 verisimiliter
2051 2945 109 46 potest

1308 2982 138 47 tredi
1400 2982 154 47 factum
1508 2982 169 47 fuisse,
1631 2982 108 47 cum
1692 2982 108 47 sex
1754 2982 154 47 menses
1861 2982 154 47 habuit
1969 2982 92 47 in
2015 2982 138 47 vtero
2092 2982 77 47 ma-

1312 3019 122 41 ris,
1388 3019 152 41 quando
1495 3019 198 41 exultauit
1647 3019 91 41 in
1693 3019 137 41 vtero
1784 3019 91 41 ad
1830 3019 229 41 praesentiam
2013 3019 107 41 Dei
2058 3019 107 41 geni-

1305 3058 154 40 tricis
1413 3058 216 40 salutantis
1582 3058 154 40 matrem
1690 3058 185 40 loannis:
1829 3058 123 40 ideo
1907 3058 123 40 bene
1984 3058 154 40 potest
2076 3058 93 40 dici

1309 3098 121 52 quod
1384 3098 121 52 ante
1460 3098 151 52 habuit
1565 3098 181 52 spiritum
1701 3098 166 52 gratiae
1821 3098 181 52 loannes,
1957 3098 121 52 quam
2017 3098 151 52 spiritum
