2386 3535
173 274 146 61 modo,
270 274 325 61 supernaturaliter
547 274 98 61 ex
596 274 195 61 gratuito
742 274 114 61 Dei
807 274 146 61 dono,
888 274 163 61 secundum

170 333 135 55 quod
255 333 203 55 spiritus
407 333 186 55 sanctus
542 333 203 55 impleuit
695 333 254 55 Telonarium,
898 333 85 55 &
915 333 135 55 primum

176 368 254 56 Euangelistam
382 368 159 56 fecit,
494 368 79 56 &
525 368 190 56 impleuit
668 368 238 56 Piscatorem,
859 368 79 56 &
874 368 175 56 principem

167 409 245 50 Apostolorum
362 409 163 50 fecit.
476 409 130 50 Alio
558 409 130 50 modo
639 409 261 50 naturaliter,
851 409 130 50 puta
917 409 130 50 secun-

166 446 122 58 dum
235 446 139 58 quod
322 446 104 58 ex
374 446 209 58 bonitate
531 446 278 58 complexionis
757 446 139 58 vnus
843 446 156 58 habet
930 446 122 58 magis

166 491 225 41 ordinatam
339 491 260 41 phantasiam,
546 491 138 41 quam
633 491 173 41 alter,
754 491 87 41 &
789 491 121 41 per
840 491 208 41 consequens

168 529 162 47 meliori
286 529 147 47 ordine
389 529 162 47 species
507 529 265 47 intelligibiles
729 529 88 47 in
773 529 162 47 virtute
891 529 162 47 luminis
994 529 59 47 in

178 570 192 40 tellectus
326 570 162 40 agentis
444 570 221 40 recipiuntur
621 570 89 40 in
665 570 118 40 ipso
739 570 207 40 intellectu
887 570 162 40 possibili

173 604 163 53 Tertio
287 604 147 53 modo,
385 604 98 53 ex
434 604 261 53 frequentiori
647 604 163 53 studio
761 604 82 53 &
794 604 180 53 meliori
908 604 147 53 exerci-

172 643 133 50 tio.
255 643 100 50 Et
305 643 149 50 tamen
405 643 149 50 nullo
505 643 183 50 istorum
637 643 183 50 modorum
770 643 183 50 necesse
903 643 116 50 est
953 643 83 50 ip-

177 682 113 55 sum
242 682 243 55 intellectum
436 682 194 55 secundum
582 682 113 55 se,
647 682 113 55 vel
712 682 162 55 animam
809 682 243 55 intellectiuam

166 728 200 46 secundum
316 728 133 46 suam
399 728 216 46 essentiam
566 728 100 46 in
616 728 116 46 vno
682 728 166 46 homine
798 728 133 46 esse
865 728 183 46 meliorem,

178 760 135 54 quam
262 760 101 54 in
296 760 152 54 altero.

189 803 96 50 Et
237 803 112 50 per
301 803 112 50 hoc
365 803 144 50 patet
461 803 96 50 ad
509 803 208 50 secundum:
669 803 112 50 nam
733 803 176 50 propter
861 803 144 50 malum
941 803 96 50 exer

165 844 163 49 citium,
284 844 104 49 seu
343 844 178 49 studium,
477 844 104 49 vel
536 844 252 49 consuetudinem
744 844 134 49 ille,
833 844 104 49 qui
893 844 104 49 est
937 844 104 49 bonae

171 886 248 38 complexionis,
375 886 146 38 potest
478 886 146 38 effici
580 886 175 38 grossus,
711 886 73 38 &
740 886 189 38 vitiosus,
886 886 73 38 &
900 886 146 38 econuer-

169 922 98 44 so,
225 922 98 44 qui
281 922 98 44 est
337 922 126 44 malae
421 922 224 44 complexionis
603 922 140 44 potest
702 922 140 44 effici
800 922 182 44 subtilis,
940 922 70 44 &
954 922 84 44 vir-

164 960 175 45 tuosus:
291 960 127 45 quia
371 960 222 45 consuetudo
545 960 111 45 est
609 960 159 45 altera
720 960 175 45 natura,
847 960 95 45 vt
879 960 175 45 Commenta-

171 1003 109 49 tor
234 1003 140 49 primo
327 1003 218 49 physitorum
498 1003 125 49 ait,
576 1003 78 49 &
607 1003 233 49 philosophus
794 1003 93 49 in
841 1003 140 49 libro
934 1003 93 49 de
965 1003 78 49 me-

175 1047 137 46 moria
266 1047 76 46 &
296 1047 273 46 reminiscentia.
524 1047 91 46 Ex
569 1047 243 46 frequentatis
767 1047 137 46 etiam
858 1047 167 46 actibus
964 1047 76 46 ge-

163 1078 163 55 neratur
281 1078 177 55 habitus,
414 1078 89 55 vt
459 1078 148 55 patet.
562 1078 89 55 2.
607 1078 177 55 ethicor.
740 1078 163 55 Propter
858 1078 118 55 quod
917 1078 133 55 legitur

170 1119 95 53 de
218 1119 189 53 Socrate,
359 1119 126 53 quod
438 1119 173 53 grossus
564 1119 126 53 fuit
643 1119 173 53 natura,
769 1119 189 53 subtilis
911 1119 142 53 tamen
990 1119 63 53 ex

132 1156 185 51 studio.

293 1274 545 87 ARTICVLV
701 1274 227 87 S
746 1274 182 87 II

181 1359 151 85 Vtrum
282 1359 202 85 morienti
433 1359 101 85 in
484 1359 135 85 solo
568 1359 185 85 peccato
702 1359 219 85 origimali
854 1359 168 85 debeatur

489 1432 151 54 pena
565 1432 170 54 eterna.

200 1511 213 54 TVANTVM
355 1511 116 54 ad
413 1511 213 54 tertium
568 1511 252 54 articulum
761 1511 155 54 pono
858 1511 155 54 tres
936 1511 116 54 con

208 1531 304 74 ciusiones.

216 1592 138 51 Prima
308 1592 122 51 est,
384 1592 122 51 quod
461 1592 245 51 decedentibus
659 1592 92 51 in
705 1592 122 51 solo
782 1592 168 51 peccato
889 1592 153 51 origina-

186 1630 92 54 li
232 1630 108 54 non
293 1630 170 54 debetur
417 1630 154 54 aliqua
525 1630 139 54 poena
602 1630 123 54 sensus

191 1670 82 49 1
223 1670 131 49 Quia
305 1670 131 49 illi
387 1670 180 49 peccato
518 1670 114 49 non
583 1670 180 49 debetur
714 1670 147 49 poena
812 1670 180 49 sensus,
943 1670 98 49 in
975 1670 82 49 quo

187 1716 140 44 nulla
281 1716 109 44 est
343 1716 202 44 conuersio
499 1716 93 44 ad
546 1716 171 44 aliquod
670 1716 140 44 bonum
764 1716 249 44 commutabile.
951 1716 93 44 lsta

185 1754 153 48 patet:
292 1754 123 48 quia
369 1754 138 48 sicut
460 1754 138 48 poena
552 1754 138 48 damni
644 1754 199 48 respondet
798 1754 199 48 auersioni
951 1754 92 48 ab
981 1754 77 48 in-

185 1800 236 40 commutabili
374 1800 142 40 bono:
468 1800 110 40 sic
531 1800 142 40 poena
626 1800 157 40 sensus
736 1800 204 40 respondet
877 1800 173 40 conuersio

187 1829 98 40 ni
236 1829 98 40 ad
285 1829 246 40 commutabile
482 1829 164 40 bonum,
597 1829 148 40 iuxta
695 1829 164 40 illud;
810 1829 180 40 Quantum
925 1829 131 40 glori-

186 1868 164 39 ficauit
305 1868 89 39 se
350 1868 89 39 in
395 1868 194 39 delicijs:
544 1868 149 39 tantum
648 1868 119 39 date
722 1868 119 39 illi
797 1868 209 39 tormentum,
961 1868 74 39 &
976 1868 74 39 lu-

186 1904 116 44 ctum
259 1904 73 44 :
288 1904 102 44 sed
346 1904 87 44 in
390 1904 160 44 peccato
506 1904 189 44 originali
651 1904 102 44 non
709 1904 102 44 est
767 1904 145 44 aliqua
868 1904 189 44 conuersio
999 1904 58 44 ad

194 1946 240 51 commutabile
386 1946 160 51 bonum,
498 1946 96 51 vt
546 1946 96 51 de
593 1946 96 51 se
641 1946 160 51 patet:
753 1946 128 51 ergo
817 1946 80 51 &c.

197 1989 84 50 2
231 1989 217 50 Preterea,
398 1989 117 50 qui
465 1989 201 50 secundum
615 1989 167 50 nullum
732 1989 167 50 sensum
849 1989 201 50 peccauit
983 1989 67 50 se

176 2028 160 42 cundum
288 2028 160 42 nullum
400 2028 160 42 sensum
512 2028 80 42 a
544 2028 144 42 iusto
639 2028 160 42 iudice
751 2028 192 42 punietur
895 2028 96 42 in
927 2028 128 42 aeter-

186 2065 122 47 num:
262 2065 107 47 sed
323 2065 183 47 decedens
460 2065 91 47 in
506 2065 122 47 solo
582 2065 198 47 originali
734 2065 168 47 peccato
856 2065 183 47 secundum
978 2065 76 47 nul

184 2106 105 45 lum
244 2106 151 45 sensum
350 2106 196 45 peccauit.
500 2106 136 45 Maior
591 2106 151 45 patet,
696 2106 121 45 quia
772 2106 136 45 licet
862 2106 151 45 iustus
953 2106 105 45 iudex

180 2143 222 54 quandoque
351 2143 222 54 remuneret
522 2143 154 54 vltra
625 2143 239 54 condignum:
813 2143 188 54 numquam
932 2143 120 54 tamen

173 2182 199 56 punit
306 2182 199 56 vltra
416 2182 266 56 condignum.

195 2227 77 49 3
225 2227 215 49 Praeterea,
394 2227 138 49 nulla
486 2227 215 49 habitualis
655 2227 199 49 disposito
808 2227 215 49 vindicatur
962 2227 92 49 poe-

186 2263 91 50 na
231 2263 166 50 sensus:
352 2263 106 50 non
412 2263 121 50 enim
488 2263 166 50 punitur
608 2263 166 50 aliquis
729 2263 166 50 propter
850 2263 121 50 hoc,
925 2263 121 50 quod
986 2263 75 50 est

184 2302 165 54 habilis
304 2302 90 54 ad
349 2302 195 54 furandum:
499 2302 105 54 sed
559 2302 165 54 punitur
680 2302 90 54 ex
725 2302 105 54 hoc
785 2302 120 54 quod
860 2302 180 54 furatur:
980 2302 75 54 sed

178 2340 204 52 peccatum
331 2340 222 52 originale
502 2340 187 52 sumptum
638 2340 119 52 cum
706 2340 239 52 exclusione
894 2340 153 52 omnis
979 2340 68 52 a-

186 2390 171 44 ctualis
311 2390 171 44 peccati
436 2390 140 44 solum
529 2390 140 44 dicit
623 2390 296 44 concupiscentiam
856 2390 203 44 habitualem,

182 2419 147 59 ergo
255 2419 74 59 &c

203 2457 78 55 4
235 2457 219 55 Praeterea,
406 2457 156 55 beatus
516 2457 203 55 bernardus
672 2457 156 55 dicit,
781 2457 125 55 quod
859 2457 125 55 sola
922 2457 141 55 propria

198 2501 177 51 voluntas
331 2501 133 51 ardet
420 2501 89 51 in
464 2501 177 51 inferno,
598 2501 104 51 sed
657 2501 177 51 peccatum
790 2501 192 51 originale
923 2501 133 51 accidit

193 2538 135 53 sine
278 2538 186 53 propria
396 2538 203 53 voluntate.

196 2571 83 51 3
230 2571 149 51 Item,
329 2571 248 51 Innocentius
527 2571 182 51 tertius
660 2571 99 51 in
709 2571 165 51 quadam
825 2571 116 51 sua
875 2571 182 51 decretali

195 2616 145 45 dicit,
296 2616 116 45 quod
368 2616 116 45 pena
441 2616 145 45 sensus
542 2616 159 45 debetur
658 2616 159 45 peccato
774 2616 174 45 actuali:
904 2616 101 45 sed
948 2616 101 45 pecc-

190 2661 109 44 tum
253 2661 203 44 originale
409 2661 109 44 non
472 2661 109 44 est
534 2661 188 44 actuale:
675 2661 125 44 ergo
737 2661 63 44 &c

239 2697 97 55 Sed
295 2697 139 55 contra
392 2697 125 55 istud
475 2697 139 55 potest
572 2697 153 55 instari
670 2697 83 55 sic-

276 2737 118 47 Caro
350 2737 103 47 est
409 2737 132 47 causa
497 2737 206 47 originalis
659 2737 177 47 peccati:
791 2737 118 47 ergo
865 2737 132 47 poena
938 2737 118 47 sensus

184 2782 172 52 debetur
309 2782 203 52 originali
466 2782 172 52 peccato
590 2782 219 52 Antecedens
762 2782 156 52 patet,
872 2782 109 52 nam
934 2782 109 52 cum
981 2782 78 52 so-

196 2807 112 55 lam
260 2807 161 55 carnem
373 2807 225 55 accipiamus
549 2807 96 55 ab
597 2807 145 55 Adam,
694 2807 128 55 sola
774 2807 128 55 caro
854 2807 177 55 videtur
967 2807 96 55 esse

198 2854 127 52 causa
283 2854 198 52 originalis
438 2854 169 52 peccati.
565 2854 226 52 consequentia
748 2854 127 52 etiam
833 2854 141 52 patet,
932 2854 113 52 quia
988 2854 71 52 pe-

201 2903 84 37 na
243 2903 154 37 debetur
355 2903 126 37 illi,
440 2903 112 37 quod
510 2903 98 37 est
566 2903 126 37 causa
650 2903 168 37 peccati,
776 2903 98 37 sed
832 2903 112 37 caro
903 2903 98 37 non
959 2903 98 37 est
1001 2903 56 37 ca

201 2936 107 54 pax
262 2936 153 54 poenae
369 2936 123 54 nisi
446 2936 184 54 secundum
584 2936 168 54 sensum,
706 2936 123 54 ergo
767 2936 77 54 &c.

202 2969 78 50 2
234 2969 219 50 Praeterea,
406 2969 188 50 peccatum
547 2969 172 50 veniale
672 2969 172 50 punitur
798 2969 125 50 pena
876 2969 172 50 sensus:
986 2969 78 50 er-

197 3015 93 50 go
243 3015 77 50 &
274 3015 217 50 originale.
444 3015 217 50 Antecedens
615 3015 139 50 patet
708 3015 93 50 ex
754 3015 139 50 fide,
832 3015 232 50 consequentiam

196 3051 155 55 probo,
305 3051 124 55 quia
383 3051 155 55 maiori
491 3051 171 55 peccato
616 3051 109 55 non
678 3051 171 55 debetur
802 3051 140 55 minor
895 3051 140 55 pena,
988 3051 109 55 sed

207 3088 188 55 originale
351 3088 101 55 est
409 3088 145 55 maius,
510 3088 116 55 quam
583 3088 174 55 veniale,
713 3088 116 55 quia
785 3088 159 55 veniale
901 3088 145 55 potest
988 3088 72 55 si-

198 3136 114 58 mul
263 3136 146 58 stare
360 3136 114 58 cum
425 3136 179 58 gratia:
556 3136 211 58 originale
718 3136 146 58 autem
800 3136 81 58 non

1092 279 79 74 3
1124 279 220 74 Praeterea,
1296 279 204 74 originale
1453 279 188 74 peccatum
1595 279 94 74 in
1642 279 110 74 hac
1705 279 126 74 vita
1783 279 173 74 punitur
1893 279 63 74 pe

1078 340 88 55 na
1122 340 206 55 sensibili:
1284 340 118 55 ergo
1358 340 74 55 &
1387 340 118 55 post
1461 340 162 55 mortem.
1578 340 206 55 Antecedens
1740 340 132 55 patet
1828 340 88 55 ex
1858 340 88 55 prae

1082 384 242 49 redentibus,
1275 384 258 49 consequentia
1485 384 145 49 etiam
1582 384 177 49 videtur
1711 384 161 49 tenere
1824 384 97 49 ex
1856 384 97 49 hoc,

1082 423 125 54 quia
1161 423 109 54 non
1223 423 156 54 minus,
1333 423 109 54 sed
1395 423 172 54 grauius
1520 423 203 54 puniuntur
1677 423 172 54 peccata
1802 423 125 54 post
1864 423 94 54 hanc

1085 456 159 52 vitam,
1197 456 127 52 quam
1276 456 96 52 in
1324 456 111 52 hac
1372 456 111 52 vita.

1098 500 81 42 4
1130 500 210 42 Preterea,
1291 500 145 42 istud
1388 500 193 42 videntur
1533 500 161 42 sonare
1646 500 145 42 verba
1743 500 210 42 Augustini
1888 500 64 42 in

1081 528 128 65 libro
1166 528 85 65 de
1209 528 100 65 fi.
1266 528 85 65 ad
1309 528 157 65 Petrum,
1422 528 100 65 vbi
1479 528 100 65 sic
1536 528 114 65 ait,
1607 528 199 65 Firmissime
1764 528 114 65 tene
1835 528 71 65 &
1849 528 100 65 nulla

1073 571 149 58 tenus
1172 571 182 58 dubites
1304 571 116 58 non
1370 571 149 58 solum
1469 571 182 58 homines
1601 571 116 58 iam
1667 571 182 58 ratione
1782 571 165 58 vtentes,

1076 615 143 53 verum
1172 615 143 53 etiam
1267 615 207 53 paruulos,
1426 615 111 53 qui
1490 615 127 53 siue
1569 615 95 53 in
1617 615 159 53 vteris
1728 615 159 53 matrum
1824 615 143 53 viuere.

1082 651 237 50 inceperunt,
1272 651 79 50 &
1303 651 110 50 ibi
1366 651 221 50 moriuntur;
1540 651 126 50 siue
1619 651 95 50 de
1666 651 189 50 matribus
1808 651 126 50 nati
1871 651 95 50 sine

1079 692 220 53 sactamento
1252 692 252 53 baptismatis,
1457 692 126 53 quod
1535 692 142 53 datur
1630 692 94 53 in
1677 692 157 53 nomine
1787 692 157 53 patris
1897 692 79 53 &

1075 735 123 49 filij
1157 735 68 49 &
1185 735 164 49 spiritus
1308 735 150 49 sancti,
1417 735 82 49 de
1458 735 96 49 hoc
1513 735 150 49 saeculo
1622 735 191 49 transeunt,
1772 735 123 49 ignis
1841 735 109 49 aeter-

1080 771 92 53 ni
1126 771 214 53 sempiterno
1294 771 199 53 supplicio
1447 771 214 53 puniendos,
1615 771 122 53 quia
1692 771 92 53 si
1738 771 184 53 peccatum
1860 771 92 53 pro-

1091 806 141 61 priae
1185 806 188 61 actionis
1326 806 156 61 nullum
1436 806 219 61 habuerunt,
1608 806 219 61 originalis
1780 806 141 61 tamen
1858 806 94 61 pec-

1072 857 136 45 cati
1157 857 254 45 damnationem
1360 857 187 45 carnali
1496 857 271 45 conceptione,
1717 857 85 45 &
1733 857 204 45 natiuitate

1065 884 191 49 traxerunt.

1112 926 113 51 Ad,
1176 926 162 51 primum
1290 926 210 51 dicendum,
1451 926 129 51 quod
1532 926 226 51 antecedens
1710 926 113 51 non
1774 926 113 51 est
1823 926 129 51 simpli

1083 964 136 51 citer
1173 964 151 51 verum,
1279 964 121 51 quia
1355 964 91 51 in
1400 964 136 51 nullo
1490 964 151 51 genere
1596 964 151 51 causae
1702 964 166 51 proprie
1807 964 136 51 loquen-

1081 1003 80 48 do
1121 1003 107 48 caro
1188 1003 134 48 potest
1281 1003 107 48 dici
1348 1003 134 48 causa,
1442 1003 187 48 originalis
1589 1003 161 48 peccati,
1710 1003 94 48 nam
1763 1003 120 48 licet
1843 1003 67 48 a
1857 1003 80 48 pro-

1078 1051 187 39 toplasto
1218 1051 202 39 huiusmodi
1374 1051 187 39 defectus
1514 1051 202 39 descendat
1669 1051 93 39 in
1716 1051 109 39 nos
1778 1051 109 39 per
1825 1051 124 39 carna-

1083 1085 105 49 lem
1143 1085 135 49 concu
1233 1085 225 49 piscentiam,
1413 1085 135 49 tamen
1503 1085 90 49 in
1547 1085 120 49 ipso
1622 1085 150 49 genito
1727 1085 105 49 non
1787 1085 135 49 habet
1862 1085 75 49 ra-

1075 1125 165 44 tionem
1190 1125 181 44 peccati
1321 1125 148 44 donec
1420 1125 214 44 pertingat
1585 1125 99 44 ad
1618 1125 148 44 amimam.

1112 1163 106 55 Ad
1165 1163 213 55 secundum
1325 1163 142 55 nego
1414 1163 319 55 consequentiam.
1680 1163 106 55 Ad
1715 1163 231 55 probationem

1081 1198 132 54 dico,
1170 1198 118 54 quod
1243 1198 176 54 peccatum
1375 1198 191 54 originale
1523 1198 74 54 &
1552 1198 176 54 peccatum
1684 1198 162 54 veniale
1802 1198 118 54 sunt
1861 1198 88 54 alte

1074 1243 117 44 rius
1147 1243 73 44 &
1177 1243 175 44 alterius
1308 1243 190 44 rationis,
1454 1243 117 44 ideo
1527 1243 131 44 etiam
1615 1243 131 44 eorum
1703 1243 146 44 poenae
1790 1243 161 44 differunt

1085 1279 183 58 ratione.
1222 1279 107 58 Nec
1283 1279 168 58 proprie
1405 1279 168 58 possunt
1528 1279 122 58 esse
1604 1279 92 58 ad
1650 1279 168 58 inuicem
1757 1279 183 58 comparabi-

1073 1321 111 45 les
1136 1321 142 45 penes
1231 1321 158 45 maius,
1342 1321 79 45 &
1373 1321 158 45 minus.
1484 1321 126 45 Vnde
1563 1321 126 45 quia
1642 1321 95 45 in
1689 1321 174 45 peccato
1800 1321 142 45 veniali

1078 1361 107 43 ita
1139 1361 107 43 est
1200 1361 198 43 conuersio
1352 1361 91 43 ad
1398 1361 168 43 aliquod
1520 1361 137 43 bonum
1611 1361 244 43 commutabile,
1809 1361 122 43 quod
1870 1361 76 43 ta-

1082 1400 106 44 men
1142 1400 106 44 non
1203 1400 106 44 est
1263 1400 166 44 auersio
1384 1400 76 44 a
1415 1400 121 44 bono
1490 1400 272 44 incommutabili,
1717 1400 121 44 ideo
1793 1400 106 44 ita
1838 1400 106 44 puni-

1076 1440 101 42 tur
1133 1440 116 42 pena
1206 1440 159 42 sensus,
1321 1440 116 42 quod
1394 1440 101 42 non
1451 1440 159 42 punitur
1567 1440 130 42 poena
1654 1440 173 42 perpetua
1784 1440 145 42 damni,
1871 1440 72 42 sic

1083 1476 199 46 econuerso
1236 1476 92 46 de
1282 1476 199 46 originali
1420 1476 61 46 &c

1097 1516 95 43 Ad
1145 1516 174 43 tertium
1271 1516 206 43 dicendum,
1430 1516 127 43 quod
1509 1516 158 43 poenae
1619 1516 222 43 sensibiles
1794 1516 95 43 in
1841 1516 111 43 hac
1889 1516 47 43 v

1073 1557 94 45 ta
1120 1557 110 45 per
1183 1557 189 45 accidens
1325 1557 205 45 sequuntur
1483 1557 94 45 ad
1530 1557 157 45 culpam
1640 1557 236 45 originalem,
1829 1557 94 45 ut
1860 1557 79 45 pa-

1085 1593 117 52 tuit
1144 1593 161 52 superius.

1113 1642 94 45 Ad
1160 1642 173 45 quartum
1286 1642 205 45 dicendum,
1444 1642 126 45 quod
1522 1642 173 45 secudum
1648 1642 205 45 doctores,
1805 1642 126 45 puta
1868 1642 79 45 AE-

1103 1675 89 54 i.
1148 1675 74 54 &
1178 1675 119 54 Tho.
1252 1675 119 54 Aug.
1327 1675 104 54 per
1386 1675 134 54 talia
1475 1675 134 54 verba
1565 1675 179 54 intendit
1699 1675 194 54 exprimere
1833 1675 119 54 poenam

1082 1717 161 43 damni,
1194 1717 128 43 quia
1275 1717 145 43 modus
1371 1717 128 43 fuit
1451 1717 225 43 antiquitus
1628 1717 225 43 sanctorum,
1804 1717 128 43 quod
1869 1717 80 43 om-

1088 1755 112 41 nem
1152 1755 161 41 poenam
1265 1755 193 41 aeternam
1409 1755 241 41 appellabant
1602 1755 161 41 poenam
1698 1755 129 41 ignis.

1115 1792 174 53 Secunda
1242 1792 206 53 conclusio
1400 1792 126 53 est,
1479 1792 126 53 quod
1558 1792 221 53 decedentes
1732 1792 95 53 in
1779 1792 126 53 solo
1843 1792 126 53 origi-

1088 1833 92 43 li
1134 1833 168 43 peccato
1256 1833 199 43 puniuntur
1408 1833 183 43 perpetua
1546 1833 214 43 priuatione
1714 1833 183 43 visionis
1836 1833 107 43 diui-

1094 1869 90 48 nae
1133 1869 154 48 essentiae.

1110 1911 77 54 1
1140 1911 108 54 Nam
1202 1911 138 54 talis
1294 1911 154 54 visio,
1402 1911 108 54 cum
1463 1911 108 54 sit
1525 1911 154 54 omnino
1632 1911 292 54 supernaturalis,
1878 1911 108 54 non

1096 1951 149 50 potest
1200 1951 89 50 ab
1245 1951 149 50 aliquo
1349 1951 178 50 adipisci
1482 1951 119 50 nisi
1557 1951 178 50 mediante
1690 1951 149 50 gratia
1794 1951 119 50 Dei;
1854 1951 89 50 ergo

1080 1999 112 42 nec
1144 1999 112 42 per
1208 1999 224 42 consequens
1384 1999 160 42 potest
1496 1999 160 42 habere
1608 1999 192 42 gloriam,
1752 1999 112 42 seu
1816 1999 160 42 beatam

1069 2026 214 48 visionem.

1104 2066 75 56 2
1134 2066 209 56 Praeterea,
1299 2066 120 56 ista
1373 2066 105 56 est
1433 2066 180 56 intentio
1568 2066 135 56 beati
1658 2066 209 56 Augustini,
1822 2066 75 56 &
1837 2066 105 56 cete-

1085 2103 159 49 rorum
1191 2103 229 49 sanctorum
1350 2103 194 49 doctorum.

1096 2148 83 51 3
1130 2148 249 51 Innocentius
1329 2148 166 51 etiam,
1445 2148 100 51 vt
1495 2148 149 51 supra
1594 2148 199 51 expresse
1744 2148 166 51 dicit,
1843 2148 100 51 quod

1090 2190 206 46 originali
1248 2190 174 46 peccato
1375 2190 174 46 debetur
1502 2190 111 46 pro
1565 2190 142 46 poena
1660 2190 190 46 carentia
1787 2190 158 46 visionis

1068 2223 152 44 diumae.

1112 2264 104 48 Sed
1172 2264 148 48 contra
1275 2264 134 48 istud
1364 2264 89 48 ab
1409 2264 193 48 aliquibus
1557 2264 178 48 antiquis
1691 2264 134 48 satis
1765 2264 178 48 apparenter

1093 2301 167 56 arguitur
1204 2301 84 56 sic-

1097 2344 75 41 1
1127 2344 90 41 Si
1172 2344 165 41 aliquis
1292 2344 120 41 homo
1367 2344 210 41 priuaretur
1532 2344 105 41 Dei
1592 2344 180 41 visione,
1727 2344 120 41 ille
1802 2344 135 41 esset
1877 2344 75 41 fru

1087 2383 114 51 stra
1158 2383 186 51 productus
1301 2383 72 51 a
1330 2383 114 51 Deo,
1401 2383 200 51 consequens
1559 2383 100 51 est
1616 2383 157 51 falsum,
1730 2383 129 51 quia,
1816 2383 86 51 vt
1845 2383 100 51 patet

1095 2422 89 46 1.
1140 2422 89 46 de
1184 2422 148 46 coelo,
1288 2422 74 46 &
1318 2422 133 46 mundo
1407 2422 133 46 Deus,
1496 2422 74 46 &
1525 2422 148 46 natura
1629 2422 133 46 nihil
1718 2422 163 46 faciunt
1822 2422 148 46 frustra,

1091 2461 229 51 consequentia
1276 2461 186 51 probatur,
1419 2461 114 51 quia
1491 2461 129 51 illud
1577 2461 100 51 est
1634 2461 171 51 frustra,
1762 2461 114 51 quod
1834 2461 100 51 non
1877 2461 71 51 po-

1084 2499 127 50 test
1164 2499 191 50 consequi
1307 2499 143 50 finem
1402 2499 143 50 suum,
1498 2499 95 50 vt
1545 2499 143 50 patet
1641 2499 175 50 secundo
1752 2499 207 50 physicorum,

1085 2540 106 47 sed
1146 2540 152 47 videre
1252 2540 121 47 Deum
1328 2540 106 47 est
1388 2540 137 47 finis
1480 2540 152 47 totius
1586 2540 167 47 humanae
1692 2540 152 47 naturae.

1104 2575 79 45 2
1136 2575 221 45 Praeterea,
1310 2575 221 45 grauissima
1484 2575 142 45 poena
1579 2575 111 45 non
1642 2575 174 45 debetur
1768 2575 174 45 peccato
1879 2575 79 45 ori

1115 2616 141 44 inali,
1213 2616 98 44 sed
1270 2616 169 44 priuatio
1396 2616 155 44 diuinae
1509 2616 169 44 uisionis
1635 2616 98 44 est
1692 2616 127 44 poena
1762 2616 183 44 grauissima,

1095 2657 136 52 Maior
1185 2657 136 52 patet
1276 2657 106 52 per
1336 2657 226 52 Augustinum,
1517 2657 121 52 qui,
1593 2657 91 52 vt
1638 2657 166 52 allegat
1759 2657 181 52 Magister
1880 2657 60 52 hi

1089 2694 86 46 in
1132 2694 157 46 littera
1246 2694 143 46 dicit,
1346 2694 114 46 quod
1418 2694 186 46 mitissima
1561 2694 100 46 est
1618 2694 114 46 pena
1690 2694 143 46 eorum,
1790 2694 100 46 qui
1847 2694 100 46 pro
1890 2694 57 46 so

1098 2736 88 43 lo
1142 2736 161 43 peccato
1259 2736 190 43 originali
1405 2736 205 43 puniuntur,
1566 2736 102 43 sed
1624 2736 146 43 minor,
1727 2736 175 43 probatur
1844 2736 102 43 aucto

1105 2773 137 45 itate
1196 2773 76 45 &
1227 2773 183 45 ratione.
1364 2773 228 45 Auctoritate
1546 2773 167 45 quidem,
1668 2773 122 45 quia
1744 2773 137 45 dicit
1820 2773 122 45 Chryso

1100 2814 130 48 super
1186 2814 145 48 Matth.
1288 2814 101 48 quo
1345 2814 174 48 carentia
1476 2814 174 48 uisionis
1606 2814 145 48 diuine
1707 2814 101 48 est
1765 2814 145 48 maxima
1852 2814 101 48 poena

1094 2857 126 42 rum,
1173 2857 79 42 &
1204 2857 299 42 intolerabilior,
1456 2857 126 42 quam
1535 2857 173 42 gcenna.
1660 2857 142 42 Patet
1755 2857 142 42 etiam
1833 2857 126 42 ratio-

1103 2892 109 44 ne.
1166 2892 109 44 Nam
1228 2892 109 44 cum
1290 2892 140 44 poena
1383 2892 109 44 sit
1445 2892 155 44 semper
1554 2892 171 44 quaedam
1678 2892 186 44 priuatio
1803 2892 155 44 alicuius

1092 2931 113 45 boni
1162 2931 225 45 conuenientis
1345 2931 99 45 ei,
1402 2931 99 45 cui
1458 2931 113 45 pena
1529 2931 197 45 inffigitur
1683 2931 141 45 igitur
1782 2931 113 45 illa
1852 2931 99 45 est
1895 2931 56 45 ma

1093 2970 104 49 ior
1153 2970 149 49 poena,
1257 2970 119 49 quae
1332 2970 134 49 maius
1421 2970 134 49 bonum
1511 2970 164 49 tollit,
1630 2970 104 49 sed
1690 2970 179 49 priuatio
1809 2970 149 49 uisionis

1101 3009 169 57 diuinae
1224 3009 154 57 tollit
1331 3009 154 57 summum
1439 3009 138 57 bonum
1531 3009 185 57 hominis,
1670 3009 123 57 ergo
1747 3009 185 57 videtur;
1870 3009 92 57 quod

1095 3048 163 50 sit
1188 3048 209 50 summa
1327 3048 209 50 poena
1444 3048 209 50 hominis

1139 3086 74 50 3
1169 3086 192 50 Preterea,
1316 3086 133 50 ille,
1405 3086 103 50 qui
1464 3086 103 50 est
1523 3086 147 50 dignus
1626 3086 251 50 misericordia,
1832 3086 103 50 non
1876 3086 74 50 de-

1112 3137 105 56 pet
1172 3137 150 56 puniri
1277 3137 120 56 pena
1352 3137 195 56 perpetua,
1502 3137 180 56 decedens
1636 3137 90 56 in
1681 3137 195 56 originali
1816 3137 135 56 peccato
