2171 3510
409 245 97 70 est
464 245 138 70 dignus
561 245 249 70 ntisericordia,
768 245 111 70 quia
838 245 152 70 dicitur
948 245 83 70 in
990 245 166 70 legibus,
1114 245 138 70 dignus
1197 245 69 70 est

402 301 245 49 misericordia,
603 301 101 49 qui
661 301 144 49 alieno
762 301 130 49 vitio
848 301 202 49 laborauit.

433 330 78 55 4
465 330 217 55 Praeterea,
635 330 186 55 priuatio
775 330 109 55 non
837 330 124 55 plus
914 330 171 55 priuat,
1038 330 124 55 quam
1116 330 140 55 ponat
1193 330 78 55 ha-

405 380 132 48 bitus
493 380 190 48 oppositus
639 380 219 48 priuationi:
815 380 102 48 sed
873 380 175 48 iustitia
1005 380 219 48 originalis,
1166 380 102 48 tuius

398 425 183 49 priuatio
535 425 107 49 est
596 425 168 49 pecatum
718 425 214 49 originale,
886 425 107 49 non
947 425 153 49 posuit
1054 425 183 49 visionem
1176 425 92 49 diui

390 451 105 49 nae
450 451 209 49 essentiae:
614 451 119 49 ergo
689 451 105 49 nec
748 451 194 49 originale
898 451 179 49 peccatum
1032 451 149 49 tollit
1122 451 134 49 huiusmo

395 499 94 50 di
427 499 172 50 visionem.

438 527 80 58 3
470 527 223 58 Praeterea,
645 527 223 58 Augustinus
820 527 96 58 in
868 527 143 58 libro
963 527 96 58 de
1011 527 159 58 duabus
1107 527 159 58 animabus

401 571 124 55 ait,
479 571 155 55 Tenere
588 571 186 55 quemquam
728 571 140 55 reum,
821 571 124 55 quia
899 571 109 55 non
961 571 155 55 fecit,
1070 571 124 55 quod
1132 571 124 55 faceri

385 614 99 49 non
441 614 155 49 potuit,
554 614 141 49 summae
653 614 226 49 iniustitiae,
837 614 71 49 &
865 614 170 49 insaniae
993 614 99 49 est
1049 614 71 49 :
1077 614 99 49 sed
1134 614 113 49 Deus
1190 614 71 49 non

397 649 108 53 est
458 649 200 53 iniustus,
612 649 123 53 ergo
689 649 92 53 in
735 649 123 53 solo
812 649 169 53 peccato
936 649 200 53 originali
1074 649 185 53 decedentem

391 694 118 45 non
459 694 186 45 tenebit
594 694 152 45 reum,
695 694 85 45 &
729 694 118 45 per
797 694 237 45 consequens
983 694 118 45 non
1050 694 203 45 priuabit
1185 694 85 45 eum

395 726 123 60 tali
471 726 138 60 bono,
564 726 123 60 quod
640 726 123 60 sine
717 726 200 60 originali
871 726 169 60 peccato
994 726 123 60 sibi
1055 726 200 60 comunicaret

430 772 101 45 Ad
481 772 168 45 primum
599 772 219 45 dicendum,
767 772 135 45 quod
851 772 152 45 licet
952 772 135 45 Deus
1036 772 152 45 nihil
1120 772 135 45 faciai

394 804 172 51 frustra,
523 804 115 51 quia
594 804 158 51 quantum
709 804 86 51 in
752 804 86 51 se
795 804 100 51 est
852 804 129 51 omnia
938 804 158 51 dirigit
1052 804 86 51 in
1095 804 115 51 suos
1153 804 100 51 fines

396 844 123 53 homo
472 844 154 53 tamen,
580 844 108 53 qui
641 844 108 53 est
703 844 154 53 liberi
810 844 200 53 arbitrij,
964 844 123 53 mala
1041 844 108 53 sua
1087 844 169 53 voluntate

400 892 152 43 seipsum
511 892 97 43 suo
566 892 111 43 file
635 892 180 43 frustrare
774 892 152 43 potest.
884 892 111 43 Ideo
954 892 69 43 a
981 892 152 43 Sapien.
1092 892 166 43 dicitur,
1203 892 55 43 ua

395 929 93 49 ni
441 929 124 49 sunt
518 929 139 49 omnes
611 929 186 49 homines,
751 929 93 49 in
797 929 155 49 quibus
905 929 108 49 non
967 929 108 49 est
1029 929 186 49 scientia
1153 929 93 49 Dei-

429 963 163 48 Potest
543 963 147 48 etiam
641 963 147 48 dici,
739 963 131 48 quod
821 963 180 48 quantum
952 963 98 48 ad
1001 963 180 48 diuinum
1115 963 147 48 ordinem

393 1013 123 41 etiam
475 1013 123 41 illi,
557 1013 96 41 qui
612 1013 109 41 sunt
681 1013 82 41 in
722 1013 164 41 inferno,
845 1013 96 41 non
899 1013 109 41 sunt
968 1013 164 41 frustra:
1091 1013 109 41 quia
1159 1013 82 41 in
1187 1013 68 41 ip-

405 1049 96 45 sis
460 1049 151 45 relucet
570 1049 138 45 diuina
667 1049 179 45 iustitia.
805 1049 124 45 Etiam
887 1049 124 45 illi,
970 1049 96 45 qui
1025 1049 165 45 decedunt
1149 1049 83 45 in
1176 1049 83 45 ori-

399 1080 152 60 ginali
505 1080 168 60 peccato
627 1080 137 60 solo,
719 1080 107 60 non
780 1080 122 60 sunt
856 1080 183 60 frustra,
993 1080 122 60 quia
1069 1080 168 60 quamuis
1191 1080 107 60 non

395 1123 268 52 consequantur
613 1123 150 52 finem
713 1123 318 52 supernaturalem,
980 1123 268 52 consequuntur
1181 1123 67 52 ta

390 1158 112 55 men
454 1158 144 55 finem
550 1158 225 55 naturalem.
727 1158 176 55 Possunt
855 1158 128 55 enim
935 1158 160 55 habere
1031 1158 225 55 euidentiorem

396 1206 317 42 contemplationem,
666 1206 127 42 quod
745 1206 206 42 quicumque
903 1206 238 42 philosophus
1094 1206 158 42 vmquam
1189 1206 63 42 h-

391 1237 121 52 bere
467 1237 151 52 potuit
572 1237 91 52 in
618 1237 106 52 hac
678 1237 136 52 vita,
769 1237 121 52 quae
845 1237 151 52 quidem
951 1237 242 52 contemplatio
1147 1237 106 52 est
1193 1237 61 52 na

393 1278 160 49 turalis
510 1278 131 49 finis
597 1278 160 49 hominis
714 1278 189 49 virtuosi,
860 1278 87 49 vt
904 1278 146 49 patet.
1006 1278 87 49 10
1035 1278 160 49 ethicorum

438 1308 94 61 Ad
485 1308 188 61 secundum
626 1308 204 61 dicendum,
783 1308 125 61 quod
861 1308 110 61 qui
924 1308 94 61 in
971 1308 125 61 solo
1049 1308 204 61 originali
1190 1308 63 61 de

389 1356 163 48 cedunt
503 1356 228 48 mitissimam
681 1356 211 48 sustinent
844 1356 179 48 poenam,
974 1356 130 48 quia
1055 1356 179 48 quamuis
1169 1356 81 48 ca-

392 1396 142 53 reant
487 1396 111 53 Dei
550 1396 190 53 visione,
693 1396 95 53 ex
740 1396 111 53 hoc
803 1396 142 53 tamen
898 1396 158 53 nullum
1009 1396 221 53 percipiunt
1167 1396 95 53 cru-

399 1444 165 44 ciatum,
519 1444 90 44 vt
564 1444 165 44 patebit
684 1444 90 44 in
729 1444 180 44 sequenti
848 1444 210 44 conclusione.

438 1480 94 48 Ad
485 1480 173 48 tertium
611 1480 204 48 dicendum,
769 1480 126 48 quod
847 1480 189 48 decedens
989 1480 94 48 in
1036 1480 220 48 originali;
1193 1480 63 48 in

402 1513 112 51 hoc
466 1513 192 51 percipit
610 1513 112 51 Dei
673 1513 287 51 misericordiam,
913 1513 128 51 quod
993 1513 160 51 nullus
1088 1513 160 51 adhibetu

396 1564 117 38 sibi
470 1564 205 38 eruciatus:
631 1564 103 38 non
690 1564 132 38 tamen
778 1564 103 38 est
836 1564 147 38 dignus
939 1564 117 38 tali
1013 1564 249 38 misericordia,
1203 1564 59 38 vt

402 1593 184 48 vlterius
540 1593 230 48 promoueatur
724 1593 92 48 ad
770 1593 169 48 diuinae
893 1593 184 48 visionis
1016 1593 230 48 consolationem

391 1631 120 48 quia
466 1631 135 48 nihil
555 1631 194 48 reperitur
705 1631 90 48 in
750 1631 120 48 tali
825 1631 164 48 homine,
944 1631 164 48 ratione
1064 1631 135 48 cuius
1153 1631 90 48 ad
1183 1631 60 48 hu

385 1670 185 53 iusmodi
519 1670 201 53 visionem
670 1670 151 53 digne
771 1670 168 53 debeat
872 1670 201 53 promoueri.

427 1711 97 48 Ad
475 1711 178 48 quartum
605 1711 130 48 nego
686 1711 194 48 maiorem,
832 1711 130 48 quia
913 1711 146 48 licet
1010 1711 227 48 formaliter
1172 1711 81 48 non

389 1755 126 52 plus
468 1755 189 52 priuatio
610 1755 173 52 priuet,
736 1755 126 52 quam
814 1755 173 52 habitus
940 1755 157 52 ponat,
1050 1755 142 52 tamen
1145 1755 110 52 per
1192 1755 63 52 mo

389 1787 107 58 dum
450 1787 184 58 sequelae
588 1787 138 58 multa
680 1787 169 58 priuat,
803 1787 123 58 quae
879 1787 215 58 formaliter
1048 1787 107 58 non
1109 1787 138 58 ponit
1186 1787 61 58 h-

402 1839 155 41 bitus.
511 1839 186 41 Priuatus
651 1839 124 41 enim
729 1839 155 41 oculis
837 1839 186 41 perpetuo
977 1839 186 41 priuatur
1101 1839 140 41 sacerdo

392 1873 127 48 tio,
472 1873 175 48 quamuis
599 1873 159 48 posito
710 1873 191 48 oculorum
853 1873 191 48 praecise
996 1873 111 48 non
1059 1873 143 48 ponat
1139 1873 111 48 sacet

391 1911 170 51 dotium,
514 1911 108 51 sic
560 1911 62 51 &c

426 1951 103 47 Ad
477 1951 188 47 quintum
614 1951 222 47 dicendum,
785 1951 137 47 quod
871 1951 154 47 licet
973 1951 154 47 talis
1076 1951 120 47 non
1127 1951 120 47 debea

393 1985 149 46 teneri
498 1985 120 46 reus
572 1985 105 46 quo
632 1985 90 46 ad
677 1985 149 46 poenam
782 1985 239 46 crucitatiuam
976 1985 75 46 &
1006 1985 239 46 afffictiuam,
1185 1985 60 46 in

395 2027 104 50 ste
454 2027 133 50 tamen
543 2027 148 50 potest
647 2027 148 50 teneri
751 2027 118 50 reus
825 2027 104 50 quo
884 2027 89 50 ad
928 2027 163 50 poenam,
1047 2027 118 50 quae
1121 2027 104 50 est
1165 2027 89 50 vlte

389 2062 157 50 rioris
499 2062 236 50 promotionis
688 2062 252 50 prohibitiua.
892 2062 142 50 Cecus
987 2062 126 50 enim
1065 2062 142 50 natus
1144 2062 110 50 iuste

393 2110 174 48 priuatur
524 2110 145 48 gradum
626 2110 232 48 sacerdotalis
814 2110 218 48 dignitatis,
989 2110 160 48 quamuis
1105 2110 116 48 suam
1163 2110 87 48 cae-

393 2146 166 46 citatem
513 2146 211 46 praeuenire
679 2146 105 46 non
739 2146 166 46 potuit,
860 2146 105 46 sic
905 2146 60 46 &c

434 2187 152 51 Tertia
540 2187 197 51 conclusio
692 2187 121 51 est,
768 2187 121 51 quod
843 2187 212 51 decedentes
1010 2187 91 51 in
1056 2187 121 51 solo
1116 2187 137 51 peccato

390 2224 186 49 originali
533 2224 86 49 ex
576 2224 186 49 praedicta
719 2224 172 49 catentia
848 2224 158 49 diuinae
963 2224 172 49 visionis
1091 2224 143 49 nullum
1177 2224 72 49 su-

390 2268 173 44 stinent
500 2268 204 44 crucitatum.

417 2299 77 52 1
447 2299 123 52 Quia
525 2299 154 52 nullus
633 2299 170 52 prudens
756 2299 216 52 crucitatur
926 2299 93 52 ex
972 2299 108 52 eo,
1034 2299 123 52 quod
1111 2299 123 52 sibi
1173 2299 77 52 non

390 2340 138 47 datur
482 2340 153 47 illud,
589 2340 92 47 ad
635 2340 122 47 quod
711 2340 153 47 nullam
818 2340 153 47 habet,
926 2340 107 47 nec
987 2340 153 47 habere
1094 2340 153 47 potest
1186 2340 61 47 h-

390 2381 209 44 bilitatem;
554 2381 135 44 esset
644 2381 120 44 enim
719 2381 194 44 insipiens
868 2381 135 44 homo,
958 2381 105 44 qui
1018 2381 164 44 doleret
1137 2381 90 44 ex
1167 2381 75 44 ho-

391 2422 116 50 quod
463 2422 102 50 non
521 2422 145 50 potest
623 2422 160 50 volare,
739 2422 87 50 vt
782 2422 131 50 volat
869 2422 131 50 auis:
956 2422 102 50 sed
1014 2422 145 50 animae
1116 2422 131 50 tales
1188 2422 58 50 si

395 2457 168 46 paratae
517 2457 153 46 habent
624 2457 198 46 perfectam
776 2457 229 46 prudentiam,
959 2457 76 46 &
990 2457 168 46 vident,
1112 2457 122 46 quod
1173 2457 76 46 nec

385 2507 134 42 sunt
469 2507 185 42 habiles
603 2507 101 42 ad
654 2507 218 42 huiusmodi
822 2507 151 42 finem
922 2507 319 42 supernaturalem,
1174 2507 67 42 ne

391 2544 146 50 vnquam
493 2544 87 50 ex
537 2544 116 50 suis
610 2544 218 50 naturalibus
784 2544 204 50 habilitari
944 2544 175 50 possunt:
1075 2544 116 50 quia
1134 2544 116 50 vident

384 2581 90 46 se
429 2581 120 46 esse
504 2581 105 46 non
564 2581 90 46 in
609 2581 120 46 via,
684 2581 105 46 sed
744 2581 90 46 in
789 2581 180 46 termino:
924 2581 120 46 ergo
984 2581 60 46 &c

466 2613 202 49 Preterea,
622 2613 218 49 cruciatus,
793 2613 78 49 &
824 2613 202 49 afflictio
980 2613 218 49 tantummodo
1135 2613 109 49 debe-

390 2657 104 46 tur
449 2657 251 46 delectationi,
656 2657 118 46 quae
730 2657 118 46 fuit
804 2657 89 46 in
849 2657 148 46 culpa,
952 2657 89 46 vt
997 2657 163 46 apparet
1115 2657 89 46 in
1144 2657 104 46 Apoc-

399 2697 91 49 ed
444 2697 91 49 in
490 2697 198 49 originali
642 2697 167 49 peccato
764 2697 137 49 nulla
855 2697 106 49 est
916 2697 228 49 delectatio,
1098 2697 122 49 ergo
1159 2697 61 49 &c

424 2737 106 40 Sed
485 2737 198 40 oppositum
637 2737 152 40 istius
743 2737 243 40 conclusionis
941 2737 167 40 asserit
1063 2737 167 40 quaedam
1169 2737 76 40 opi

397 2772 108 55 nio
458 2772 170 55 dicens,
582 2772 123 55 quod
659 2772 139 55 pueri
751 2772 216 55 decedentes
921 2772 93 55 in
967 2772 123 55 solo
1044 2772 170 55 peccato
1152 2772 93 55 orig

385 2813 120 47 nali
460 2813 180 47 sentiunt
595 2813 240 47 afflictionem
790 2813 210 47 interiorem
955 2813 90 47 ex
1000 2813 180 47 carentia
1120 2813 120 47 diuina

393 2856 192 54 visionis:
541 2856 148 54 Motiua
644 2856 148 54 ipsius
747 2856 192 54 opinionis
895 2856 103 54 non
954 2856 148 54 inueni
1057 2856 148 54 Potest
1146 2856 103 54 tamen

381 2890 104 53 sic
426 2890 133 53 probari

414 2929 87 53 1
448 2929 140 53 Omne
536 2929 244 53 contrarium
728 2929 227 53 voluntati
902 2929 244 53 contristat
1077 2929 157 53 volunta

397 2969 103 43 em,
456 2969 89 43 vt
501 2969 177 43 apparet.
633 2969 89 43 5.
678 2969 207 43 metaphysi,
840 2969 103 43 sed
899 2969 133 43 omnis
987 2969 133 43 poena
1076 2969 103 43 est
1120 2969 118 43 contra

385 3010 104 46 ria
445 3010 208 46 voluntati:
608 3010 119 46 ergo
682 3010 134 46 poena
771 3010 149 46 damni,
875 3010 119 46 quae
950 3010 104 46 est
1009 3010 178 46 carentia
1128 3010 104 46 visio

387 3051 106 54 nis
447 3051 152 54 diuine
554 3051 212 54 contristat
720 3051 227 54 voluntatem,
902 3051 76 54 &
933 3051 106 54 per
993 3051 212 54 consequens
1145 3051 106 54 affli

375 3088 118 55 git
426 3088 101 55 eam.

1338 224 76 76 2
1368 224 213 76 Praeterea,
1535 224 91 76 in
1581 224 198 76 perpetuum
1733 224 182 76 separari
1870 224 91 76 ab
1915 224 106 76 eo,
1976 224 122 76 quem
2037 224 76 76 qui

1301 296 212 47 naturaliter
1470 296 127 47 amat,
1555 296 99 47 non
1611 296 127 47 caret
1696 296 226 47 afflictione;
1879 296 99 47 sed
1936 296 127 47 anima
2006 296 99 47 dece-

1303 334 117 42 dens
1376 334 87 42 in
1420 334 117 42 solo
1493 334 189 42 originali
1639 334 175 42 peccato,
1770 334 219 42 naturaliter
1945 334 117 42 amat
2003 334 102 42 Deum;

1296 372 133 44 igitur
1389 372 160 44 perpetua
1509 372 173 44 separatio
1642 372 80 44 ab
1681 372 106 44 eius
1748 372 146 44 visione
1854 372 93 44 est
1908 372 120 44 sibi,
1987 372 80 44 it
2014 372 93 44 vide-

1285 411 180 46 tur,
1398 411 293 46 afflictio
1623 411 113 46 &
1646 411 270 46 cruciatus.

1335 454 76 52 3
1365 454 212 52 Praeterea,
1532 454 91 52 se
1577 454 152 52 cundum
1684 454 167 52 sanctos
1805 454 182 52 doctores
1941 454 76 52 &
1956 454 152 52 philoso-

1300 491 115 47 phos
1371 491 172 47 carentia
1501 491 158 47 illius,
1616 491 115 47 quod
1687 491 215 47 naturaliter
1860 491 201 47 appetitur,
2003 491 115 47 nonca-

1300 536 109 42 ret
1363 536 156 42 omnino
1472 536 234 42 aflictione:
1659 536 109 42 sed
1721 536 187 42 secundum
1862 536 234 42 Augustinum,
2033 536 78 42 om-

1294 568 102 54 nes
1353 568 160 54 homines
1469 568 218 54 naturaliter
1643 568 145 54 volunt
1745 568 116 54 esse
1818 568 145 54 beati;
1920 568 145 54 igitur
2007 568 58 54 &c

1312 608 83 45 4
1346 608 215 45 Preterea,
1511 608 199 45 secundum
1660 608 182 45 sanctos
1792 608 199 45 doctores
1941 608 182 45 damnati
2057 608 66 45 in

1290 645 172 46 inferno
1415 645 125 46 plus
1493 645 218 46 cruciantur
1665 645 94 46 de
1712 645 140 46 poena
1805 645 156 46 damni,
1914 645 125 46 quam
1992 645 94 46 de
2023 645 94 46 pona

1287 692 164 50 sensus:
1406 692 104 50 sed
1466 692 134 50 omnis
1556 692 179 50 decedens
1690 692 90 50 in
1735 692 194 50 originali
1884 692 179 50 sustinet
2004 692 119 50 poenam

1266 722 140 52 damni

1327 748 72 65 3
1355 748 201 65 Praeterea,
1513 748 86 65 si
1557 748 172 65 dicitur,
1686 748 115 65 quod
1758 748 101 65 pro
1815 748 129 65 tanto
1901 748 158 65 damnati
2002 748 115 65 dolent

1294 806 85 45 de
1336 806 170 45 carentia
1464 806 156 45 diuinae
1577 806 184 45 visionis,
1719 806 71 45 &
1747 806 99 45 non
1803 806 113 45 illi
1874 806 99 45 qui
1931 806 170 45 decedunt
2044 806 85 45 inso

1296 842 88 44 lo
1340 842 191 44 originali
1487 842 176 44 peccato,
1620 842 118 44 quia
1693 842 206 44 cognoscunt
1855 842 88 44 se
1899 842 88 44 ex
1943 842 103 44 suo
1987 842 132 44 proprio

1297 886 167 38 delicto
1419 886 152 38 poenam
1525 886 137 38 damni
1617 886 213 38 sustinere,
1784 886 137 38 cuius
1875 886 198 38 oppositum
2012 886 107 38 cogno

1289 924 125 45 scunt
1372 924 111 45 ipsi
1441 924 152 45 paruuli
1552 924 194 45 decedentes
1705 924 83 45 in
1746 924 111 45 solo
1815 924 194 45 originali,
1968 924 111 45 lsta
2023 924 97 45 solus

1283 964 108 50 tio
1344 964 108 50 non
1406 964 154 50 valet,
1513 964 123 50 quia
1590 964 200 50 quandoque
1744 964 185 50 videmus,
1882 964 123 50 quod
1959 964 154 50 magis,
2051 964 62 50 ue

1284 1007 158 46 saltem
1395 1007 111 46 non
1458 1007 142 46 minus
1553 1007 205 46 cruciatur
1711 1007 142 46 homo,
1805 1007 111 46 cum
1868 1007 189 46 priuatur
1995 1007 126 46 aliquo

1291 1040 116 53 bono
1364 1040 116 53 sibi
1437 1040 174 53 proficuo
1568 1040 145 53 absque
1669 1040 102 53 sua
1728 1040 145 53 culpa,
1829 1040 116 53 quam
1902 1040 87 53 si
1931 1040 189 53 priuaretumr

1274 1085 342 46 exigente
1530 1085 200 46 suo
1644 1085 342 46 delicto.

1335 1109 97 59 Ad
1383 1109 161 59 primum
1496 1109 209 59 dicendum,
1657 1109 129 59 quod
1737 1109 177 59 quamuis
1866 1109 145 59 minor
1962 1109 113 59 sit
2010 1109 113 59 vera,

1283 1159 178 43 loquendo
1417 1159 89 43 de
1462 1159 149 43 poena,
1566 1159 119 43 quae
1640 1159 104 43 est
1700 1159 193 43 appositua
1848 1159 178 43 alicuius
1967 1159 149 43 disconui

1279 1199 164 47 mentis,
1398 1199 104 47 vel
1458 1199 134 47 etiam
1547 1199 89 47 de
1592 1199 149 47 poena,
1697 1199 119 47 quae
1771 1199 104 47 est
1831 1199 224 47 subtractiua
1995 1199 119 47 alicum

1292 1242 230 46 naturaliter
1475 1242 260 46 conuenientis;
1690 1242 138 46 tamen
1781 1242 107 46 non
1843 1242 107 46 est
1904 1242 122 46 vera
1980 1242 92 46 de
2011 1242 107 46 poena

1283 1276 120 42 quae
1358 1276 105 42 est
1418 1276 105 42 sub
1477 1276 179 42 tractiua
1612 1276 179 42 alicuius
1746 1276 299 42 supernaturaliter
1985 1276 135 42 conuemo

1280 1313 119 47 tis,
1354 1313 148 47 maxime
1458 1313 104 47 cum
1518 1313 134 47 ille,
1607 1313 104 47 cui
1666 1313 237 47 subtrahitur,
1859 1313 104 47 non
1918 1313 134 47 habet
1992 1313 134 47 diffori

1291 1353 106 66 mem
1352 1353 213 66 voluntatem
1519 1353 91 66 ab
1564 1353 106 66 eo,
1625 1353 106 66 qui
1686 1353 213 66 subtrahit:
1853 1353 106 66 sic
1914 1353 106 66 est
1974 1353 91 66 in
2005 1353 106 66 propi

1292 1393 112 49 sito
1348 1393 70 49 &c.

1329 1418 89 70 Ad
1374 1418 178 70 secundum
1508 1418 178 70 dicedum,
1641 1418 119 70 quod
1716 1418 134 70 licet
1805 1418 119 70 sint
1879 1418 178 70 separati
2013 1418 74 70 a
2028 1418 89 70 Dous

1281 1473 165 53 quantum
1401 1473 90 53 ad
1446 1473 284 53 contemplationem
1685 1473 180 53 gloriae,
1820 1473 120 53 quae
1895 1473 105 53 est
1954 1473 135 53 finis
2029 1473 90 53 sups

1282 1514 240 48 naturalis,
1471 1514 120 48 non
1539 1514 155 48 tamen
1642 1514 189 48 quantum
1780 1514 103 48 ad
1831 1514 223 48 diuinorum
1986 1514 137 48 contem

1287 1551 200 48 plationem
1440 1551 215 48 naturalem:
1610 1551 138 48 quia,
1702 1551 92 48 vt
1748 1551 138 48 dixi,
1840 1551 200 48 liberiori
1994 1551 123 48 modo
2055 1551 62 48 po

1278 1592 126 48 sunt
1357 1592 142 48 tales
1452 1592 158 48 animae
1563 1592 237 48 contemplari
1752 1592 95 48 de
1800 1592 126 48 Deo,
1879 1592 126 48 quam
1942 1592 174 48 quicumqui

1295 1633 213 52 philosophus
1465 1633 85 52 in
1507 1633 113 52 vita
1564 1633 85 52 ista

1323 1664 93 59 Ad
1370 1664 171 59 tertium
1495 1664 203 59 dicendum,
1651 1664 125 59 quod
1729 1664 140 59 istae
1822 1664 156 59 animae
1931 1664 109 59 sic
1978 1664 140 59 deceden

1279 1709 130 53 tes,
1360 1709 114 53 non
1425 1709 195 53 appetunt
1572 1709 260 53 beatitudinem
1783 1709 179 53 gloriae
1913 1709 195 53 secundum
2044 1709 81 53 pro

1281 1750 139 50 priam
1373 1750 201 50 rationem,
1528 1750 139 50 quia,
1620 1750 93 50 vt
1666 1750 123 50 sic,
1744 1750 108 50 non
1805 1750 216 50 cognoscunt
1975 1750 123 50 eam,
2037 1750 77 50 qom

1279 1791 105 52 nec
1339 1791 165 52 habeant
1459 1791 150 52 luinen
1564 1791 180 52 gloriae,
1699 1791 105 52 nec
1760 1791 135 52 lumen
1850 1791 150 52 fidei,
1955 1791 90 52 in
1985 1791 135 52 quibusl

1277 1826 177 53 minibus
1406 1826 226 53 tantummodo
1583 1826 145 53 talis
1680 1826 210 53 beatitudo
1842 1826 194 53 cognosei
1971 1826 161 53 potestim

1276 1872 171 49 cundum
1396 1872 205 49 propriam
1550 1872 222 49 rationem.
1721 1872 205 49 Appetunt
1874 1872 137 49 ergo
1943 1872 188 49 beatitudi

1276 1902 120 59 nem
1345 1902 155 59 solum
1448 1902 206 59 secundum
1602 1902 206 59 rationem
1757 1902 223 59 communem,
1929 1902 103 59 ad
1980 1902 155 59 cuius
2066 1902 69 59 an

1287 1949 163 53 petitus
1406 1949 281 53 satisfactionem,
1642 1949 89 53 vt
1687 1949 178 53 transeat
1820 1949 118 53 sine
1894 1949 118 53 omni
1953 1949 178 53 affictiono

1278 1995 175 48 sufficit
1410 1995 117 48 illa
1483 1995 205 48 perfectio,
1644 1995 117 48 quam
1717 1995 219 48 consequitur
1892 1995 88 48 ex
1936 1995 175 48 naturali
2053 1995 88 48 con

1261 2027 233 53 templatione

1324 2060 92 61 Ad
1370 2060 169 61 quartum
1493 2060 200 61 dicendum,
1646 2060 123 61 quod
1723 2060 138 61 illi,
1815 2060 184 61 scilicet
1954 2060 184 61 damnati,
2077 2060 61 61 ma

1290 2104 121 53 time
1366 2104 152 53 dolent
1472 2104 91 53 de
1517 2104 121 53 tali
1593 2104 227 53 priuatione,
1775 2104 121 53 quia
1851 2104 136 53 eorum
1942 2104 182 53 voluntas
2063 2104 76 53 ess

1280 2148 154 50 maxime
1388 2148 200 50 difformis
1542 2148 77 50 a
1573 2148 108 50 Dei
1634 2148 200 50 voluntate
1788 2148 154 50 actiue
1896 2148 231 50 infligentis
2066 2148 77 50 pro

1289 2182 163 47 dictam
1403 2182 179 47 poenam,
1533 2182 114 47 seu
1598 2182 260 47 priuationem.
1810 2182 228 47 Paruulorum
1989 2182 146 47 autem
2070 2182 65 47 vm

1281 2218 145 45 luntas
1383 2218 102 45 non
1441 2218 102 45 est
1499 2218 189 45 difformis
1644 2218 73 45 a
1673 2218 145 45 diuina
1775 2218 203 45 voluntate,
1935 2218 116 45 quia
2007 2218 131 45 sicut
2080 2218 58 45 in

1276 2259 139 50 uita
1362 2259 139 50 ista
1449 2259 191 50 numquam
1588 2259 225 50 habuerunt
1761 2259 225 50 difformem
1917 2259 225 50 voluntatemd

1278 2307 189 52 voluntate
1424 2307 160 52 diuina:
1541 2307 102 52 sic
1599 2307 102 52 nec
1657 2307 87 52 in
1701 2307 117 52 alia
1774 2307 117 52 vita
1847 2307 146 52 vmquam
1949 2307 102 52 eis
1993 2307 160 52 displicei

1282 2338 107 58 bit
1343 2338 153 58 illud,
1450 2338 123 58 quod
1527 2338 123 58 Deus
1604 2338 169 58 faciet,
1727 2338 77 58 &
1757 2338 107 58 per
1819 2338 215 58 consequens
1987 2338 92 58 ex
2018 2338 138 58 nulloed

1277 2381 143 52 fectu
1372 2381 111 52 Dei
1435 2381 174 52 possunt
1562 2381 158 52 habere
1673 2381 190 52 dolorem,
1816 2381 127 52 quia
1895 2381 143 52 omnis
1990 2381 143 52 dolor
2069 2381 79 52 pre

1284 2420 193 54 supponit
1413 2420 257 54 displicentiam.

1310 2449 102 66 Ad
1361 2449 187 66 quintum
1497 2449 221 66 dicendum,
1667 2449 136 66 quod
1751 2449 102 66 si
1802 2449 187 66 aliquis
1938 2449 153 66 dolet
2040 2449 102 66 de
2074 2449 85 66 eod

1283 2500 102 53 quo
1342 2500 175 53 priuatur
1473 2500 116 53 sine
1546 2500 102 53 sua
1604 2500 131 53 culpa
1691 2500 204 53 personali,
1851 2500 102 53 hoc
1909 2500 160 53 accidit
2011 2500 146 53 propteri

1283 2534 127 56 duo.
1362 2534 159 56 Primo:
1473 2534 127 56 quia
1553 2534 159 56 illud,
1664 2534 127 56 quod
1743 2534 206 56 aufertur,
1901 2534 111 56 est
1965 2534 159 56 aliquo
2060 2534 95 56 modo

1273 2574 120 44 sibi
1348 2574 180 44 debitum,
1483 2574 180 44 Secundo:
1618 2574 120 44 quia
1693 2574 105 44 sua
1753 2574 180 44 voluntas
1888 2574 105 44 est
1948 2574 165 44 dissona
2068 2574 75 44 a
2083 2574 60 44 vo

1283 2615 175 63 luntate
1410 2615 239 63 auferentis.
1601 2615 175 63 Istorum
1728 2615 143 63 autem
1824 2615 159 63 duorum
1935 2615 207 63 oppositum
2078 2615 64 63 ap

1285 2655 134 57 paret
1374 2655 89 57 in
1419 2655 208 57 proposito,
1583 2655 119 57 ergo
1642 2655 60 57 &c

1375 2736 544 75 ARTICVLVS
1752 2736 293 75 IFII.

1402 2790 180 75 Vtrum
1522 2790 220 75 peccata
1682 2790 280 75 proximorum
1881 2790 160 75 paren-

1510 2842 112 68 tum
1574 2842 207 68 transeant
1733 2842 96 68 in
1781 2842 176 68 filios.

1329 2928 195 64 VANTVM
1466 2928 117 64 ad
1525 2928 215 64 quartum
1681 2928 254 64 articulum
1876 2928 234 64 dicedum,
2033 2928 117 64 quod

1398 2968 179 57 peccata
1528 2968 228 57 proximorum
1707 2968 195 57 parentum
1854 2968 195 57 transire
2000 2968 98 57 in
2033 2968 114 57 prola

1289 3008 147 48 otest
1387 3008 229 48 dupliciter
1567 3008 229 48 intelligi.
1747 3008 115 48 Vno
1812 3008 131 48 modo
1894 3008 180 48 quantum
2025 3008 98 48 ad
2058 3008 98 48 cul-

1276 3047 126 51 pa.
1348 3047 144 51 Alio
1438 3047 161 51 modo,
1545 3047 197 51 quantum
1689 3047 108 51 ad
1742 3047 197 51 poenam.
1886 3047 161 51 Primo
1994 3047 144 51 modo
2065 3047 90 51 non

1260 3090 183 50 transeunt
