2204 3519
77 252 211 82 hespondeo,
243 252 166 82 concedo
363 252 271 82 consequentiam,
589 252 106 82 sed
650 252 121 82 nego
710 252 181 82 falsitatem

75 320 243 49 consequentis,
275 320 114 49 quia
346 320 228 49 philosophus.
532 320 86 49 4.
575 320 171 49 metaphys
703 320 86 49 in
746 320 100 49 hoc
789 320 114 49 distin

77 355 116 65 guit
150 355 218 65 priuationem
324 355 73 65 a
353 355 203 65 negatione,
513 355 116 65 quia
586 355 174 65 priuatio
717 355 102 65 est
760 355 131 65 negatio

78 395 86 60 in
121 395 171 60 subiecto
249 395 114 60 apto
321 395 129 60 nato:
406 395 100 60 cum
463 395 143 60 igitur
563 395 129 60 malum
649 395 100 60 sit
706 395 186 60 priuatio,
849 395 71 60 &

72 434 109 51 omne
141 434 177 51 subiectum
277 434 82 51 vt
318 434 95 51 est
372 434 109 51 ens,
440 434 95 51 seu
495 434 177 51 existens,
631 434 95 51 sit
686 434 136 51 bonum,
781 434 82 51 eo
808 434 82 51 quod

80 470 139 50 ponum
172 470 139 50 vnum,
265 470 77 50 &
295 470 108 50 ens
357 470 262 50 conuertantur,
573 470 92 50 vt
619 470 139 50 patet
711 470 92 50 4.
742 470 139 50 metaphy

74 510 118 51 ideo
148 510 207 51 necessario
311 510 133 51 malum
399 510 177 51 fundatur
532 510 89 51 in
577 510 148 51 aliquo
680 510 133 51 bono.
769 510 89 51 Et
798 510 89 51 ista

69 556 97 54 est
125 556 167 54 intentio
250 556 194 54 Augustini.
402 556 83 54 14
444 556 83 54 de
486 556 125 54 ciui.
569 556 111 54 Dei,
638 556 97 54 vbi
694 556 111 54 ait,
763 556 111 54 Mala
833 556 97 54 non

66 587 109 60 nisi
134 587 81 60 in
175 587 122 60 bonis
256 587 109 60 esse
324 587 163 60 possunt.
446 587 163 60 Magister
568 587 122 60 etiam
650 587 95 60 ait
704 587 95 60 hic
758 587 81 60 in
785 587 109 60 litte-

66 620 97 70 ra,
122 620 97 70 Qui
177 620 125 70 recte
261 620 167 70 acuteque
386 620 139 70 sapit,
484 620 97 70 non
539 620 111 70 nisi
609 620 83 70 in
650 620 111 70 bono
720 620 125 70 malum
804 620 111 70 esse

62 676 180 50 intelligit.

93 708 100 52 Ad
143 708 166 52 primam
259 708 166 52 igitur
376 708 249 52 probationem
575 708 216 52 dicendum,
741 708 133 52 quod
807 708 83 52 bo-

71 744 87 54 um
115 744 219 54 tripliciter
290 744 175 54 sumitur.
421 744 102 54 Vno
480 744 117 54 modo
553 744 102 54 pro
611 744 117 54 ipsa
684 744 102 54 rei
728 744 160 54 perfectio

64 782 84 53 ne
106 782 126 53 ficut
190 782 168 53 claritas
316 782 126 53 visus
400 782 154 53 dicitur
513 782 126 53 bonum
597 782 140 53 ipsius
695 782 140 53 oculi,
793 782 70 53 &
807 782 84 53 per-

64 820 143 56 fctio
159 820 191 56 virtutis
302 820 143 56 bonum
398 820 159 56 anime.
509 820 127 56 Alio
588 820 127 56 modo
668 820 175 56 sumitur
779 820 111 56 bonum

62 859 105 60 pro
122 859 120 60 ipso
197 859 194 60 subiecto,
346 859 120 60 quod
421 859 105 60 est
481 859 135 60 aptum
570 859 135 60 natum
660 859 149 60 habere
750 859 135 60 huiusme

54 898 280 60 diperfectionem,
290 898 74 60 &
319 898 103 60 sic
378 898 118 60 ipse
452 898 162 60 oculus,
570 898 103 60 vel
629 898 133 60 anima
717 898 162 60 dicitur
820 898 74 60 bo-

63 938 102 54 num
122 938 146 54 Tertio
224 938 117 54 modo
297 938 161 54 sumitur
414 938 102 54 pro
473 938 117 54 ipsa
546 938 88 54 re
590 938 190 54 perfecta,
736 938 73 54 &
765 938 102 54 sic
809 938 88 54 con-

68 975 192 60 lectitur
212 975 209 60 utrumque.
373 975 144 60 Primo
469 975 128 60 modo
549 975 112 60 non
613 975 112 60 est
677 975 209 60 subiectum
822 975 80 60 ip-

58 1021 115 50 sius
130 1021 130 50 mali,
216 1021 101 50 sed
274 1021 101 50 est
332 1021 159 50 habitus
447 1021 187 50 priuatiue
591 1021 187 50 oppositus
735 1021 115 50 ipsi
793 1021 101 50 malo,

53 1054 250 53 quitollitur,
256 1054 78 53 &
288 1054 234 53 corrumpitur
475 1054 109 53 per
538 1054 141 53 ipsum
631 1054 156 53 malum:
741 1054 109 53 sed
788 1054 109 53 bonum

54 1096 164 52 secundo
174 1096 120 52 modo
248 1096 149 52 dictum
353 1096 105 52 est
413 1096 194 52 subiectum
562 1096 149 52 ipsius
667 1096 135 52 mali,
756 1096 120 52 quia
816 1096 75 52 ens

53 1132 214 66 inpotentia
221 1132 107 66 est
282 1132 199 66 subiectum
435 1132 107 66 tam
496 1132 183 66 habitus,
633 1132 122 66 quam
694 1132 199 66 priuationis

45 1177 103 51 non
104 1177 133 51 fimul
193 1177 103 51 sed
252 1177 103 51 alt
296 1177 147 51 ernatim.

80 1208 97 54 Et
128 1208 113 54 per
193 1208 113 54 hoc
257 1208 145 54 patet
354 1208 97 54 ad
403 1208 210 54 secundum,
564 1208 129 54 quia
645 1208 145 54 bonum
742 1208 97 54 de
774 1208 129 54 secun-

44 1260 92 44 do
90 1260 122 44 modo
166 1260 168 44 dictum,
288 1260 138 44 prout
380 1260 122 44 actu
457 1260 183 44 priuatum
594 1260 122 44 est,
671 1260 107 44 sua
732 1260 153 44 debita
824 1260 76 44 per

44 1299 187 44 fectione
185 1299 109 44 est
247 1299 125 44 actu
325 1299 140 44 malum
419 1299 172 44 propter
543 1299 187 44 actualem
668 1299 234 44 inexistentiam

51 1336 217 53 priuationis
224 1336 116 53 suae
297 1336 159 53 debitae
412 1336 246 53 perfectionis,
615 1336 159 53 quamuis
731 1336 101 53 sit
774 1336 116 53 poten-

44 1366 116 55 tia
111 1366 149 55 bonum
210 1366 182 55 propter
342 1366 265 55 aptitudinem,
557 1366 132 55 quam
640 1366 149 55 habet
739 1366 99 55 ad
772 1366 116 55 huius

43 1408 132 52 modi
125 1408 280 52 perfectionem,
356 1408 132 52 quae
438 1408 165 52 quidem
554 1408 198 52 aptitudo
702 1408 181 52 numquam
818 1408 82 52 to-

38 1447 168 53 taliter
160 1447 183 53 tollitur
297 1447 168 53 manente
420 1447 153 53 natura
526 1447 122 53 rei.
603 1447 92 53 Et
649 1447 122 53 ideo
725 1447 122 53 omne
786 1447 107 53 malum

51 1491 114 48 nest
122 1491 143 48 alicui
208 1491 100 48 bono.

74 1521 95 53 Ad
122 1521 174 53 tertium
248 1521 205 53 dicendum,
406 1521 126 53 quod
485 1521 142 53 licet
580 1521 205 53 subiectum
738 1521 158 53 ipsius
833 1521 63 53 ma

44 1553 89 62 li
89 1553 223 62 priuationis
267 1553 104 62 non
326 1553 104 62 sit
386 1553 208 62 appetibile
549 1553 178 62 ratione,
682 1553 104 62 qua
727 1553 178 62 subiicitur

44 1600 213 66 priationi:
211 1600 137 66 tamen
303 1600 168 66 ratione
425 1600 244 66 aptitudinis,
623 1600 122 66 quam
699 1600 137 66 habet
790 1600 91 66 ad
821 1600 91 66 suam

48 1644 256 69 perfectionem,
259 1644 120 69 bene
334 1644 105 69 est
379 1644 196 69 appetibile-

77 1685 97 45 Ad
125 1685 179 45 quartum
255 1685 211 45 dicendum,
418 1685 130 45 quod
499 1685 114 45 per
564 1685 130 45 illa
645 1685 146 45 verba
743 1685 114 45 non
791 1685 114 45 inten

55 1719 224 50 Dionysius
227 1719 190 50 negare,
365 1719 138 50 quin
452 1719 155 50 malum
555 1719 121 50 per
624 1719 155 50 modum
710 1719 190 50 priuatio-

50 1757 109 52 fit
113 1757 93 52 in
159 1757 265 52 existentibus,
377 1757 109 52 sed
440 1757 140 52 solum
533 1757 187 52 intendit
673 1757 171 52 negare,
782 1757 109 52 quodi

44 1800 125 58 Nper
123 1800 141 58 modum
216 1800 219 58 accidentis
389 1800 203 58 positiui.
545 1800 94 58 Et
592 1800 110 58 cum
655 1800 110 58 ait
702 1800 203 58 Dionyvsius,

37 1844 101 48 od
88 1844 151 48 malum
188 1844 118 48 non
256 1844 118 48 est
323 1844 101 48 in
373 1844 151 48 bono,
474 1844 118 48 ibi
541 1844 185 48 accipit
676 1844 151 48 bonum
776 1844 118 48 pro
827 1844 67 48 bo

51 1882 175 68 Pprimo
173 1882 140 68 modo
260 1882 175 68 dicto:
383 1882 140 68 ergo
453 1882 87 68 &c.

134 1937 629 95 ARTICVLVS
569 1937 194 95 II

187 2056 174 71 Vtrum
303 2056 174 71 malum
419 2056 232 71 causetur
592 2056 97 71 a
612 2056 135 71 bono.

25 2144 221 77 SVANTVM
185 2144 120 77 ad
245 2144 241 77 secundum
426 2144 281 77 principale
646 2144 221 77 possent
787 2144 120 77 poni

99 2187 218 65 quattuor
262 2187 290 65 conclusiones
498 2187 218 65 secundum
661 2187 218 65 quattuor
806 2187 109 65 gene

30 2221 195 56 usarum:
172 2221 106 56 de
225 2221 177 56 tribus
349 2221 159 56 tamen
455 2221 230 56 generibus
632 2221 212 56 causarum
773 2221 142 56 breui-

35 2277 110 52 er
90 2277 110 52 me
145 2277 221 52 expediam

49 2296 140 60 Dieo
136 2296 175 60 primo,
258 2296 140 60 quod
346 2296 157 60 malum
451 2296 122 60 non
520 2296 157 60 habet
625 2296 175 60 causam
730 2296 175 60 formalem

30 2342 114 66 quna
101 2342 142 66 illud,
201 2342 114 66 quod
272 2342 100 66 per
329 2342 85 66 se
371 2342 100 66 est
428 2342 171 66 priuatio
556 2342 157 66 formae,
670 2342 100 66 non
727 2342 128 66 habet
798 2342 114 66 causam

32 2389 187 48 prmalem:
173 2389 140 48 malti
266 2389 109 48 est
329 2389 218 48 huiusmodi,
500 2389 94 48 vt
547 2389 140 48 patet
641 2389 94 48 ex
672 2389 234 48 precedentibus

55 2425 190 49 cecundo
193 2425 155 49 dico,
296 2425 138 49 quod
382 2425 155 49 malum
486 2425 155 49 habet
589 2425 172 49 causam
693 2425 224 49 materialem,

31 2458 99 53 ne
81 2458 248 53 sbiectiuam,
280 2458 132 53 quia
363 2458 199 53 priuatio
512 2458 116 53 non
578 2458 116 53 est
644 2458 182 53 simplex
760 2458 149 53 negatio

33 2501 119 55 est
101 2501 187 55 negatio
237 2501 102 55 in
288 2501 204 55 subiecto
441 2501 255 55 determinato
646 2501 85 55 &
680 2501 136 55 apto
748 2501 119 55 nato.

61 2536 175 57 Tertio
183 2536 158 57 dico,
288 2536 140 57 quod
376 2536 158 57 malum
481 2536 158 57 habet
586 2536 175 57 causam
708 2536 193 57 finalem
831 2536 88 57 por

16 2565 180 67 eedens,
147 2565 131 67 puta
229 2565 213 67 inquantum
393 2565 115 67 est
458 2565 229 67 coniunctum
638 2565 164 67 alicui
737 2565 180 67 effectui;

50 2618 113 51 per
115 2618 97 51 se
163 2618 243 51 ordinabilis
358 2618 113 51 est
422 2618 97 51 in
471 2618 178 51 aliquem
601 2618 146 51 finem

54 2654 171 56 Quarto
174 2654 154 56 dico,
276 2654 137 56 quod
362 2654 154 56 causa
464 2654 222 56 efficiens
635 2654 222 56 immediata
789 2654 137 56 ipsius

23 2696 129 54 nali
103 2696 113 54 est
168 2696 177 54 aliquod
296 2696 145 54 bonum
393 2696 225 54 deficiens,
569 2696 113 54 scu
634 2696 241 54 defectiuum:
810 2696 113 54 causa

11 2742 130 52 Tero
92 2742 162 52 remota
206 2742 162 52 ipsius
319 2742 146 52 mali,
417 2742 114 52 est
482 2742 179 52 aliquod
612 2742 162 52 bonum,
725 2742 130 52 quod
806 2742 114 52 non
855 2742 65 52 vt

8 2777 187 55 erciens,
149 2777 109 55 sed
211 2777 94 55 vt
258 2777 219 55 perfectum,
430 2777 109 55 est
492 2777 141 55 causa
586 2777 187 55 alicuius
727 2777 125 55 boni
805 2777 109 55 per
852 2777 62 55 se

15 2827 150 39 euius
115 2827 250 39 eaufationem
316 2827 200 39 sequitur
466 2827 117 39 per
533 2827 200 39 accidens
683 2827 83 39 &
717 2827 184 39 praeter
834 2827 83 39 in-

5 2850 209 57 ntionem
157 2850 209 57 agentis
308 2850 209 57 aliquod
460 2850 171 57 malum
574 2850 209 57 annexum
725 2850 152 57 tali
801 2850 114 57 bono

10 2887 140 58 Serbi
104 2887 171 58 gratia,
229 2887 140 58 causa
322 2887 203 58 immediata
478 2887 312 58 monstruositatis,
743 2887 125 58 quae
821 2887 109 58 est
868 2887 62 58 in

35 2930 115 62 rus
100 2930 246 62 formatione,
297 2930 115 62 est
363 2930 180 62 quoddam
494 2930 148 62 bonum
592 2930 230 62 deficiens,
772 2930 131 62 puta
838 2930 82 62 vis

24 2968 122 59 esem
100 2968 122 59 inis
177 2968 260 59 insufficiens.
391 2968 153 59 lllius
498 2968 138 59 autem
590 2968 199 59 malitiae,
743 2968 122 59 quae
820 2968 107 59 est
866 2968 61 59 in

16 3007 151 54 rmine
117 3007 168 54 causa,
234 3007 117 54 est
301 3007 168 54 aliqua
419 3007 218 54 qualitas,
586 3007 134 54 quae
670 3007 184 54 alterat
788 3007 117 54 semen

34 3039 150 62 leoms
134 3039 267 62 alterationem
351 3039 200 62 sequitur
501 3039 117 62 per
568 3039 200 62 accidens
701 3039 217 62 insufficien

11 3083 143 62 tasem
106 3083 143 62 inis.
202 3083 127 62 lsta
281 3083 159 62 rgitur
392 3083 143 62 vitus
487 3083 111 62 non
551 3083 127 62 agit
630 3083 95 62 vt
678 3083 238 62 imperfecta,
853 3083 79 62 ucl

932 252 90 75 vt
977 252 195 75 deficiens
1127 252 150 75 bonum:
1233 252 120 75 immo
1308 252 150 75 quanto
1413 252 105 75 est
1473 252 271 75 sufficientior,
1699 252 75 75 &
1714 252 75 75 per

938 318 163 41 ectior:
1056 318 133 41 tanto
1145 318 133 41 magis
1234 318 104 41 per
1293 318 89 41 se
1337 318 251 41 similitudinem
1544 318 118 41 suam
1618 318 163 41 inducit
1722 318 59 41 in

929 357 177 40 semine:
1058 357 96 40 ad
1106 357 145 40 cuius
1202 357 177 40 maiorem
1331 357 241 40 inductionem
1524 357 161 40 semper
1636 357 113 40 per
1684 357 113 40 acci-

925 397 127 45 dens
1005 397 191 45 sequitur
1148 397 143 45 maior
1243 397 175 45 malitia
1370 397 175 45 seminis
1497 397 191 45 respectu
1624 397 175 45 formatio-

925 431 97 53 nis
981 431 139 53 ipsius
1064 431 111 53 fotus.

968 466 144 49 Etiam
1064 466 96 49 ex
1112 466 144 49 parte
1208 466 176 49 humanae
1336 466 224 49 voluntatis
1511 466 144 49 istud
1607 466 160 49 aliquo
1703 466 96 49 modo

933 510 153 51 potest
1040 510 214 51 declarari.
1208 510 107 51 Nam
1269 510 153 51 humana
1376 510 199 51 voluntas,
1528 510 137 51 prout
1605 510 183 51 actualiter

922 551 100 51 non
979 551 172 51 attendit
1108 551 86 51 ad
1151 551 172 51 iudicium
1280 551 143 51 rectae
1381 551 186 51 rationis,
1524 551 72 51 &
1553 551 129 51 legis
1639 551 172 51 diuinae,

920 592 111 44 est
984 592 143 44 quasi
1079 592 175 44 quoddam
1206 592 143 44 bonum
1301 592 238 44 defectiuum,
1492 592 79 44 &
1524 592 143 44 eadem
1603 592 175 44 voluntas,

936 632 139 51 prout
1028 632 108 51 per
1090 632 93 51 se
1137 632 155 51 fertur
1245 632 93 51 in
1292 632 170 51 aliquod
1415 632 139 51 bonum
1508 632 186 51 secundum
1648 632 139 51 quid,
1725 632 62 51 pu

937 669 86 54 ta
980 669 86 54 in
1022 669 171 54 carnalem
1151 669 257 54 delectationem,
1365 669 157 54 saepius
1479 669 143 54 fertur
1578 669 86 54 in
1621 669 128 54 malum
1692 669 86 54 sim-

926 702 190 56 pliciter,
1073 702 161 56 annexum
1190 702 117 56 tali
1263 702 249 56 delectationi,
1468 702 117 56 puta
1541 702 220 56 inordinatam
1702 702 88 56 adul

930 749 133 55 terij
1019 749 192 55 actionem.
1167 749 89 55 Et
1211 749 163 55 videtur
1329 749 118 55 esse
1403 749 177 55 intentio
1536 749 192 55 Dionysij.
1684 749 89 55 4.
1714 749 59 55 de

928 786 81 44 di
969 786 81 44 no
1010 786 95 44 vbi
1064 786 108 44 ait,
1131 786 108 44 quod
1199 786 122 44 malsi
1280 786 95 44 non
1334 786 108 44 agit
1402 786 108 44 nisi
1469 786 149 44 virtute
1578 786 122 44 boni.
1659 786 81 44 Et
1686 786 108 44 ibidem

919 828 127 42 ait,
998 828 127 42 quod
1078 828 159 42 omnium
1189 828 174 42 malorum
1315 828 238 42 principium,
1506 828 79 42 &
1537 828 143 42 finis
1632 828 111 42 est
1680 828 111 42 bonum

956 864 199 43 Inuenitur
1109 864 138 43 alias
1200 864 138 43 talis
1292 864 183 43 additio.
1429 864 168 43 Propter
1552 864 214 43 praedictam
1705 864 76 43 non

930 895 231 47 attentionem
1115 895 216 47 voluntatis
1284 895 170 47 saepius
1408 895 123 47 ipsa
1485 895 185 47 voluntas
1623 895 108 47 non
1670 895 123 47 debite

942 941 176 43 prouisa,
1074 941 161 43 incante
1192 941 147 43 eligit
1295 941 88 43 in
1339 941 176 43 agendis.
1471 941 117 43 Hanc
1544 941 132 43 autem
1632 941 103 43 non
1676 941 103 43 atten

933 976 155 53 tionem
1041 976 139 53 saepe
1134 976 186 53 incurrit
1273 976 186 53 voluntas
1412 976 93 53 ex
1459 976 170 53 motione
1582 976 201 53 positiua,
1722 976 77 53 qua

951 1028 134 47 rebus
1040 1028 179 47 mundanis
1175 1028 209 47 allicitur,
1339 1028 119 47 quae
1413 1028 194 47 allectio,
1562 1028 149 47 quanto
1667 1028 104 47 suo
1711 1028 75 47 mo-

936 1055 89 61 do
981 1055 104 61 est
1040 1055 149 61 maior,
1144 1055 74 61 &
1174 1055 223 61 perfectior,
1353 1055 134 61 tanto
1442 1055 134 61 magis
1531 1055 193 61 impeditur
1680 1055 104 61 iam
1725 1055 60 61 di

936 1092 101 55 cta
993 1092 174 55 attentio
1109 1092 188 55 voluntatis.

968 1133 109 52 Est
1031 1133 140 52 etiam
1124 1133 109 52 hic
1186 1133 249 52 aduertendum,
1389 1133 125 52 quod
1467 1133 140 52 licet
1560 1133 109 52 iam
1622 1133 140 52 dicto
1700 1133 78 52 mo-

931 1167 95 50 do
979 1167 205 50 similiter
1137 1167 205 50 contingat
1295 1167 142 50 malum
1389 1167 95 50 in
1437 1167 253 50 naturalibus,
1642 1167 79 50 &
1658 1167 142 50 morali-

930 1213 123 51 bus:
1006 1213 138 51 tamen
1099 1213 92 51 in
1145 1213 108 51 hoc
1206 1213 108 51 est
1268 1213 215 51 dissimile,
1436 1213 123 51 quod
1513 1213 169 51 praeter
1636 1213 108 51 iam
1682 1213 123 51 dictum

928 1253 145 52 modum
1025 1253 194 52 peccandi
1170 1253 194 52 voluntas
1315 1253 97 52 ex
1364 1253 129 52 mera
1444 1253 113 52 sua
1509 1253 258 52 liberalitate
1702 1253 81 52 po-

939 1290 122 51 test,
1021 1290 149 51 peccare
1129 1290 95 51 non
1183 1290 162 51 obstante
1305 1290 135 51 rectae
1400 1290 162 51 rationis
1522 1290 162 51 iudicio,
1644 1290 95 51 pro
1698 1290 81 51 ut
1725 1290 54 51 su

945 1329 141 44 perius
1044 1329 198 44 declaraui.
1199 1329 113 44 Haec
1269 1329 85 44 in
1312 1329 183 44 additione
1439 1329 155 44 praedicta

968 1366 102 47 Sed
1026 1366 145 47 contra
1127 1366 203 47 praedictas
1287 1366 189 47 clausulas
1432 1366 145 47 istius
1533 1366 160 47 quartae
1635 1366 160 47 conclusio

943 1408 101 48 nis
1000 1408 244 48 multipliciter
1201 1408 144 48 potest
1302 1408 172 48 instari:
1431 1408 72 48 &
1460 1408 129 48 etiam
1546 1408 86 48 de
1589 1408 129 48 facto
1675 1408 86 48 ab
1704 1408 86 48 ali-

936 1447 148 51 quibus
1040 1447 207 51 doctoribus
1202 1447 177 51 instatur
1335 1447 148 51 contra
1439 1447 148 51 primam
1542 1447 118 51 sic,

955 1484 79 52 1
987 1484 95 52 Si
1034 1484 142 52 bonum
1129 1484 142 52 esset
1223 1484 142 52 causa
1318 1484 126 52 mali
1396 1484 205 52 inquantum
1554 1484 221 52 deficiens,
1711 1484 79 52 tuc

950 1520 230 58 praehaberet
1134 1520 92 58 in
1180 1520 92 58 se
1226 1520 199 58 defectum,
1379 1520 77 58 &
1410 1520 153 58 malum,
1517 1520 184 58 antequam
1640 1520 153 58 causaret

932 1568 151 46 malum,
1037 1568 75 46 &
1068 1568 121 46 tunc
1143 1568 90 46 de
1188 1568 121 46 illo
1263 1568 121 46 nalo
1339 1568 211 46 quaeritur,
1505 1568 75 46 a
1535 1568 106 46 quo
1595 1568 196 46 causetur,
1746 1568 75 46 &

940 1607 97 44 sic
996 1607 97 44 vel
1051 1607 139 44 ibitur
1149 1607 83 44 in
1190 1607 195 44 infinitum,
1343 1607 111 44 quod
1413 1607 97 44 est
1468 1607 222 44 impossibile,
1649 1607 97 44 vel
1691 1607 97 44 opor-

935 1642 113 44 tet
1000 1642 194 44 deuenire
1145 1642 97 44 ad
1194 1642 129 44 vnum
1274 1642 162 44 primum
1388 1642 162 44 malum,
1501 1642 129 44 quod
1582 1642 113 44 est
1646 1642 146 44 causa
1727 1642 65 44 o-

934 1689 146 46 mnium
1031 1689 195 46 malorum,
1178 1689 130 46 quod
1259 1689 114 46 est
1324 1689 195 46 superius
1471 1689 228 46 reprobatum
1650 1689 98 46 in
1682 1689 114 46 prin-

943 1721 122 43 cipio
1025 1721 136 43 istius
1120 1721 150 43 secundi
1229 1721 136 43 libri,
1324 1721 68 43 &
1352 1721 177 43 similiter
1488 1721 82 43 in
1528 1721 82 43 1.
1569 1721 95 43 lib
1624 1721 95 43 vel
1665 1721 122 43 oportet

944 1758 169 43 dicere,
1067 1758 123 43 quod
1144 1758 139 43 bonum
1236 1758 215 43 perfectum,
1405 1758 77 43 &
1436 1758 108 43 non
1498 1758 200 43 deficiens
1652 1758 108 43 sit
1698 1758 92 43 imme

951 1801 144 51 liata,
1051 1801 72 51 &
1080 1801 101 51 per
1138 1801 86 51 se
1181 1801 130 51 causa
1267 1801 130 51 mali,
1354 1801 115 51 quod
1426 1801 101 51 est
1483 1801 144 51 contra
1584 1801 144 51 primam
1670 1801 130 51 clausu-

940 1835 103 47 lam
999 1835 147 47 istius
1087 1835 220 47 conclusionis.

1011 1871 210 52 Praeterea,
1176 1871 90 52 si
1221 1871 135 52 bonum
1311 1871 195 52 inquantum
1460 1871 195 52 deficiens
1610 1871 135 52 esset
1685 1871 105 52 causa

932 1917 137 45 mali,
1023 1917 122 45 tunc
1099 1917 137 45 Deus,
1190 1917 107 45 qui
1251 1917 107 45 est
1312 1917 137 45 bonum
1403 1917 152 45 omnino
1510 1917 228 45 indeficiens
1677 1917 122 45 nullum

944 1956 126 43 malum
1028 1956 140 43 posset
1126 1956 168 43 causare,
1252 1956 112 43 quod
1322 1956 98 43 est
1378 1956 154 43 falsum,
1489 1956 126 43 salte
1573 1956 84 43 de
1615 1956 112 43 malo
1671 1956 126 43 poenae,

945 1994 123 45 iuxta
1028 1994 137 45 illud.
1124 1994 96 45 Non
1179 1994 96 45 est
1233 1994 123 45 malum
1316 1994 82 45 in
1357 1994 178 45 ciuitate,
1494 1994 110 45 quod
1563 1994 110 45 Deus
1631 1994 96 45 non
1673 1994 123 45 faciat.

1018 2032 208 46 Praeterea,
1182 2032 178 46 defectus
1315 2032 193 46 inquantum
1464 2032 193 46 defectus,
1613 2032 149 46 potest
1717 2032 119 46 esse

946 2069 151 50 causa
1047 2069 218 50 immediata
1214 2069 134 50 boni
1298 2069 84 50 :
1331 2069 134 50 ergo
1415 2069 151 50 Ponum
1515 2069 218 50 inquantum
1666 2069 134 50 bonum,

941 2110 78 43 &
973 2110 109 43 per
1035 2110 218 43 consequens
1206 2110 109 43 non
1268 2110 202 43 inquantum
1424 2110 218 43 deficiens,
1595 2110 156 43 potest
1704 2110 124 43 esse

944 2153 205 38 immediata
1102 2153 142 38 causa
1197 2153 126 38 mali
1276 2153 253 38 consequentia
1481 2153 158 38 patet,
1592 2153 190 38 probatur
1718 2153 79 38 an-

948 2190 202 45 tecedens,
1103 2190 124 45 quia
1180 2190 155 45 enigma
1289 2190 140 45 fidei
1382 2190 202 45 inquantum
1537 2190 186 45 includit
1661 2190 140 45 obscuri

958 2230 138 51 atem,
1050 2230 107 51 est
1111 2230 138 51 causa
1203 2230 184 51 merendi;
1341 2230 107 51 cum
1402 2230 138 51 fides
1494 2230 107 51 non
1555 2230 153 51 habeat
1647 2230 153 51 meritum,

937 2267 113 46 cui
1002 2267 162 46 humana
1115 2267 146 46 ratio
1212 2267 178 46 praebet
1326 2267 243 46 experimentum,

1029 2304 200 52 Praeterea,
1186 2304 86 52 si
1228 2304 171 52 voluntas
1357 2304 128 52 esset
1442 2304 128 52 causa
1528 2304 171 52 peccati,
1642 2304 157 52 inquantum

950 2345 200 42 deficiens
1103 2345 108 42 aut
1165 2345 108 42 hoc
1226 2345 154 42 bonum,
1334 2345 169 42 propter
1457 2345 138 42 cuius
1549 2345 200 42 absentiam
1687 2345 108 42 dici-

951 2383 99 45 tur
1007 2383 198 45 deficiens,
1163 2383 85 45 de
1206 2383 113 45 iure
1276 2383 127 45 debet
1361 2383 142 45 inesse
1460 2383 198 45 voluntati,
1616 2383 71 45 &
1644 2383 99 45 non
1687 2383 113 45 inest,

949 2420 79 48 &
981 2420 126 48 tunc
1060 2420 142 48 poena
1154 2420 236 48 praecederet
1343 2420 173 48 culpam,
1469 2420 110 48 aut
1532 2420 110 48 non
1595 2420 142 48 debet
1674 2420 126 48 inesse

954 2462 200 43 voluntati,
1111 2462 72 43 &
1140 2462 114 43 tunc
1211 2462 157 43 ratione
1326 2462 186 43 carentiae
1469 2462 129 43 talis
1555 2462 114 43 boni
1626 2462 172 43 voluntas
1740 2462 72 43 non

957 2498 169 46 dicetur
1079 2498 138 46 bonum
1171 2498 215 46 deficiens;
1340 2498 138 46 sicut
1432 2498 107 46 nec
1493 2498 138 46 lapis
1585 2498 169 46 dicitur
1693 2498 107 46 bonum

941 2540 209 45 defectiuum
1105 2540 164 45 propter
1225 2540 194 45 catentiam
1374 2540 179 45 virtutis
1494 2540 149 45 visiuae.

992 2575 158 44 Contra
1103 2575 190 44 secundam
1245 2575 221 44 clausulam,
1419 2575 111 44 qua
1483 2575 142 44 dixi,
1578 2575 127 44 quod
1657 2575 142 44 bonum
1736 2575 63 44 in

971 2619 157 50 uantum
1081 2619 141 50 bonum
1175 2619 157 50 potest
1285 2619 125 50 esse
1363 2619 141 50 causa
1457 2619 188 50 alicuius
1598 2619 141 50 mali,
1677 2619 125 50 quamus

976 2658 85 45 er
1018 2658 169 45 accidens
1145 2658 141 45 potest
1244 2658 183 45 similiter
1385 2658 127 45 argui
1455 2658 71 45 fic

1027 2695 143 39 Omnis
1122 2695 143 39 causa
1217 2695 111 39 per
1281 2695 190 39 accidens
1423 2695 206 39 reducitur
1581 2695 95 39 ad
1629 2695 158 39 causam
1724 2695 79 39 per

950 2731 107 51 se;
1011 2731 152 51 igitur
1117 2731 91 51 si
1163 2731 137 51 malum
1254 2731 137 51 habet
1345 2731 152 51 causam
1452 2731 107 51 per
1513 2731 198 51 accidens,
1650 2731 152 51 videtur.

956 2778 129 46 quod
1037 2778 145 46 etiam
1134 2778 162 46 debeat
1247 2778 162 46 habere
1360 2778 162 46 causam
1473 2778 113 46 per
1521 2778 65 46 se

982 2810 74 49 2
1012 2810 206 49 Praeterea,
1174 2810 118 49 quod
1248 2810 147 49 euenit
1351 2810 88 49 in
1395 2810 162 49 actione
1513 2810 162 49 praeter
1616 2810 192 49 intentionem

956 2850 176 52 agentis,
1088 2850 161 52 excusat
1205 2850 190 52 peccatum,
1351 2850 132 52 sicut
1439 2850 161 52 credens
1556 2850 190 52 percutere
1688 2850 117 52 hosten

954 2888 233 49 reipublicae,
1144 2888 73 49 &
1173 2888 160 49 praeter
1290 2888 219 49 intentionem
1464 2888 175 49 percutit
1595 2888 146 49 patre,
1683 2888 131 49 excusat

952 2932 86 44 in
995 2932 171 44 decretis
1123 2932 71 44 a
1152 2932 214 44 parricidio:
1323 2932 100 44 sed
1380 2932 143 44 istud,
1480 2932 114 44 quod
1552 2932 100 44 pec
1609 2932 171 44 accidens
1723 2932 86 44 eue-

966 2965 115 46 nit,
1037 2965 143 46 preter
1138 2965 215 46 intentionem
1310 2965 158 46 euenit:
1425 2965 143 46 igitur
1525 2965 86 46 si
1568 2965 129 46 malum
1654 2965 143 46 euenit
1740 2965 72 46 per

966 3009 199 41 accidens,
1119 3009 153 41 nullus
1226 3009 184 41 faciendo
1363 3009 138 41 malum
1440 3009 168 41 peccaret.

1036 3044 201 55 Praeterea,
1194 3044 173 55 effectus
1323 3044 101 55 per
1381 3044 173 55 accidens
1510 3044 158 55 euenit,
1626 3044 86 55 vt
1669 3044 130 55 taro,
1755 3044 101 55 sed

967 3085 142 64 malum
1062 3085 173 64 cuenit,
1188 3085 94 64 vt
1235 3085 94 64 in
1282 3085 205 64 pluribus:
1439 3085 126 64 ergo
1502 3085 79 64 &c.
