2375 3565
427 277 243 71 intentionem.
624 277 167 71 Secunda
746 277 121 71 ibi,
822 277 106 71 Quo
882 277 137 71 circa
973 277 258 71 diiuersitatis
1171 277 106 71 huius

441 336 149 46 Tertia
546 336 119 46 ibi,
620 336 119 46 Quid
695 336 119 46 enim
769 336 90 46 in
814 336 104 46 hac
874 336 209 46 varietate.
1038 336 90 46 Et
1083 336 119 46 haec
1158 336 90 46 in
1187 336 90 46 duas

424 377 127 50 quia
504 377 191 50 Magister
647 377 143 50 primo
743 377 143 50 dicit
838 377 143 50 actum
934 377 143 50 malum
1029 377 111 50 tam
1077 377 207 50 interiorem,

424 415 131 53 quam
506 415 229 53 exteriorem
686 415 131 53 esse
768 415 213 53 peccatum.
932 415 180 53 Secundo
1063 415 180 53 recitat
1178 415 98 53 vnam

426 457 231 50 opinionem,
608 457 132 50 quae
691 457 149 50 ponit
790 457 215 50 huiusmodi
955 457 165 50 actum,
1070 457 149 50 licet
1169 457 116 50 non
1219 457 66 50 in

426 492 172 59 quantum
552 492 110 59 est
614 492 157 59 malus:
724 492 141 59 tamen
818 492 204 59 inquantum
975 492 110 59 est
1037 492 157 59 actus,
1147 492 78 59 a
1178 492 110 59 Deo
1225 492 63 59 es

424 539 92 52 se
470 539 200 52 causatum,
624 539 123 52 ibi,
700 539 154 52 Quidam
808 539 215 52 diligenter
977 539 108 52 &c.
1039 539 92 52 Et
1085 539 123 52 haec
1162 539 92 52 in
1193 539 92 52 duas

423 577 187 46 diuiditur
567 577 159 46 partes,
682 577 115 46 quia
754 577 130 46 primo
841 577 173 46 Magister
970 577 144 46 istius
1071 577 187 46 opinionis
1201 577 72 46 pro

424 610 194 45 sequitur
569 610 258 45 intentionem.
779 610 177 45 Secundo
908 610 177 45 recitat
1037 610 210 45 oppositam
1182 610 97 45 opi-

422 653 159 45 nionem:
537 653 159 45 Secunda
653 653 116 45 pars
726 653 159 45 incipit
842 653 87 45 in
885 653 203 45 principio.
1044 653 101 45 37.
1102 653 145 45 distin
1189 653 87 45 ibi-

423 687 121 47 Sunt
499 687 136 47 autem
589 687 136 47 alii.
680 687 136 47 Prima
771 687 197 47 diuiditur
923 687 91 47 in
968 687 136 47 duas,
1059 687 121 47 quia
1135 687 136 47 primo
1210 687 76 47 Ma-

424 739 163 45 gister
538 739 114 45 iam
603 739 163 45 dictam
718 739 212 45 opinionem
881 739 196 45 recitat.
1028 739 180 45 Secundo
1142 739 131 45 quedam

424 768 194 53 mcidentia
573 768 134 53 circa
663 768 194 53 praedicta
812 768 209 53 determinat
976 768 119 53 ibi,
1051 768 179 53 Sciendum
1185 768 105 53 est
1230 768 60 53 ta

425 818 124 44 men.
503 818 140 44 Prima
596 818 93 44 in
643 818 140 44 tres:
736 818 124 44 quia
814 818 140 44 primo
907 818 186 44 Magister
1047 818 155 44 primae
1140 818 140 44 opinio-

426 846 110 51 nis
489 846 158 51 innuit
600 846 252 51 probationem.
804 846 173 51 Secundo
930 846 158 51 contra
1041 846 110 51 eam
1104 846 189 51 adducit,
1230 846 47 51 &

422 888 156 52 tollit
532 888 187 52 duplicem
672 888 249 52 obiectionem.
875 888 156 52 Tertio
984 888 140 52 mouet
1062 888 218 52 quadruplicen

424 926 282 40 dubitationem.
656 926 182 40 Secunda
789 926 133 40 ibi,
872 926 166 40 Quibus
988 926 232 40 opponitur.
1153 926 133 40 Tertia

428 964 112 50 ibi,
498 964 126 50 Solet
582 964 126 50 etiam
666 964 154 50 quaeri.
778 964 84 50 Et
820 964 112 50 haec
890 964 84 50 in
932 964 182 50 quattuor,
1072 964 182 50 secundum,
1198 964 70 50 quo

420 1005 190 49 quattuor
563 1005 190 49 mouentur
705 1005 253 49 quaestiones,
911 1005 158 49 quarum
1022 1005 142 49 etiam
1101 1005 174 49 distincte

415 1052 210 41 recitantur
580 1052 255 41 responsiones,
790 1052 75 41 &
820 1052 150 41 partes
924 1052 165 41 patent.
1044 1052 180 41 Sequitur
1164 1052 120 41 distin

423 1084 136 39 ctir.
514 1084 106 39 38.
574 1084 181 39 Sciendum
710 1084 106 39 est
770 1084 151 39 tamen.
876 1084 91 39 In
921 1084 106 39 qua
982 1084 181 39 Magister
1103 1084 166 39 occasione

430 1120 256 51 praedictorum
638 1120 192 51 ostendit
782 1120 192 51 peccatum
925 1120 208 51 quandoque
1085 1120 128 51 esse
1149 1120 128 51 poenam

433 1163 175 51 peccati.
564 1163 87 51 Et
608 1163 189 51 diuiditur
753 1163 87 51 in
797 1163 116 51 duas
870 1163 160 51 partes,
986 1163 116 51 quia
1059 1163 131 51 primo
1132 1163 145 51 Magister

426 1204 112 39 iam
490 1204 159 39 dictam
601 1204 128 39 suam
681 1204 239 39 intentionem
872 1204 223 39 premittit.
1048 1204 175 39 Secundo
1159 1204 112 39 circa

426 1237 121 50 prem
502 1237 121 50 issa
578 1237 167 50 quandam
699 1237 228 50 quaestionem
881 1237 197 50 proponit,
1033 1237 121 50 ibi,
1109 1237 91 50 Et
1155 1237 121 50 ideo
1215 1237 61 50 me

419 1276 136 57 rito.
510 1276 91 57 Et
555 1276 121 57 haec
631 1276 91 57 in
676 1276 136 57 duas:
767 1276 121 57 quia
843 1276 136 57 primo
934 1276 121 57 mota
1010 1276 212 57 quaestione
1161 1276 106 57 Magi-

417 1324 138 44 ster
503 1324 224 44 respondet
675 1324 207 44 secundum
830 1324 224 44 quorundam
1002 1324 241 44 opinionem,
1174 1324 86 44 quo

427 1357 173 46 peccatum
557 1357 145 46 potest
658 1357 116 46 dici
730 1357 130 46 poena
817 1357 159 46 peccati
933 1357 101 46 non
990 1357 260 46 essentialiter,
1193 1357 72 46 sec

420 1398 241 47 causaliter,
613 1398 177 47 Secundo
742 1398 209 47 respondet
903 1398 193 47 secundum
1048 1398 193 47 propriam
1177 1398 80 47 opi

419 1437 174 51 nionem,
545 1437 126 51 quod
624 1437 205 51 quandoque
782 1437 189 51 peccatum
924 1437 110 51 est
987 1437 142 51 poena
1082 1437 174 51 peccati
1192 1437 79 51 non

420 1473 124 52 solum
503 1473 207 52 causaliter,
669 1473 97 52 sed
724 1473 124 52 etiam
807 1473 248 52 essentialiter,
1014 1473 110 52 ibi,
1083 1473 83 52 In
1124 1473 124 52 nullo
1193 1473 69 52 ta-

421 1512 105 49 men
481 1512 255 49 praeiudicium.
691 1512 90 49 Et
736 1512 120 49 haec
811 1512 90 49 in
857 1512 195 49 quattuor:
1007 1512 105 49 nam
1067 1512 135 49 primo
1142 1512 135 49 recitat

419 1552 195 48 propriam
565 1552 244 48 intentionem
760 1552 179 48 Secundo
890 1552 146 48 addit
988 1552 130 48 eius
1053 1552 211 48 confirmatio

413 1591 115 41 nem
478 1591 165 41 Tertio
594 1591 181 41 adducit
725 1591 82 41 &
758 1591 165 41 tollit
874 1591 181 41 quandam
1005 1591 264 41 obiectionem.
1203 1591 66 41 Et

419 1632 156 51 quarto
528 1632 249 51 praedictorum
731 1632 202 51 aliqualem
886 1632 140 51 facit
980 1632 280 51 epilogationem.
1198 1632 62 51 Se

422 1670 142 43 cunda
517 1670 126 43 ibi;
595 1670 126 43 Quod
674 1670 142 43 autem
768 1670 173 43 quaedam
894 1670 157 43 Tertia
1004 1670 126 43 ibi,
1083 1670 142 43 lllud
1162 1670 110 43 autem

425 1707 216 44 diligenter.
598 1707 144 44 Quarta
698 1707 115 44 ibi,
771 1707 130 44 Satis
857 1707 159 44 illorum
972 1707 101 44 &c.
1030 1707 115 44 Haec
1102 1707 101 44 est
1145 1707 130 44 senten-

419 1743 105 43 tia
479 1743 164 43 istarum
598 1743 149 43 duarum
703 1743 254 43 distinctionum
912 1743 90 43 in
957 1743 194 43 generali,
1107 1743 135 43 circa
1181 1743 90 43 quas

418 1783 146 52 quaero
520 1783 117 52 hanc
593 1783 219 52 quaestionem
768 1783 87 52 in
812 1783 189 52 speciali.

647 1940 330 79 gaestio

593 2066 105 86 An
645 2066 157 86 culpa
750 2066 227 86 quaelibet
924 2066 105 86 in
959 2066 105 86 actu

752 2131 186 65 consistat.

627 2578 136 70 TRVM
712 2578 136 70 omne
797 2578 204 70 peccatum
950 2578 221 70 consistit
1120 2578 102 70 in
1154 2578 102 70 ali-

656 2643 104 52 quo
716 2643 119 52 actu
790 2643 193 52 positiuo.
939 2643 89 52 Et
983 2643 178 52 videtur,
1117 2643 119 52 quod
1177 2643 74 52 sic

663 2684 115 47 quia
734 2684 172 47 opposita
863 2684 115 47 sunt
935 2684 115 47 apta
1006 2684 115 47 nata
1078 2684 129 47 fieri
1150 2684 100 47 circi

641 2721 156 45 idem:
744 2721 121 45 sed
814 2721 208 45 meritum,
969 2721 86 45 &
1004 2721 225 45 demeritum
1160 2721 86 45 sun

639 2759 232 57 opposita,
818 2759 89 57 &
853 2759 143 57 omne
943 2759 196 57 meritum
1068 2759 178 57 consisti

626 2802 111 39 Rii
689 2802 95 39 in
737 2802 158 39 aliquo
848 2802 142 39 actu:
943 2802 127 39 ergo
1022 2802 127 39 omne
1085 2802 174 39 demeritum

398 2839 201 61 consistit
552 2839 93 61 in
598 2839 154 61 aliquo
706 2839 139 61 actu,
799 2839 77 61 &
830 2839 108 61 per
892 2839 216 61 consequens
1062 2839 124 61 omne
1123 2839 124 61 pecca-

396 2875 106 48 tum
456 2875 196 48 consistit
607 2875 91 48 in
653 2875 151 48 aliquo
743 2875 106 48 actu.

440 2911 159 51 Contra,
555 2911 145 51 istud,
656 2911 116 51 quod
729 2911 159 51 proprie
844 2911 130 51 habet
931 2911 116 51 esse
1003 2911 87 51 in
1047 2911 202 51 cessatione
1191 2911 58 51 ab

392 2957 133 53 actu,
481 2957 104 53 hoc
540 2957 104 53 non
599 2957 192 53 consistit
747 2957 89 53 in
792 2957 148 53 aliquo
895 2957 133 53 actu:
984 2957 177 53 peccatum
1102 2957 148 53 omissio-

393 2992 106 55 nis
453 2992 136 55 habet
544 2992 121 55 esse
619 2992 91 55 in
665 2992 211 55 cessatioue
831 2992 91 55 ab
876 2992 136 55 actu:
966 2992 121 55 ergo
1042 2992 106 55 &c.
1102 2992 106 55 Hic
1147 2992 91 55 quat

393 3033 125 44 tuor
472 3033 125 44 sunt
550 3033 188 44 videnda.
690 3033 141 44 Primo
784 3033 94 44 de
831 3033 203 44 quaesito.
987 3033 172 44 Secundo
1112 3033 141 44 vtrum
1190 3033 63 44 ma

376 3074 114 48 lum
441 3074 162 48 culpae
554 3074 211 48 corrumpat
717 3074 211 48 potentias
879 3074 179 48 animae.
1009 3074 97 48 Et
1058 3074 114 48 hoc
1107 3074 146 48 quantum

1312 282 123 61 adi;
1389 282 92 61 e:
1435 282 261 61 distinctionem
1650 282 169 61 Tertio,
1773 282 138 61 vtrum
1865 282 138 61 malum
1942 282 231 61 sufficienter.

1308 338 202 42 diuidatur
1464 338 78 42 m
1495 338 140 42 malum
1588 338 171 42 culpae,
1712 338 78 42 &
1743 338 140 42 malum
1836 338 171 42 poenae.
1961 338 171 42 Quarto,
2069 338 109 42 vtrum

1315 373 132 47 malum
1403 373 147 47 poenae
1506 373 147 47 possit
1609 373 117 47 esse
1682 373 117 47 sine
1755 373 117 47 malo
1829 373 147 47 culpe,
1931 373 73 47 &
1961 373 205 47 econuerso.
2107 373 59 47 Et

1308 414 104 56 hoc
1368 414 163 56 quantum
1486 414 104 56 ad.
1546 414 104 56 38.
1590 414 134 56 distin

1393 487 593 91 RESOLVTIO.

1310 600 171 50 Peccatum
1438 600 185 50 quodlibet
1580 600 228 50 commissionis
1765 600 85 50 in
1808 600 114 50 actu
1879 600 142 50 aliquo
1979 600 185 50 plerimque
2107 600 71 50 con

1343 642 142 49 sistit,
1446 642 180 49 omissionis
1588 642 103 49 vero
1652 642 155 49 defectum
1768 642 90 49 non
1820 642 90 49 est
1872 642 142 49 necesse
1962 642 206 49 Proptereafaten

1339 692 108 49 dum
1400 692 108 49 est
1462 692 154 49 animam
1570 692 185 49 humanam,
1709 692 170 49 eiusque
1832 692 201 49 potentias
1987 692 154 49 quoquo
2079 692 93 49 mado

1345 721 157 60 peccato
1445 721 157 60 corrumpi.

1362 800 545 60 ARTICVLVS

1397 885 171 90 Vtrum
1511 885 171 90 culpa
1625 885 228 90 quelibet
1797 885 114 90 in
1854 885 152 90 actu
1949 885 266 90 consistat.

1381 1036 118 60 VA
1440 1036 157 60 NTVM
1538 1036 118 60 ad
1597 1036 196 60 primum
1734 1036 137 60 est
1812 1036 313 60 aduertendum,
2047 1036 118 60 quod

1301 1074 77 62 A
1331 1074 93 62 Vt
1378 1074 139 62 patet
1470 1074 93 62 ex
1517 1074 216 62 praedictis
1686 1074 201 62 superius,
1841 1074 154 62 duplex
1949 1074 108 62 est
1995 1074 170 62 peccatum,

1305 1117 189 52 scilicet
1447 1117 189 52 peccatum
1589 1117 221 52 originale,
1763 1117 126 52 quod
1842 1117 126 52 alio
1920 1117 158 52 nomine
2015 1117 142 52 dicitur

1308 1168 192 44 peccatum
1452 1168 208 44 naturale;
1612 1168 80 44 &
1644 1168 192 44 peccatum
1789 1168 224 44 personale,
1965 1168 128 44 quod
2029 1168 128 44 quado-

1302 1200 106 48 que
1362 1200 166 48 dicitur
1483 1200 166 48 actuale
1604 1200 91 48 De
1649 1200 136 48 primo
1740 1200 106 48 non
1800 1200 181 48 procedit
1936 1200 181 48 praesens
2056 1200 91 48 quae

1297 1240 129 44 stio,
1383 1240 100 44 sed
1440 1240 86 44 de
1483 1240 172 44 secundo.
1612 1240 86 44 Et
1655 1240 129 44 istud
1741 1240 158 44 secudum
1856 1240 201 44 diuiditur,
2014 1240 115 44 quia
2071 1240 72 44 qua

1307 1274 106 54 dam
1367 1274 121 54 sunt
1443 1274 166 54 peccata
1564 1274 257 54 commissionis,
1775 1274 151 54 quedam
1881 1274 121 54 sunt
1957 1274 166 54 peccata
2062 1274 91 54 omis

1297 1315 168 53 sionis.
1419 1315 92 53 Et
1465 1315 183 53 secundum
1602 1315 107 53 hoc
1663 1315 122 53 pono
1740 1315 122 53 duas
1801 1315 229 53 conclusiones.

1337 1352 148 44 Prima
1435 1352 131 44 est,
1517 1352 131 44 quod
1599 1352 131 44 omne
1682 1352 197 44 peccatum
1829 1352 263 44 commissionis
2027 1352 131 44 consi-

1292 1393 119 51 stit
1367 1393 89 51 in
1411 1393 149 51 aliquo
1516 1393 134 51 actu.
1605 1393 119 51 Quia
1680 1393 134 51 omnis
1769 1393 239 51 transgressio
1963 1393 194 51 praecepti
2097 1393 75 51 ne-

1302 1436 148 44 gatiui
1406 1436 207 44 necessario
1568 1436 192 44 consistit
1715 1436 89 44 in
1760 1436 148 44 aliquo
1863 1436 118 44 actu
1937 1436 207 44 prohibito,
2099 1436 103 44 sed

1296 1474 133 46 omne
1380 1474 200 46 peccatum
1530 1474 267 46 commissionis
1747 1474 117 46 est
1813 1474 167 46 quedam
1913 1474 234 46 transgressio

1315 1507 185 47 raecepti
1453 1507 201 47 negatiui,
1608 1507 108 47 non
1670 1507 123 47 enim
1747 1507 185 47 possumus
1886 1507 201 47 comittere
2025 1507 123 47 contra

1299 1553 145 45 legem
1395 1553 177 45 proprie
1524 1553 193 45 loquendo
1669 1553 96 45 de
1717 1553 257 45 commissione,
1926 1553 129 45 nisi
1990 1553 161 45 faciendo

1295 1592 192 51 aliquid,
1439 1592 128 51 quod
1519 1592 112 51 est
1583 1592 224 51 prohibitum
1758 1592 96 51 in
1790 1592 96 51 lege

1333 1629 130 56 Forte
1419 1629 173 56 dicetur,
1549 1629 116 56 quod
1621 1629 144 56 illud,
1723 1629 116 56 quod
1795 1629 87 56 de
1838 1629 87 56 se
1882 1629 130 56 nihil
1968 1629 116 56 est,
2040 1629 101 56 hoc
2084 1629 72 56 non

1302 1668 176 46 consistit
1438 1668 81 46 in
1478 1668 135 46 aliquo
1573 1668 122 46 actu:
1654 1668 95 46 sed
1708 1668 162 46 peccatum
1830 1668 95 46 est
1884 1668 81 46 de
1925 1668 81 46 se
1966 1668 135 46 nihil,
2060 1668 81 46 vt
2087 1668 68 46 pa-

1294 1714 105 47 tet
1354 1714 105 47 per
1414 1714 210 47 Augustinum
1579 1714 135 47 super
1669 1714 180 47 loannem,
1805 1714 105 47 vbi
1865 1714 210 47 pertractat
2030 1714 150 47 illud,

1294 1741 137 57 Sine
1379 1741 137 57 ipso
1465 1741 171 57 factum
1585 1741 120 57 est
1636 1741 137 57 nihil.

1326 1784 207 51 Respondeo,
1489 1784 118 51 quod
1562 1784 118 51 esse
1636 1784 133 51 nihil
1725 1784 148 51 potest
1828 1784 192 51 intelligi
1961 1784 192 51 dupliciter.

1301 1824 115 48 Vno
1366 1824 147 48 modo,
1464 1824 115 48 per
1530 1824 147 48 modum
1628 1824 213 48 simplicis
1792 1824 246 48 negationis.
1988 1824 131 48 Alio
2054 1824 98 48 modo

1300 1867 115 49 per
1365 1867 147 49 modum
1463 1867 262 49 priuationis.
1676 1867 98 49 De
1725 1867 147 49 primo
1824 1867 196 49 procedit
1955 1867 196 49 argumentum

1295 1908 121 49 hoc,
1370 1908 106 49 non
1431 1908 90 49 de
1476 1908 166 49 secundo
1596 1908 136 49 modo:
1687 1908 121 49 quia
1762 1908 106 49 cum
1822 1908 181 49 priuatio
1958 1908 106 49 sit
2003 1908 136 49 negatio

1300 1941 88 48 in
1344 1941 176 48 subiecto
1476 1941 117 48 apto
1549 1941 132 48 nato:
1637 1941 117 48 ideo
1710 1941 117 48 tale
1784 1941 132 48 nihil
1871 1941 220 48 presupponit
2033 1941 103 48 actun

1290 1985 103 44 vel
1349 1985 162 44 aliquid
1467 1985 206 44 positiuum,
1629 1985 88 44 in
1673 1985 103 44 quo
1732 1985 191 44 fundetur:
1879 1985 132 44 etiam
1967 1985 132 44 saepe
2041 1985 103 44 suppo

1299 2020 108 51 nit
1360 2020 154 51 actum,
1468 2020 77 51 a
1499 2020 108 51 quo
1561 2020 201 51 causatur,
1715 2020 108 51 Cum
1777 2020 154 51 igitur
1885 2020 185 51 peccatum
2024 2020 108 51 non
2070 2020 77 51 sit

1299 2056 137 55 nihil
1390 2056 137 55 primo
1481 2056 137 55 modo,
1572 2056 106 55 sed
1633 2056 167 55 secundo
1755 2056 228 55 modo:igitur
1937 2056 198 55 instantia
2074 2056 76 55 non

1283 2099 257 54 concludit
1481 2099 198 54 contra
1620 2099 277 54 praemissam
1818 2099 297 54 conclusionem.

1296 2140 176 54 Secunda
1424 2140 208 54 conclusio
1584 2140 128 54 est,
1664 2140 128 54 quod
1744 2140 192 54 peccatum
1888 2140 224 54 omissionis
2064 2140 112 54 non

1293 2181 192 52 consistit
1441 2181 207 52 necessario
1603 2181 207 52 causaliter
1765 2181 89 52 in
1810 2181 148 52 aliquo
1913 2181 118 52 actu
1987 2181 177 52 elicito.

1291 2218 82 48 1
1323 2218 131 48 Quia
1405 2218 164 48 illud,
1520 2218 131 48 quod
1602 2218 180 48 accidit
1733 2218 164 48 homini
1848 2218 98 48 ex
1897 2218 131 48 sola
1963 2218 180 48 omissione

1287 2254 176 47 alicuius
1419 2254 147 47 actus,
1522 2254 103 47 hoc
1581 2254 205 47 causaliter
1742 2254 103 47 non
1801 2254 191 47 concernit
1947 2254 161 47 aliquem
2050 2254 88 47 actu

1285 2296 90 47 in
1330 2296 105 47 quo
1390 2296 210 47 consistat:
1555 2296 105 47 sed
1615 2296 180 47 peccatum
1749 2296 210 47 omissionis
1914 2296 105 47 est
1959 2296 180 47 huiusmodi;

1291 2341 123 45 ergo
1367 2341 107 45 &c.
1429 2341 138 45 Maior
1520 2341 153 45 patet.
1628 2341 168 45 Minorem
1750 2341 153 45 probo,
1857 2341 123 45 quia
1934 2341 168 45 posito,
2041 2341 92 45 quod

1283 2378 171 49 aliquis
1408 2378 109 49 non
1470 2378 140 49 dicat
1563 2378 140 49 hotas
1656 2378 202 49 canonicas
1811 2378 124 49 illo
1889 2378 186 49 tempore,
2013 2378 124 49 quando

1297 2417 160 41 potest,
1414 2417 73 41 &
1443 2417 160 41 tenetur
1559 2417 102 41 eas
1617 2417 160 41 dicere:
1733 2417 131 41 dato,
1820 2417 116 41 quod
1893 2417 102 41 pro
1951 2417 116 41 tunc
2023 2417 102 41 nec
2067 2417 58 41 in

1300 2454 201 50 trinsecus,
1458 2454 100 50 nec
1515 2454 215 50 extrinsecus
1687 2454 158 50 eliciat
1802 2454 158 50 aliquem
1917 2454 144 50 actum,
2017 2454 100 50 qui
2060 2454 72 50 sit

1285 2494 125 55 causa
1369 2494 139 55 istius
1466 2494 209 55 omissionis,
1633 2494 125 55 adhuc
1717 2494 125 55 talis
1801 2494 153 55 omissio
1912 2494 111 55 erit
1968 2494 153 55 peccatum.

1284 2527 73 61 2
1314 2527 204 61 Praeterea,
1474 2527 87 61 si
1518 2527 160 61 ponitur
1634 2527 160 61 aliquis
1751 2527 146 61 actus,
1853 2527 102 61 qui
1911 2527 102 61 sit
1970 2527 131 61 causa
2043 2527 87 61 pec-

1290 2574 111 43 cati
1359 2574 193 43 omissionis
1511 2574 111 43 sic,
1580 2574 111 43 quod
1649 2574 111 43 sine
1719 2574 111 43 ipso
1788 2574 97 43 non
1843 2574 138 43 possit
1940 2574 111 43 esse
1995 2574 138 43 peccatum

1283 2611 233 49 omissionis:
1470 2611 124 49 tunc
1548 2611 109 49 vel
1610 2611 202 49 huiusmodi
1766 2611 187 49 peccatum
1906 2611 218 49 necessario
2061 2611 78 49 se-

1301 2656 133 42 uitur
1390 2656 89 42 ad
1435 2656 133 42 talem
1523 2656 148 42 actum,
1627 2656 104 42 vel
1686 2656 104 42 non
1746 2656 178 42 sequitur
1879 2656 207 42 necessario
2042 2656 89 42 ad
2072 2656 59 42 ta

1293 2690 91 49 em
1338 2690 152 49 actum.
1445 2690 91 49 Si
1490 2690 137 49 primo
1582 2690 137 49 modo,
1673 2690 122 49 tunc
1749 2690 106 49 vel
1810 2690 122 49 ille
1886 2690 137 49 actus
1977 2690 106 49 est
2023 2690 106 49 malus

1283 2725 106 55 vel
1343 2725 151 55 bonus.
1449 2725 90 55 Si
1494 2725 151 55 malus,
1599 2725 121 55 tunc
1675 2725 151 55 nullus
1780 2725 151 55 posset
1886 2725 166 55 peccare
1991 2725 136 55 peccato

1283 2773 236 44 omissionis,
1472 2773 126 44 nisi
1551 2773 142 44 simul
1645 2773 189 44 peccaret
1787 2773 173 44 peccato
1897 2773 236 44 commissionis,

1292 2801 250 60 Consequentia
1495 2801 156 60 patet:
1605 2801 125 60 quia
1683 2801 156 60 preter
1792 2801 187 60 peccatum
1933 2801 234 60 omissionis,

1286 2847 142 51 cuius
1381 2847 206 51 predictus
1539 2847 142 51 actus
1634 2847 174 51 ponitur
1761 2847 127 51 esse
1840 2847 158 51 causa;
1951 2847 127 51 ipse
2014 2847 111 51 actus

1303 2887 91 53 er
1348 2887 91 53 se
1394 2887 137 53 esset
1485 2887 228 53 culpabilis;
1668 2887 91 53 eo
1713 2887 122 53 quod
1789 2887 167 53 ponatur
1911 2887 122 53 esse
1971 2887 122 53 malus.

1285 2926 182 50 Falsitas
1421 2926 136 50 etiam
1512 2926 242 50 consequentis
1708 2926 151 50 patet:
1814 2926 121 50 quia
1890 2926 106 50 hoc
1950 2926 151 50 posito
2041 2926 91 50 tunc

1284 2970 141 44 omnis
1378 2970 172 44 peccans
1503 2970 172 44 peccato
1628 2970 235 44 omissionis,
1816 2970 219 44 necessario
1973 2970 156 44 peccaret

1287 2998 169 54 dupliei
1410 2998 185 54 peccato:
1548 2998 123 54 immo
1625 2998 154 54 duobus
1733 2998 185 54 peccatis
1871 2998 154 54 genere
1964 2998 169 54 differen-

1284 3048 154 51 tibus,
1391 3048 123 51 quod
1468 3048 154 51 nullus
1576 3048 169 51 diceret
1699 3048 123 51 sane
1775 3048 169 51 mentis.
1898 3048 92 51 Si
1945 3048 169 51 secundo
2052 3048 77 51 mo-

1281 3080 118 56 do,
1348 3080 134 56 tunc
1432 3080 101 56 ad
1483 3080 151 56 actum
1584 3080 151 56 bonum
1684 3080 202 56 bonitate
1836 3080 185 56 morali,
1970 3080 101 56 de
2020 3080 118 56 qua
2071 3080 67 56 ad
