2373 3556
421 282 101 48 Ad
472 282 185 48 quartum
606 282 218 48 dicendum,
774 282 134 48 quod
858 282 151 48 licet
959 282 134 48 omne
1043 282 202 48 peccatum
1177 282 67 48 co

387 319 107 55 tra
448 319 199 55 originale
601 319 214 55 distinctum
769 319 168 55 dicatur
892 319 168 55 actuale
1014 319 107 55 pro
1076 319 153 55 tanto,
1167 319 77 55 qua

384 357 106 62 non
445 357 106 62 est
505 357 91 62 ab
551 357 167 62 origine
673 357 228 62 natiuitatis
855 357 228 62 contractum:
1037 357 137 62 tamen
1129 357 106 62 non
1174 357 61 62 em

387 393 104 67 per
447 393 164 67 dicitur
566 393 164 67 actuale
685 393 89 67 ab
729 393 134 67 actu,
819 393 104 67 qui
878 393 223 67 committitur
1057 393 74 67 :
1086 393 104 67 sed
1131 393 104 67 etiam

382 431 193 56 quandoque
531 431 89 56 ab
576 431 134 56 actu,
665 431 104 56 qui
724 431 208 56 omittitur,
888 431 134 56 sicut
977 431 104 56 est
1037 431 89 56 in
1066 431 179 56 proposito.

379 479 109 58 Nam
442 479 140 58 licet
535 479 93 58 ad
582 479 187 58 peccatum
722 479 264 58 commissionis,
939 479 124 58 quod
1017 479 109 58 est
1079 479 140 58 cotra
1157 479 78 58 pro

390 505 136 60 repta
481 505 197 60 negatiua,
632 505 212 60 requiratur
799 505 136 60 actus
890 505 106 60 vel
951 505 227 60 operationis
1118 505 121 60 commis

393 563 120 49 sio:
468 563 135 49 tamen
558 563 90 49 ad
603 563 195 49 perfectam
752 563 180 49 rationem
887 563 165 49 peccati
1007 563 210 49 omssionis,
1156 563 90 49 quod

390 588 103 62 est
449 588 147 62 contra
552 588 177 62 peccatum
685 588 250 62 affirmatiuum,
891 588 177 62 sufficit
1023 588 132 62 actus
1097 588 147 62 omissio,

385 634 143 54 modo,
480 634 111 54 quo
544 634 191 54 superius
687 634 159 54 dictum
783 634 95 54 est.

427 666 95 55 Ad
475 666 174 55 quintum
601 666 206 55 dicendum,
759 666 127 55 quod
839 666 190 55 concessa
981 666 253 55 conclusione,
1171 666 79 55 tuc

387 714 145 43 adhuc
484 714 226 43 applicando
661 714 113 43 eam
726 714 97 43 ad
775 714 226 43 propositum
952 714 242 43 committitur
1130 714 113 43 falla

395 743 107 57 cia
456 743 260 57 consequentis;
670 743 122 57 quia
746 743 107 57 non
807 743 122 57 plus
884 743 244 57 concluditur,
1082 743 122 57 nisi
1143 743 92 57 quod

399 794 154 44 omissio
511 794 168 44 fundatur
638 794 84 44 in
680 794 140 44 aliquo
778 794 126 44 actu:
862 794 84 44 ex
904 794 98 44 hoc
960 794 126 44 autem
1045 794 168 44 inferre,
1157 794 84 44 quod

387 833 169 45 fundetur
514 833 85 45 in
556 833 113 45 actu
626 833 169 45 secundo,
753 833 113 45 siue
824 833 85 45 in
866 833 113 45 actu
936 833 169 45 elicito,
1063 833 99 45 est
1105 833 141 45 fallacia

393 862 233 60 consequentis:
585 862 110 60 quia
654 862 137 60 potest
750 862 151 60 fundari
859 862 82 60 in
900 862 110 60 actu
969 862 137 60 primo,
1065 862 110 60 siue
1133 862 82 60 in
1161 862 82 60 actu

387 915 206 42 elicitiuo,
549 915 118 42 puta
622 915 88 42 in
666 915 118 42 ipsa
740 915 206 42 voluntate,
901 915 118 42 quae
975 915 147 42 debuit
1078 915 103 42 pro
1136 915 118 42 tunc
1195 915 59 42 ha

384 941 149 56 buisse
489 941 134 56 actum
578 941 194 56 oppositum
727 941 119 56 illi
802 941 209 56 omissioni:
966 941 119 56 quia
1041 941 179 56 opposita
1160 941 90 56 pri-

390 982 150 63 uatiua
495 982 150 63 habent
600 982 135 63 fieri
690 982 135 63 circa
779 982 120 63 idem
839 982 210 63 disiunctiue-

424 1019 97 55 Ad
472 1019 162 55 sextum
585 1019 210 55 dicendum,
747 1019 129 55 quod
828 1019 162 55 illius
941 1019 226 55 omissionis
1103 1019 145 55 praeter

398 1057 145 54 omnem
494 1057 145 54 actum
591 1057 193 54 elicitum
736 1057 193 54 possumus
880 1057 257 54 sufficienter
1089 1057 161 54 causam
1186 1057 64 54 as

391 1096 176 57 signare
519 1096 144 57 ipsam
615 1096 239 57 voluntatem,
806 1096 128 57 quae
886 1096 112 57 non
950 1096 176 57 coacte,
1077 1096 112 57 sed
1125 1096 128 57 libere

396 1131 163 66 omittit
515 1131 163 66 facere,
633 1131 119 66 quod
707 1131 178 66 tenetur:
841 1131 119 66 quia
915 1131 163 66 eiusdem
1034 1131 208 66 voluntatis
1182 1131 59 66 es

392 1189 138 57 posse
484 1189 169 57 facere,
607 1189 77 57 &
638 1189 108 57 non
684 1189 123 57 facere

438 1213 88 54 Et
482 1213 103 54 per
541 1213 117 54 idem
614 1213 132 54 patet
702 1213 88 54 ad
746 1213 190 54 septimum:
892 1213 117 54 quia
966 1213 132 54 illud
1054 1213 146 54 malum,
1141 1213 103 54 quoam

401 1258 115 49 est
466 1258 197 49 peccatum
614 1258 229 49 omissionis
794 1258 246 49 presupponit
991 1258 115 49 hoc
1056 1258 164 49 bonum,
1155 1258 98 49 quod

395 1297 109 55 est
458 1297 125 55 ipsa
536 1297 203 55 voluntas,
692 1297 109 55 non
754 1297 281 55 quomodocumque,
989 1297 109 55 sed
1051 1297 141 55 prout
1129 1297 125 55 cessat

396 1334 89 72 ab
441 1334 119 72 actu
515 1334 134 72 tunc,
604 1334 149 72 quando
708 1334 89 72 ad
753 1334 119 72 eius
827 1334 193 72 elicionem
976 1334 89 72 de
1021 1334 119 72 iure
1080 1334 149 72 tenetur.

434 1372 98 65 Ad
483 1372 179 65 octauum
613 1372 212 65 dicendum,
776 1372 130 65 quia
857 1372 130 65 homo
939 1372 179 65 dicitur
1069 1372 114 65 sua
1118 1372 130 65 volun-

401 1411 122 62 tate
477 1411 168 62 aliquid
599 1411 213 62 dupliciter
767 1411 168 62 fugere.
888 1411 107 62 Vno
949 1411 137 62 modo,
1041 1411 122 62 actu
1102 1411 137 62 positus

399 1460 125 54 puta
478 1460 141 54 ipsum
572 1460 220 54 refutando.
744 1460 125 54 Alio
823 1460 141 54 modo,
917 1460 204 54 negatiue,
1074 1460 125 54 puta
1136 1460 110 54 ipsum

390 1502 114 39 non
455 1502 243 39 prosequendo
649 1502 195 39 tempore,
796 1502 114 39 quo
860 1502 146 39 ipsum
958 1502 195 39 prosequi
1088 1502 162 39 tenetur;

384 1535 74 53 &
414 1535 164 53 potest.
533 1535 89 53 Et
578 1535 119 53 iste
652 1535 179 53 secundus
786 1535 134 53 modus
875 1535 134 53 fugae
964 1535 104 53 non
1024 1535 104 53 est
1083 1535 134 53 actus
1158 1535 89 53 elic

395 1568 115 53 tus,
467 1568 101 53 sed
524 1568 130 53 magis
611 1568 173 53 priuatio
741 1568 130 53 actus
827 1568 202 53 eliciendi,
986 1568 72 53 &
1015 1568 101 53 hic
1072 1568 130 53 modus
1145 1568 115 53 suffi-

400 1611 115 60 cit
465 1611 99 60 ad
515 1611 197 60 peccatum
646 1611 214 60 omissionis.

416 1642 105 53 Ad
468 1642 157 53 nonum
573 1642 227 53 dicendum,
747 1642 140 53 quod
835 1642 175 53 duplex
957 1642 122 53 est
1009 1642 245 53 concupiscen-

390 1689 110 52 tia.
459 1689 96 52 Vna
514 1689 165 52 scilicet
638 1689 179 52 actualis,
775 1689 110 52 quae
844 1689 96 52 est
899 1689 124 52 actus
981 1689 179 52 elicitus.
1119 1689 110 52 Alia
1174 1689 82 52 habi

397 1727 151 55 tualis,
507 1727 110 55 quae
576 1727 96 55 non
631 1727 96 55 est
685 1727 123 55 actus
768 1727 178 55 elicitus,
905 1727 96 55 sed
960 1727 96 55 est
1015 1727 110 55 ipse
1083 1727 123 55 fomes
1152 1727 96 55 pecc-

399 1766 104 50 ti:
459 1766 74 50 &
488 1766 89 50 de
533 1766 119 50 illa
607 1766 268 50 concupiscentia
831 1766 164 50 secundo
950 1766 119 50 modo
1024 1766 134 50 dicta
1113 1766 119 50 sunt
1173 1766 74 50 ver

395 1809 88 51 ba
439 1809 147 51 illius
542 1809 147 51 glosae
645 1809 250 51 intelligenda,
851 1809 103 51 cum
909 1809 147 51 dicit,
1012 1809 117 51 quod
1085 1809 117 51 omne
1144 1809 103 51 pecc-

394 1843 100 49 tum
451 1843 157 49 actuale
565 1843 100 49 est
622 1843 271 49 concupiscentia,
851 1843 71 49 &
880 1843 100 49 est
937 1843 100 49 ibi
994 1843 171 49 pdicatio
1122 1843 100 49 non
1165 1843 86 49 for-

389 1883 162 59 malis,
502 1883 113 59 sed
567 1883 211 59 causalis;
729 1883 130 59 quia
810 1883 146 59 fomes
908 1883 113 59 est
972 1883 227 59 quodammodo
1135 1883 113 59 causi

403 1920 129 58 omnis
489 1920 158 58 peccati
604 1920 187 58 actualis,
748 1920 115 58 siue
820 1920 101 58 sit
877 1920 173 58 peccatum
1007 1920 216 58 omissionis,
1165 1920 86 58 siuc

381 1969 250 55 commissionis.

440 2000 98 53 Ad
489 2000 180 53 decimum
619 2000 213 53 dicendum,
783 2000 131 53 quod
865 2000 114 53 ibi
930 2000 213 53 accipitur
1094 2000 147 53 large
1175 2000 82 53 ip-

396 2041 101 51 sum
453 2041 159 51 facere,
569 2041 173 51 scilicet
699 2041 101 51 pro
756 2041 115 51 omni
829 2041 101 51 eo,
886 2041 115 51 quod
958 2041 101 51 est
1016 2041 87 51 in
1059 2041 188 51 potestate
1189 2041 58 51 vo

403 2084 187 54 luntatis.
547 2084 115 54 Vnde
619 2084 101 54 cum
676 2084 173 54 priuatio
806 2084 130 54 actus
893 2084 187 54 eliciendi
1037 2084 101 54 sit
1094 2084 86 54 in
1123 2084 130 54 potesta

403 2135 85 35 te
445 2135 212 35 voluntatis:
615 2135 113 35 ideo
685 2135 155 35 dicitur
798 2135 169 35 voluntas
925 2135 155 35 aliquid
1038 2135 169 35 fecisse,
1151 2135 99 35 quan-

402 2160 92 46 do
448 2160 183 46 cessauit
585 2160 214 46 voluntarie
753 2160 92 46 ab
799 2160 138 46 actu,
891 2160 122 46 quem
967 2160 199 46 tenebatur
1105 2160 153 46 elicere.

397 2198 146 53 Vnde
488 2198 165 53 etiam
598 2198 219 53 secundum
762 2198 219 53 communem
927 2198 146 53 vsum
1018 2198 219 53 loquendi
1165 2198 91 53 per

395 2249 246 47 priuationem
592 2249 246 47 voluntariam
789 2249 246 47 respondemus
986 2249 99 47 ad
1019 2249 230 47 interrogatio

388 2280 111 44 nem
452 2280 143 44 motam
547 2280 95 44 de
594 2280 174 44 facere,
721 2280 127 44 puta
800 2280 111 44 cum
864 2280 174 44 aliquis
990 2280 174 44 quaerit
1117 2280 95 44 de
1149 2280 95 44 ali-

401 2320 116 53 quo,
474 2320 116 53 quid
547 2320 146 53 facit:
649 2320 131 53 saepe
736 2320 189 53 respondet
882 2320 131 53 homo,
969 2320 175 53 quiesco,
1100 2320 146 53 quauis
1188 2320 58 53 qu

391 2354 93 52 es
437 2354 108 52 sit
499 2354 186 52 priuatio
638 2354 155 52 motus,
746 2354 77 52 &
777 2354 248 52 operationis.
978 2354 139 52 Etiam
1071 2354 139 52 glosa
1149 2354 108 52 Magi-

398 2398 116 45 stri
470 2398 87 45 ad
513 2398 130 45 Roma.
600 2398 87 45 7.
643 2398 145 45 dicit,
745 2398 116 45 quod
817 2398 130 45 large
904 2398 174 45 loquendo
1034 2398 87 45 de
1077 2398 159 45 facere,
1179 2398 72 45 tuo

400 2434 142 60 ipsum
495 2434 111 60 non
558 2434 158 60 facere
669 2434 158 60 bonum,
780 2434 111 60 est
843 2434 158 60 facere
938 2434 126 60 malum.

512 2549 518 86 ARTICVLV
900 2549 216 86 S
943 2549 173 86 I1

484 2630 171 78 Vtrum
598 2630 171 78 Malum
712 2630 171 78 culpe
825 2630 247 78 corrumpat
996 2630 152 78 poten-

711 2705 168 63 tias
795 2705 126 63 qumc

458 2778 183 59 VANTVM
586 2778 110 59 ad
641 2778 220 59 secundum
806 2778 238 59 articulum
989 2778 238 59 dicendum,
1153 2778 92 59 quo

423 2825 125 48 tam
495 2825 197 48 propter
638 2825 161 48 dicta
745 2825 251 48 sanctorum,
942 2825 143 48 quam
1032 2825 161 48 etiam
1122 2825 125 48 philo

393 2867 211 45 sophorum,
555 2867 179 45 oportet
685 2867 114 45 nos
750 2867 211 45 concedere
912 2867 179 45 animam,
1042 2867 97 45 ac
1074 2867 179 45 potentias

392 2910 131 51 eius
473 2910 163 51 aliquo
588 2910 131 51 modo
669 2910 196 51 corrumpi
800 2910 163 51 peccato.

422 2954 80 43 1
454 2954 112 43 Nam
518 2954 191 43 secundum
661 2954 159 43 Seatum
773 2954 128 43 Aug.
852 2954 112 43 in.
916 2954 96 43 1.
964 2954 112 43 lib
1028 2954 96 43 de
1076 2954 159 43 libero
1171 2954 64 43 ar

394 2985 95 51 bit
449 2985 136 51 natura
544 2985 150 51 integra
654 2985 109 51 fuit
722 2985 191 51 instituta,
872 2985 109 51 quae
940 2985 95 51 per
994 2985 164 51 peccatum
1117 2985 95 51 est
1158 2985 82 51 cor-

391 3023 137 55 rupta.
487 3023 96 55 Et.
542 3023 96 55 12.
597 3023 96 55 de.
651 3023 123 55 ciui.
734 3023 96 55 Dei
788 3023 110 55 ait.
857 3023 164 55 Intantum
980 3023 151 55 aliquid
1089 3023 137 55 vitium
1172 3023 68 55 ess

399 3063 181 48 nquantum
535 3063 151 48 contra
640 3063 166 48 naturam
761 3063 121 48 est.
836 3063 90 48 Et
881 3063 121 48 Dam.
957 3063 106 48 li.
1017 3063 90 48 2.
1062 3063 121 48 ait.
1122 3063 121 48 Virtus

401 3104 112 62 est
465 3104 192 62 secundum
609 3104 192 62 naturam,
753 3104 192 62 peccatum
896 3104 144 62 autem
992 3104 112 62 est
1056 3104 160 62 contra
1152 3104 96 62 natu

1276 249 110 67 ram
1339 249 110 67 sed
1402 249 156 67 illud,
1511 249 125 67 quod
1589 249 110 67 est
1652 249 156 67 contra
1761 249 188 67 naturam,
1902 249 110 67 hoc
1965 249 156 67 aliquo
2059 249 78 67 mo-

1274 300 95 54 do
1322 300 110 54 est
1385 300 236 54 corruptiuum
1574 300 189 54 naturae,
1715 300 79 54 &
1747 300 158 54 eorum,
1857 300 126 54 quae
1920 300 205 54 naturaliter

1272 339 132 70 ipsam
1360 339 235 70 consequutur:
1551 339 132 70 sicut
1639 339 117 70 sunt
1712 339 191 70 naturales
1859 339 205 70 potentiae;
2020 339 117 70 ergo
2079 339 73 70 &c.

1313 389 75 52 2
1343 389 210 52 Praeterea,
1508 389 180 52 secundum
1643 389 150 52 Arist.
1747 389 90 52 5.
1792 389 135 52 ethi.
1882 389 165 52 malitia
2002 389 105 52 non
2047 389 105 52 facit

1273 426 183 46 hominem
1406 426 199 46 alterum:
1556 426 116 46 sed
1622 426 150 46 facit
1722 426 116 46 eum
1788 426 166 46 alium:
1905 426 133 46 quia
1971 426 183 46 corrumpit

1266 460 152 51 ipsum.
1372 460 122 51 Vnde
1448 460 106 51 ibi
1509 460 213 51 distinguit
1676 460 228 51 philosophus
1858 460 198 51 triplicem
2010 460 152 51 vitam,

1277 495 192 55 scilicet
1421 495 463 55 contemplatiuam:politicam,
1836 495 80 55 &
1868 495 255 55 voluptuosam.
2059 495 80 55 Per

1274 535 289 54 contemplatiuam
1515 535 145 54 viuit
1612 535 129 54 homo
1692 535 129 54 modo
1772 535 177 54 diuino:
1901 535 113 54 per
1949 535 177 54 politicam

1275 577 124 53 modo
1352 577 170 53 humano,
1476 577 108 53 sed
1538 577 108 53 per
1600 577 232 53 voluptuosam
1785 577 155 53 viuit,
1894 577 93 53 vt
1940 577 170 53 bestia,
2049 577 77 53 vel

1276 614 123 54 modo
1353 614 201 54 bestiali,
1507 614 123 54 ergo
1584 614 123 54 homo
1661 614 154 54 viuens
1769 614 216 54 voluptuose
1939 614 170 54 videtur
2047 614 77 54 es-

1271 656 109 56 se
1325 656 236 56 corruptus
1507 656 127 56 quo
1579 656 109 56 ad
1633 656 199 56 humanam
1778 656 181 56 vitam,
1905 656 91 56 &
1923 656 218 56 quodammodo

1277 693 169 52 mutatus
1399 693 92 52 in
1445 693 169 52 bestiam
1568 693 138 52 iuxta
1660 693 123 52 quod
1737 693 169 52 dicitur
1859 693 92 52 in
1905 693 138 52 psal.
1997 693 123 52 Homo
2059 693 61 52 ci

1280 735 91 50 in
1325 735 152 50 honore
1431 735 136 50 esset
1522 735 106 50 non
1583 735 227 50 intellexit,
1765 735 212 50 comparatus
1932 735 106 50 est
1977 735 152 50 iumentis

1275 783 249 41 insipientibus,
1482 783 69 41 &
1510 783 152 41 similis
1621 783 138 41 factus
1717 783 97 41 est
1773 783 138 41 illis.
1869 783 83 41 Et
1911 783 124 41 iuxta
1994 783 111 41 hunc
2049 783 83 41 sen-

1281 809 106 54 sum
1341 809 106 54 ait
1402 809 227 54 philosophus
1584 809 91 54 7.
1629 809 151 54 physi.
1735 809 121 54 quod
1811 809 151 54 virtus
1917 809 76 54 &
1947 809 167 54 vitium,
2053 809 76 54 seu

1275 853 157 50 malitia
1389 853 100 50 non
1446 853 114 50 sunt
1518 853 243 50 alterationes,
1718 853 100 50 sed
1775 853 143 50 virtus
1875 853 100 50 est
1932 853 200 50 perfectio,
2089 853 71 50 &

1275 890 154 56 malitia
1387 890 196 56 corruptio.
1541 890 126 56 Ratio
1625 890 126 56 autem
1710 890 126 56 huius
1794 890 126 56 dicti
1878 890 112 56 esse
1948 890 154 56 potest,
2046 890 84 56 quia

1281 935 176 56 peccatum
1413 935 103 56 non
1472 935 191 56 opponitur
1619 935 176 56 gratiae,
1751 935 73 56 &
1780 935 220 56 perfectioni
1956 935 161 56 naturae
2059 935 73 56 con

1278 974 160 49 trarie:
1395 974 102 49 sed
1453 974 131 49 magis
1540 974 203 49 priuatiue.
1699 974 116 49 Nunc
1772 974 131 49 autem
1859 974 102 49 ita
1917 974 116 49 est:
1990 974 116 49 quod
2048 974 87 49 quam

1277 1009 109 51 uis
1340 1009 171 51 mutatio
1464 1009 93 51 de
1511 1009 202 51 contrario
1666 1009 93 51 ad
1713 1009 218 51 contrarium
1883 1009 171 51 dicatur
1992 1009 140 51 altera-

1281 1049 118 50 tio:
1355 1049 132 50 tamen
1443 1049 103 50 cum
1502 1049 162 50 aliquid
1620 1049 162 50 transit
1738 1049 88 50 de
1782 1049 147 50 forma,
1885 1049 74 50 &
1914 1049 221 50 perfectione
2076 1049 59 50 ad

1296 1088 234 49 riuationem,
1483 1088 109 49 hoc
1546 1088 171 49 proprie
1670 1088 171 49 dicitur
1795 1088 125 49 esse
1873 1088 218 49 corruptum,
2044 1088 78 49 &
2060 1088 78 49 hu-

1272 1137 172 44 iusmodi
1397 1137 203 44 transitus
1553 1137 172 44 dicitur
1678 1137 125 44 esse
1756 1137 218 44 corruptio:
1928 1137 125 44 ideo
1990 1137 156 44 philoso-

1282 1164 124 60 phus
1360 1164 171 60 vitium,
1484 1164 109 60 seu
1547 1164 186 60 peccatum
1686 1164 109 60 non
1749 1164 140 60 dicit
1842 1164 264 60 alterationem,
2059 1164 109 60 sed

1283 1212 162 50 potius
1380 1212 242 50 corruptionem.

1313 1249 89 51 Ex
1358 1249 104 51 his
1417 1249 148 51 patet,
1520 1249 118 51 quod
1594 1249 192 51 potentiae
1742 1249 163 51 animae,
1861 1249 118 51 quae
1935 1249 104 51 per
1994 1249 133 51 actum
2068 1249 74 51 pec

1282 1286 118 55 cati
1356 1286 207 55 spoliantur
1519 1286 118 55 suis
1593 1286 281 55 perfectionibus,
1829 1286 74 55 &
1859 1286 237 55 subiiciuntur
2036 1286 104 55 priua

1277 1334 199 50 tionibus
1427 1334 166 50 suarum
1543 1334 282 50 perfectionum,
1775 1334 116 50 non
1841 1334 199 50 immerito
1974 1334 166 50 dicuntur

1280 1370 117 54 esse
1339 1370 175 54 corruptae.

1286 1409 77 45 1
1316 1409 108 45 Sed
1378 1409 92 45 si
1424 1409 108 45 sic
1486 1409 169 45 dixero,
1609 1409 123 45 quod
1686 1409 139 45 credo
1778 1409 123 45 bene
1855 1409 169 45 dictum,
1978 1409 154 45 videor
2070 1409 62 45 ci

1286 1448 187 46 tradicere
1429 1448 115 46 his,
1501 1448 115 46 quae
1573 1448 115 46 dixi
1645 1448 72 46 i
1673 1448 187 46 questione
1817 1448 158 46 proxima
1932 1448 215 46 praecedenti
2090 1448 57 46 ar

1285 1489 161 47 ticulo.
1403 1489 88 47 3.
1447 1489 235 47 conclusione.
1637 1489 88 47 2.
1681 1489 147 47 Dictum
1784 1489 117 47 enim
1858 1489 103 47 est
1916 1489 117 47 ibi,
1990 1489 117 47 quod
2048 1489 103 47 bonum

1280 1522 170 55 naturae,
1407 1522 99 55 nec
1464 1522 184 55 tollitur,
1605 1522 99 55 nec
1661 1522 198 55 diminuitur
1817 1522 99 55 per
1873 1522 127 55 malum
1958 1522 141 55 culpae
2057 1522 71 55 :
2071 1522 71 55 hic

1288 1571 144 37 autem
1384 1571 160 37 videor
1496 1571 176 37 dicere,
1623 1571 128 37 quod
1687 1571 208 37 corrumpatur

1279 1604 85 51 2
1313 1604 237 51 Praeterea,
1499 1604 220 51 corruptum
1669 1604 119 51 non
1736 1604 152 51 manet
1838 1604 136 51 idem
1923 1604 186 51 specie,
2058 1604 119 51 sed

1284 1643 205 52 potentiae
1442 1643 158 52 ammae,
1553 1643 79 52 &
1584 1643 126 52 alia
1663 1643 126 52 bona
1742 1643 174 52 naturae
1869 1643 126 52 post
1948 1643 190 52 peccatum
2074 1643 79 52 non

1280 1680 124 56 sunt
1358 1680 186 56 alterius
1498 1680 186 56 speciei,
1637 1680 124 56 quam
1715 1680 171 56 fuerunt
1839 1680 124 56 ante
1916 1680 202 56 peccatum,
2056 1680 93 56 ergo

1289 1727 116 51 nec
1356 1727 265 51 corrumpuntur
1571 1727 116 51 per
1621 1727 182 51 peccatum.

1312 1765 74 48 3
1342 1765 206 48 Praeterea,
1504 1765 133 48 nihil
1592 1765 206 48 corrupitur
1755 1765 118 48 nisi
1828 1765 103 48 vel
1887 1765 221 48 corruptione
2050 1765 88 48 sub-

1286 1801 143 49 iecti,
1386 1801 100 49 vel
1443 1801 157 49 actione
1557 1801 200 49 contrarum:
1713 1801 100 49 sed
1770 1801 185 49 potentiae
1913 1801 143 49 animae
2013 1801 100 49 non
2055 1801 86 49 pos-

1284 1835 121 57 sunt
1360 1835 182 57 corrumpi
1496 1835 227 57 corruptione
1678 1835 106 57 sui
1738 1835 197 57 subiecti,
1890 1835 106 57 hoc
1950 1835 121 57 enim
2026 1835 106 57 est
2071 1835 76 57 es-

1284 1878 144 45 sentia
1385 1878 144 45 animae
1486 1878 217 45 rationalis,
1659 1878 116 45 quae
1731 1878 144 45 omnino
1832 1878 101 45 est
1890 1878 289 45 incorruptibilis.

1287 1918 106 50 Nec
1347 1918 226 50 corruptione
1528 1918 211 50 contrarum,
1694 1918 121 50 quia
1770 1918 196 50 subiectum
1921 1918 106 50 nec
1966 1918 181 50 contraria-

1297 1964 96 44 tur
1352 1964 150 44 formae,
1461 1964 96 44 nec
1516 1964 191 44 priuationi
1666 1964 178 44 oppositae
1803 1964 109 44 ipsi
1871 1964 150 44 formae,
1980 1964 82 44 vt
2021 1964 123 44 patet
2089 1964 55 44 1.

1292 1999 166 52 physic.
1413 1999 121 52 ergo
1488 1999 196 52 potentiae
1639 1999 151 52 animae
1745 1999 106 52 nec
1806 1999 151 52 habent
1896 1999 242 52 contrarietatem

1279 2042 89 48 ad
1324 2042 178 48 peccatu,
1457 2042 133 48 cuius
1546 2042 118 48 sunt
1620 2042 207 48 subiectum,
1783 2042 104 48 nec
1842 2042 89 48 ad
1886 2042 163 48 formas,
2005 2042 118 48 quae
2064 2042 89 48 pri-

1275 2078 171 55 uantur
1394 2078 119 55 per
1445 2078 188 55 peccatum.

1301 2115 80 58 4
1333 2115 224 58 Praeterea,
1509 2115 144 58 agens
1605 2115 112 58 sua
1669 2115 176 58 propria
1798 2115 176 58 actione
1926 2115 112 58 non
1974 2115 176 58 corrumpit

1285 2160 171 45 seipsum:
1413 2160 100 45 sed
1470 2160 128 45 actio
1555 2160 156 45 peccati
1669 2160 100 45 est
1726 2160 128 45 actio
1811 2160 185 45 potentiae
1953 2160 156 45 animae,
2053 2160 85 45 ergo

1286 2194 194 54 potentia
1432 2194 113 54 non
1496 2194 243 54 corrumpitur
1691 2194 211 54 huiusmodi
1853 2194 194 54 actione.
1998 2194 146 54 Minor
2079 2194 65 54 pa

1290 2234 118 46 tet.
1364 2234 177 46 Probatur
1497 2234 147 46 maior:
1600 2234 118 46 quia
1673 2234 133 46 nihil
1762 2234 221 46 corrumpitur
1939 2234 133 46 illo,
2027 2234 103 46 quo
2071 2234 74 46 per

1283 2274 171 53 ficitur:
1411 2274 100 53 sed
1468 2274 171 53 potentia
1596 2274 142 53 animae
1696 2274 199 53 perficitur
1852 2274 100 53 suo
1909 2274 128 53 actu,
1995 2274 142 53 maxime
2080 2274 57 53 lo

1284 2319 157 47 quendo
1394 2319 94 47 de
1441 2319 204 47 potentijs
1598 2319 267 47 superioribus,
1818 2319 157 47 quarum
1928 2319 141 47 actus
2022 2319 126 47 sunt
2085 2319 63 47 im

1287 2353 199 58 manentes,
1439 2353 92 58 de
1485 2353 153 58 quibus
1592 2353 137 58 etiam
1684 2353 107 58 est
1745 2353 92 58 ad
1791 2353 183 58 praesens
1913 2353 122 58 sermo.

1280 2393 81 53 3
1312 2393 226 53 Praeterea,
1490 2393 113 53 cum
1555 2393 194 53 peccatum
1700 2393 113 53 sit
1765 2393 146 53 actus
1862 2393 259 53 defectuosus;
2056 2393 97 53 igi-

1277 2430 106 46 tur
1337 2430 91 46 si
1383 2430 166 46 aliquid
1504 2430 212 46 corrumpit,
1670 2430 106 46 aut
1730 2430 106 46 hoc
1791 2430 136 46 facit
1881 2430 196 46 inquantum
2017 2430 121 46 actus;

1277 2473 110 43 aut
1340 2473 205 43 inquantum
1498 2473 252 43 defectuosus.
1702 2473 110 43 Non
1765 2473 142 43 primo
1860 2473 142 43 modo:
1954 2473 126 43 quia
2033 2473 94 43 vt
2064 2473 79 43 sic

1285 2516 116 44 est
1352 2516 183 44 quoddam
1485 2516 166 44 bonum,
1601 2516 149 44 bonum
1701 2516 149 44 autem
1800 2516 116 44 non
1867 2516 116 44 est
1916 2516 233 44 destructiuum

1285 2553 189 45 virtutis.
1431 2553 102 45 Nec
1489 2553 160 45 secundo
1605 2553 131 45 modo,
1692 2553 116 45 quia
1765 2553 87 45 vt
1808 2553 131 45 dicit
1895 2553 189 45 defactum,
2026 2553 116 45 sicess

1287 2596 87 49 ni
1331 2596 102 49 hil
1389 2596 174 49 secundum
1520 2596 145 49 Deatum
1622 2596 160 49 August,
1738 2596 102 49 sed
1796 2596 102 49 ei,
1854 2596 116 49 quod
1927 2596 131 49 nihil
2014 2596 116 49 est,
2072 2596 73 49 non

1275 2637 202 43 competit
1427 2637 168 43 agere,
1545 2637 118 43 nec
1612 2637 118 43 per
1679 2637 236 43 consequens
1865 2637 253 43 corrumpere,
2050 2637 101 43 quia

1278 2673 231 44 corrumpere
1459 2673 263 44 praesupponit
1656 2673 132 44 agere:

1284 2711 83 45 e
1318 2711 233 45 Praeterea,
1501 2711 100 45 si
1551 2711 200 45 peccatum
1701 2711 250 45 corrumperet
1900 2711 216 45 potentias
2050 2711 100 45 ani-

1279 2756 127 45 mae,
1358 2756 111 45 vel
1422 2756 174 45 aliquod
1549 2756 143 45 aliud
1644 2756 159 45 bonum,
1755 2756 127 45 tunc
1834 2756 143 45 maius
1929 2756 190 45 peccatum
2056 2756 95 45 cor-

1280 2791 222 45 rumperet
1447 2791 167 45 maius
1558 2791 185 45 bonum,
1688 2791 93 45 &
1725 2791 204 45 maximum
1873 2791 222 45 peccatum
2021 2791 130 45 maxi-

1289 2831 120 40 mum
1357 2831 172 40 bonum:
1478 2831 120 40 sed
1546 2831 240 40 consequens
1735 2831 120 40 est
1804 2831 189 40 falium:
1941 2831 137 40 quia
2010 2831 137 40 primum

1285 2869 150 49 mortale
1395 2869 164 49 peccatum
1518 2869 137 49 tollit
1614 2869 123 49 totum
1696 2869 123 49 bonum
1778 2869 191 49 gratuitum,
1928 2869 109 49 quod
1997 2869 96 49 est
2038 2869 109 49 itani-

1287 2910 103 41 ma,
1346 2910 118 41 quod
1420 2910 103 41 est
1478 2910 147 41 summum
1581 2910 132 41 bonum
1670 2910 162 41 animae,
1787 2910 103 41 cum
1846 2910 132 41 bonum
1934 2910 191 41 gratuitum
2066 2910 74 41 ani

1284 2952 107 46 mae
1345 2952 107 46 sit
1406 2952 107 46 vel
1468 2952 123 46 ipse
1544 2952 138 46 Deus,
1636 2952 107 46 vel
1698 2952 245 46 nobilissimum
1897 2952 138 46 donum
1989 2952 123 46 Dei,
2050 2952 92 46 puta

1275 2990 184 46 caritas.
1413 2990 92 46 Et
1459 2990 169 46 peccata
1582 2990 200 46 immediate
1735 2990 215 46 sequentia,
1904 2990 138 46 dato,
1996 2990 123 46 quod
2058 2990 92 46 sint

1284 3026 87 48 n
1318 3026 226 48 millesimo
1492 3026 191 48 maiora,
1631 3026 139 48 quam
1718 3026 174 48 fuerit
1839 3026 208 48 peccatum
1978 3026 174 48 praece-

1278 3067 154 49 dens,
1381 3067 154 49 tamen
1484 3067 154 49 nihil
1587 3067 257 49 corrumpunt,
1793 3067 120 49 nec
1861 3067 189 49 tollunt
1999 3067 103 49 de
2033 3067 120 49 bonis

1260 3104 175 63 gratuitis.
