2393 3555
249 274 96 71 Et
297 274 257 71 confirmatur.
506 274 128 71 Quia
586 274 192 71 secundum
730 274 176 71 formale
842 274 225 71 repugnantiam

210 335 118 52 odium
289 335 131 52 tollit
380 335 171 52 caritate,
512 335 79 52 de
551 335 157 52 speratio
669 335 105 52 spe,
735 335 66 52 &
761 335 197 52 infidelitas
919 335 131 52 fidem;
997 335 79 52 ergo

210 371 108 54 non
271 371 138 54 Seper
363 371 138 54 maius
456 371 138 54 malum
548 371 154 54 tollit
656 371 138 54 maius
748 371 138 54 bonum
840 371 200 54 Antecdens
979 371 92 54 pate

204 420 257 50 consequentia
412 420 192 50 probatur
557 420 96 50 ex
605 420 128 50 hoc:
685 420 128 50 quia
765 420 144 50 odium
862 420 112 50 est
926 420 144 50 minus
1006 420 64 50 mo

209 450 118 62 lum,
283 450 118 62 quam
356 450 220 62 desperatio,
532 450 103 62 vel
591 450 235 62 infidelitas:
782 450 73 62 &
812 450 162 62 caritas
929 450 103 62 est
973 450 103 62 maius

207 486 158 59 bonum,
318 486 126 59 quam
396 486 142 59 spes,
491 486 79 59 &
507 486 110 59 fides

236 527 124 56 Sed
307 527 142 56 ista
396 527 124 56 non
450 527 213 56 concludunt

235 548 82 79 1
267 548 132 79 Quia
350 548 115 79 vel
415 548 115 79 per
481 548 197 79 peccatum
629 548 181 79 aliquid
761 548 230 79 deperditur
941 548 99 79 de
974 548 99 79 bono

204 615 192 42 potentiae
352 615 148 42 animae
455 615 207 42 formaliter
618 615 118 42 sibi
692 615 222 42 conueniens,
869 615 103 42 aut
928 615 148 42 nihil.
1017 615 59 42 Si

203 655 192 49 aliquid,
347 655 128 49 tunc
427 655 176 49 habetur
556 655 241 49 propositum:
748 655 128 49 quia
828 655 144 49 totum
909 655 160 49 composi-

209 694 127 43 tum,
289 694 111 43 vel
352 694 223 43 aggregatum
528 694 175 43 dicitur
655 694 207 43 corrumpi:
814 694 127 43 quia
878 694 191 43 corrumpitu

204 727 107 46 sua
265 727 184 46 formalis
403 727 214 46 perfectio:
571 727 107 46 nam
632 727 138 46 albus
724 727 122 46 homo
801 727 245 46 corrumpitur,
984 727 92 46 quam

197 773 93 38 do
244 773 156 38 albedo
353 773 93 38 in
400 773 93 38 eo
446 773 249 38 corrumpitur.
649 773 93 38 Si
695 773 156 38 nihil,
804 773 125 38 tunc
882 773 140 38 aeque
960 773 109 38 bonus

208 810 132 50 esset
297 810 118 50 homo
370 810 118 50 post
444 810 191 50 peccatum,
591 810 132 50 sicut
679 810 162 50 exstrit
797 810 176 50 antequam
914 810 162 50 peccauit.

238 850 72 49 2
266 850 202 49 Praeterea,
425 850 130 49 sicut
512 850 87 49 se
556 850 130 49 habet
642 850 130 49 vitia
729 850 173 49 corporis
859 850 87 49 ad
903 850 159 49 corpus,
1004 850 72 49 sic

205 881 137 58 vitia
296 881 153 58 animae
403 881 92 58 ad
449 881 168 58 animam:
571 881 107 58 sed
632 881 137 58 vitia
724 881 183 58 corporis
861 881 198 58 corrumput
999 881 76 58 bo-

201 928 104 43 num
260 928 222 43 perfectiuum
438 928 192 43 corporis:
586 928 118 43 ergo
660 928 133 43 vitia
749 928 163 43 animae,
868 928 178 43 scilicet
986 928 74 43 pec

195 969 133 40 cata
278 969 232 40 corrumpunt
461 969 232 40 potentias,
644 969 83 40 &
677 969 266 40 perfectiones
892 969 183 40 animae.
1009 969 66 40 Et

203 1002 123 46 haec
280 1002 170 46 videtur
403 1002 123 46 esse
480 1002 185 46 intentio
619 1002 201 46 Augustini
774 1002 93 46 in
820 1002 247 46 Enchiridion,
1005 1002 62 46 vb

198 1047 121 49 ait.
274 1047 106 49 Non
334 1047 106 49 est
395 1047 152 49 malum,
501 1047 121 49 nisi
577 1047 121 49 quia
653 1047 152 49 nocet,
759 1047 106 49 nec
819 1047 152 49 nocet,
925 1047 121 49 nisi
986 1047 91 49 quia

199 1083 212 52 admittit:
362 1083 131 52 ergo
427 1083 82 52 &c.

241 1127 94 50 Ad
288 1127 157 50 primum
398 1127 157 50 igitur
508 1127 204 50 dicendum,
665 1127 126 50 quod
743 1127 173 50 natura,
869 1127 110 50 seu
916 1127 157 50 essentia

192 1155 161 55 animae,
310 1155 88 55 ac
354 1155 132 55 etiam
442 1155 205 55 potentiae,
603 1155 117 55 quae
677 1155 220 55 naturaliter
853 1155 176 55 fundatur
985 1155 88 55 in
1014 1155 59 55 ea

193 1202 224 49 dupliciter
369 1202 176 49 possunt
497 1202 256 49 considerari.
705 1202 112 49 Vno
769 1202 144 49 modo,
865 1202 192 49 secundum
993 1202 80 49 se-

204 1240 73 48 &
234 1240 102 48 sic
292 1240 248 48 intelligendum
496 1240 117 48 est,
569 1240 117 48 quod
641 1240 146 48 dictum
743 1240 102 48 est
802 1240 87 48 de
845 1240 102 48 eis
904 1240 87 48 in
933 1240 131 48 praece-

196 1279 135 47 denti
286 1279 224 47 quaestione:
465 1279 105 47 sic
525 1279 120 47 enim
600 1279 105 47 nec
660 1279 210 47 tolluntur,
825 1279 105 47 nec
869 1279 195 47 diminuuntur

187 1323 121 41 Alio
263 1323 136 41 modo,
353 1323 167 41 ratione
475 1323 121 41 qua,
550 1323 197 41 perfectae
702 1323 121 41 sunt
777 1323 151 41 gratia
883 1323 76 41 &
898 1323 167 41 virtutibu

186 1364 76 48 &
216 1364 106 48 sic
277 1364 106 48 tam
337 1364 151 48 natura
443 1364 167 48 animae,
564 1364 121 48 quam
640 1364 136 48 etiam
731 1364 121 48 suae
807 1364 197 48 potentiae
958 1364 91 48 in
988 1364 76 48 pri

198 1401 140 42 senti
292 1401 217 42 quaestione
462 1401 186 42 dicuntur
602 1401 186 42 corrumpi
741 1401 109 42 per
803 1401 202 42 peccatum,
943 1401 124 42 inquan

185 1440 116 51 tum
252 1440 149 51 totum
351 1440 231 51 aggregatum
532 1440 182 51 dicitur
664 1440 198 51 corrumpi
813 1440 99 51 ad
846 1440 231 51 corruptionem

198 1480 170 48 partis,
321 1480 123 48 puta
398 1480 154 48 quando
506 1480 108 48 per
567 1480 185 48 peccatum
706 1480 200 48 perduntur
860 1480 170 48 gratia,
984 1480 77 48 &
999 1480 77 48 vir

186 1519 158 47 tutes.
297 1519 142 47 Sicut
391 1519 142 47 etiam
486 1519 126 47 homo
565 1519 174 47 dicitur
691 1519 268 47 spiritualiter
896 1519 174 47 renouaris

195 1559 108 41 vel
256 1559 231 41 regenerari,
441 1559 154 41 quando
549 1559 108 41 per
611 1559 108 41 Dei
673 1559 278 41 misericordiam,
904 1559 170 41 gratia,
1028 1559 77 41 &

191 1598 196 49 virtutes
338 1598 261 49 restituuntur
550 1598 163 49 homini
665 1598 229 49 penitenti.
844 1598 196 49 Secundum
975 1598 98 49 hunc

190 1638 158 48 etiam
296 1638 158 48 modum
401 1638 210 48 loquendi
559 1638 245 48 communiter
751 1638 210 48 dicitur,
909 1638 140 48 quod
979 1638 88 48 hu-

195 1686 130 36 mana
276 1686 162 36 natura
389 1686 194 36 corrupta
535 1686 130 36 fuit
616 1686 113 36 per
681 1686 194 36 peccatum
827 1686 146 36 Adae:
924 1686 81 36 &
957 1686 146 36 eadem

189 1715 153 47 natura
296 1715 168 47 dicitur
418 1715 198 47 recreata,
570 1715 107 47 seu
631 1715 198 47 reformata
784 1715 153 47 merito
876 1715 137 47 Christi

237 1752 88 50 Et
281 1752 102 50 his
340 1752 117 50 bene
413 1752 234 50 intellectis,
603 1752 146 50 patet,
705 1752 117 50 quod
778 1752 131 50 nulla
866 1752 102 50 est
909 1752 161 50 contradi-

192 1792 124 49 ctio
270 1792 93 49 in
317 1792 233 49 praemissis;
503 1792 124 49 quia
580 1792 186 49 peccatum
720 1792 109 49 non
782 1792 202 49 corrumpit
921 1792 140 49 naturan

195 1837 173 50 animae,
321 1837 173 50 quantum
447 1837 94 50 ad
494 1837 126 50 esse
573 1837 220 50 primarium,
746 1837 79 50 &
778 1837 205 50 naturale:
935 1837 110 50 sed
983 1837 94 50 quan

199 1873 113 48 tum
263 1873 97 48 ad
312 1873 129 48 esse
393 1873 258 48 secundarium,
603 1873 81 48 &
635 1873 291 48 perfectionale.
877 1873 97 48 Et
926 1873 145 48 eodem
1006 1873 65 48 mo

203 1912 87 52 do
246 1912 116 52 dico
318 1912 87 52 de
361 1912 188 52 potentijs
506 1912 72 52 i
535 1912 130 52 psius
607 1912 130 52 animae.

249 1949 90 59 Ad
294 1949 179 59 secundum
428 1949 194 59 dicendum,
578 1949 120 59 quod
653 1949 135 59 licet
742 1949 149 59 illud,
847 1949 120 59 quod
907 1949 164 59 corruptum

194 1995 113 42 est
259 1995 97 42 in
307 1995 113 42 se,
372 1995 81 42 &
404 1995 178 42 quantum
534 1995 97 42 ad
582 1995 130 42 esse
663 1995 210 42 primarium
825 1995 113 42 non
890 1995 146 42 manet
971 1995 97 42 idem

196 2029 174 48 specie:
323 2029 142 48 tamen
418 2029 158 48 illud,
528 2029 127 48 quod
607 2029 237 48 corrumpitur
797 2029 142 48 solum
892 2029 174 48 quantum
1003 2029 63 48 ac

192 2078 123 44 esse
269 2078 247 44 secundarium,
469 2078 154 44 potest
577 2078 123 44 idem
654 2078 154 44 specie
762 2078 200 44 remanere;
916 2078 139 44 sicut
993 2078 77 44 pa-

185 2111 113 49 ret
249 2111 97 49 de
298 2111 162 49 homine
411 2111 97 49 al
460 2111 97 49 bo
508 2111 194 49 corrupta
637 2111 178 49 albedine.

236 2143 101 46 Ad
287 2143 186 46 tertium
422 2143 220 46 dicendum,
591 2143 135 46 quod
675 2143 253 46 corrumpitur
878 2143 101 46 ex
912 2143 152 46 aduenti

186 2197 212 42 contrarij,
352 2197 182 42 loquendo
489 2197 91 42 de
534 2197 227 42 contrarijs,
716 2197 136 42 prout
807 2197 91 42 de
852 2197 136 42 ipsis
928 2197 136 42 loquitu

190 2226 255 58 philosophus.
397 2226 96 58 2.
445 2226 191 58 physico.
589 2226 112 58 vbi
652 2226 159 58 formam
764 2226 80 58 &
796 2226 239 58 priuationem
971 2226 96 58 dici

202 2265 115 59 esse
259 2265 158 59 contraria

223 2301 103 57 Ad
274 2301 257 57 probationem
480 2301 223 57 dicendum,
651 2301 137 57 quod
737 2301 154 57 licet
839 2301 223 57 subiectum
994 2301 69 57 se

205 2345 153 53 cundum
312 2345 92 53 se
358 2345 260 53 consideratum,
572 2345 107 53 nec
633 2345 245 53 contrarietur
831 2345 168 53 formae,
954 2345 107 53 nec
1000 2345 76 53 pri

190 2385 178 52 uationi
319 2385 210 52 opposite:
481 2385 146 52 tamen
578 2385 210 52 subiectum
740 2385 146 52 forma
837 2385 227 52 perfectum,
999 2385 65 52 se

204 2427 148 44 cundum
308 2427 118 44 quod
382 2427 192 44 perfectum
529 2427 118 44 est,
603 2427 236 44 contrariatur
795 2427 222 44 priuationi,
973 2427 103 44 vt.
1017 2427 59 44 1.

199 2465 182 54 Ohysico.
335 2465 182 54 loquitur
472 2465 228 54 philosophus
654 2465 91 54 de
700 2465 228 54 contrarijs.
882 2465 91 54 Et
927 2465 121 54 ideo
988 2465 76 54 cti

200 2500 214 54 lubiectum,
368 2500 92 54 vt
413 2500 107 54 sic
475 2500 183 54 acceptum
612 2500 168 54 dicitur
734 2500 198 54 corrumpi,
887 2500 153 54 quando
978 2500 92 54 cor-

203 2545 186 49 rumpitur
343 2545 124 49 ipsa
421 2545 140 49 forma
514 2545 109 49 per
576 2545 186 49 aduentum
716 2545 233 49 priuationis
887 2545 186 49 oppositae.

207 2581 77 53 &
237 2581 107 53 per
299 2581 215 53 consequens
468 2581 138 53 anima
560 2581 184 53 perfecta
698 2581 169 53 gratia,
820 2581 77 53 &
851 2581 215 53 virtutibus
1005 2581 61 53 di

203 2621 141 55 citur
297 2621 188 55 corrumpi
438 2621 110 55 per
501 2621 188 55 aduentum
642 2621 157 55 ipsius
736 2621 157 55 peccati.

249 2660 92 55 Ad
295 2660 169 55 quartum
418 2660 200 55 dicendum,
572 2660 123 55 quod
648 2660 138 55 licet
741 2660 138 55 agens
833 2660 108 55 sua
894 2660 169 55 actione
1002 2660 77 55 non

203 2697 207 49 corrumpat
363 2697 175 49 seipsum
490 2697 112 49 per
554 2697 112 49 se:
618 2697 144 49 tamen
713 2697 128 49 sepe
793 2697 207 49 cortumpit
937 2697 144 49 seipsum

196 2747 116 46 per
263 2747 216 46 accidens:
429 2747 149 46 sicut
528 2747 133 46 enim
611 2747 133 46 homo
694 2747 266 46 intemperatus
893 2747 183 46 corrumpit

206 2776 162 52 leipsum
324 2776 103 52 per
383 2776 191 52 accidens,
530 2776 132 52 iuxta
618 2776 132 52 illud
706 2776 191 52 Apostoli,
853 2776 103 52 qui
912 2776 132 52 autem
986 2776 88 52 for-

202 2824 164 47 nicatur
322 2824 90 47 in
366 2824 149 47 corpus
471 2824 119 47 suum
545 2824 164 47 peccat,
665 2824 179 47 intendit
799 2824 119 47 enim
874 2824 105 47 per
934 2824 90 47 se
963 2824 105 47 dele-

205 2854 237 58 ctationem,
391 2854 135 58 quam
476 2854 237 58 immoderate
661 2854 237 58 perquirens
847 2854 220 58 quandoque
999 2854 68 58 in

200 2896 154 55 currit
307 2896 169 55 mortem,
430 2896 77 55 &
461 2896 154 55 perdit
569 2896 138 55 vitam
661 2896 231 55 corporalem:
845 2896 108 55 sic
907 2896 138 55 etiam
984 2896 92 55 ani-

203 2944 94 44 ma
250 2944 109 44 sua
313 2944 172 44 actione
438 2944 172 44 venenum
563 2944 172 44 peccati
688 2944 187 44 mortalis
828 2944 219 44 contrahens
984 2944 94 44 per-

204 2977 106 50 dit
265 2977 137 50 vitam
340 2977 213 50 spiritualem.

245 3008 98 51 Ad
294 3008 246 51 probationem
490 3008 180 51 maioris
622 3008 213 51 dicendum,
785 3008 131 51 quod
867 3008 147 51 licet
949 3008 115 51 subie

206 3051 128 48 ctum
286 3051 128 48 actu
366 3051 176 48 peccati
495 3051 160 48 aliquo
607 3051 128 48 modo
687 3051 241 48 perficiatur
880 3051 192 48 secundum
1008 3051 64 48 bo

207 3103 96 40 num
262 3103 164 40 naturae,
385 3103 96 40 seu
440 3103 164 40 secundum
563 3103 123 40 genus
645 3103 137 40 entis:
741 3103 123 40 tamen
823 3103 164 40 secundum
946 3103 123 40 genus
1014 3103 55 40 mo

215 3129 97 59 ris
271 3129 97 59 non
326 3129 194 59 perficitur
478 3129 97 59 eo:
533 3129 97 59 sed
589 3129 125 59 magis
672 3129 194 59 inficitur,
824 3129 69 59 &
852 3129 194 59 destruitur
990 3129 83 59 ipso

1138 278 149 79 Forte
1238 278 199 79 dicetur,
1387 278 133 79 quod
1470 278 199 79 vtrumque
1619 278 265 79 contrariorum
1835 278 116 79 est
1885 278 116 79 aptum

1114 344 139 40 natum
1206 344 154 40 inesse
1314 344 185 40 vicissim
1453 344 200 40 subiecto,
1607 344 77 40 &
1638 344 200 40 perficere
1792 344 139 40 ipsum
1869 344 108 40 maxi-

1120 386 87 46 me
1163 386 87 46 si
1207 386 116 46 ambo
1279 386 116 46 sunt
1352 386 131 46 entia
1439 386 174 46 positua:
1569 386 102 46 sed
1627 386 131 46 actus
1714 386 189 46 vitiosus,
1859 386 73 46 &
1874 386 102 46 actus

1120 424 192 45 virtuosus
1268 424 118 45 sunt
1342 424 207 45 contrarij,
1504 424 74 45 &
1534 424 118 45 ambo
1608 424 148 45 dicunt
1711 424 103 45 ens
1770 424 207 45 positiuum:
1918 424 59 45 er

1113 462 86 50 go
1156 462 114 50 vter
1227 462 100 50 que
1284 462 100 50 est
1341 462 129 50 aptus
1427 462 129 50 natus
1513 462 186 50 perficere
1656 462 157 50 animam,
1770 462 114 50 quae
1841 462 100 50 est
1884 462 86 50 sub-

1106 497 159 53 iectum
1201 497 175 53 vtriusque

1151 536 208 53 Respondeo,
1315 536 119 53 quod
1389 536 134 53 maior
1478 536 149 53 istius
1582 536 223 53 instantiae,
1760 536 163 53 quamuis
1879 536 104 53 sit
1924 536 59 53 ve

1104 581 94 44 ra
1151 581 94 44 de
1199 581 173 44 talibus
1324 581 236 44 contrarijs,
1513 581 157 44 quorum
1623 581 188 44 vtrumque
1764 581 188 44 conuenit
1889 581 79 44 sub

1107 615 136 44 iecto
1198 615 182 44 secundum
1334 615 182 44 naturam,
1470 615 136 44 sicut
1561 615 136 44 eadem
1651 615 106 44 res
1712 615 212 44 perficitur
1863 615 106 44 cali-

1105 654 163 50 ditate,
1224 654 74 50 &
1253 654 222 50 frigiditate
1431 654 193 50 vicissim:
1579 654 133 50 tamen
1668 654 104 50 non
1727 654 104 50 est
1786 654 133 50 vera,
1861 654 118 50 quando

1104 692 133 49 vnum
1187 692 149 49 inest
1287 692 199 49 subiecto
1436 692 199 49 secundum
1585 692 199 49 naturam:
1735 692 182 49 alterum
1851 692 116 49 autem

1096 732 142 44 magis
1191 732 158 44 contra
1301 732 189 44 naturam,
1443 732 126 44 quam
1522 732 189 44 secundum
1664 732 189 44 naturam,
1805 732 126 44 quia
1868 732 95 44 tund

1106 772 122 47 illud
1188 772 149 47 alterum
1297 772 95 47 non
1351 772 177 47 perficit,
1487 772 95 47 sed
1541 772 163 47 inficit:
1663 772 95 47 sic
1718 772 122 47 autem
1799 772 95 47 est
1853 772 81 47 in
1881 772 81 47 pro-

1108 814 167 45 posito,
1229 814 122 45 quia
1305 814 137 45 licet
1397 814 152 45 virtus
1503 814 137 45 insit
1594 814 152 45 homini
1700 814 182 45 secundum
1822 814 152 45 naturam,

1108 857 157 43 vitium
1218 857 142 43 tamen
1313 857 142 43 inest
1407 857 94 43 ei
1454 857 142 43 magis
1549 857 157 43 contra
1659 857 189 43 naturam,
1800 857 126 43 quam
1863 857 110 43 secun

1097 888 110 49 dum
1160 888 189 49 naturam,
1302 888 79 49 &
1334 888 126 49 ideo
1412 888 110 49 est
1475 888 236 49 corruptiuum
1665 888 189 49 naturae,
1806 888 79 49 &
1822 888 142 49 natura-

1111 930 102 50 lis
1170 930 204 50 potentiae,
1330 930 117 50 modo
1403 930 102 50 quo
1462 930 175 50 superius
1593 930 146 50 dictum
1681 930 73 50 est

1126 960 93 65 Ad
1173 960 171 65 quintum
1297 960 202 65 dicendum,
1453 960 124 65 quod
1531 960 140 65 actus
1624 960 171 65 peccati
1748 960 202 65 corrumpit
1888 960 78 65 non

1112 1005 173 41 praecise,
1245 1005 80 41 vt
1285 1005 93 41 est
1338 1005 133 41 actus,
1431 1005 93 41 nec
1484 1005 173 41 praecise,
1617 1005 80 41 vt
1657 1005 93 41 est
1710 1005 173 41 vitiosus,
1843 1005 93 41 seu
1883 1005 93 41 defe-

1106 1046 170 42 ctuosus,
1233 1046 99 42 sed
1290 1046 127 42 simul
1374 1046 212 42 coniunctum,
1544 1046 99 42 vt.
1601 1046 71 42 s
1629 1046 99 42 est
1686 1046 127 42 actus
1756 1046 184 42 defectuosus

1137 1091 94 44 Ad
1184 1091 156 44 sextum
1293 1091 203 44 dicendum,
1449 1091 125 44 quod
1527 1091 109 44 per
1590 1091 94 44 se
1636 1091 187 44 loquendo
1777 1091 140 44 maius
1855 1091 109 44 pecca

1109 1123 114 52 tum
1174 1123 147 52 maius
1272 1123 147 52 bonum
1370 1123 228 52 corrumpit,
1549 1123 114 52 per
1614 1123 196 52 accidens
1761 1123 147 52 tamen
1843 1123 114 52 quan-

1107 1163 147 60 doque
1204 1163 212 60 corrumpit
1367 1163 163 60 minus,
1481 1163 81 60 &
1514 1163 130 60 ideo
1595 1163 114 60 per
1661 1163 98 60 se
1709 1163 195 60 loquendo
1840 1163 130 60 conse-

1106 1203 136 54 quens
1196 1203 106 54 non
1257 1203 106 54 est
1302 1203 136 54 falsum.

1110 1240 100 48 Ad
1160 1240 167 48 primam
1277 1240 250 48 probationem
1477 1240 217 48 dicendum,
1644 1240 133 48 quod
1727 1240 217 48 secundum,
1878 1240 83 48 vel

1106 1284 183 44 tertium
1239 1284 200 44 peccatum
1389 1284 116 44 non
1456 1284 216 44 corrumpit
1622 1284 150 44 bonum
1722 1284 233 44 gratuitum,
1888 1284 83 44 hoc

1106 1331 109 42 est
1169 1331 109 42 per
1231 1331 203 42 accidens,
1387 1331 140 42 puta:
1481 1331 125 42 quia
1559 1331 109 42 non
1621 1331 172 42 inuenit
1746 1331 140 42 ipsum
1824 1331 140 42 quantum

1103 1362 127 50 enim
1183 1362 96 50 de
1230 1362 96 50 se
1278 1362 127 50 est,
1358 1362 127 50 tunc
1437 1362 191 50 peccatum
1581 1362 175 50 sequens
1708 1362 207 50 huiusmodi
1852 1362 111 50 bonum

1096 1402 249 36 corrumperet,
1299 1402 93 36 si
1345 1402 171 36 seipsum
1470 1402 218 36 inueniret,
1641 1402 78 36 &
1672 1402 125 36 quia
1750 1402 140 36 ipsum
1843 1402 109 36 non
1890 1402 78 36 in-

1111 1447 152 40 uenit,
1217 1447 122 40 ideo
1293 1447 228 40 habilitatem
1476 1447 91 40 ad
1521 1447 137 40 ipsum
1612 1447 182 40 destruit
1749 1447 182 40 secundum
1871 1447 91 40 pro-

1112 1485 198 39 portionem
1264 1485 183 39 vitiosae
1401 1485 122 39 suae
1477 1485 228 39 qualitatis,
1660 1485 122 39 puta
1736 1485 137 39 maius
1812 1485 152 39 peccatum

1107 1516 136 43 magis
1198 1516 151 43 tollit
1303 1516 91 43 de
1349 1516 212 43 habilitate
1515 1516 91 43 ad
1560 1516 181 43 gratiam,
1696 1516 76 43 &
1726 1516 196 43 virtutes,
1862 1516 106 43 quam-

1106 1559 111 45 uis
1170 1559 207 45 huiusmodi
1329 1559 207 45 habilitas
1488 1559 175 45 numquam
1616 1559 207 45 totaliter
1775 1559 191 45 tollatur
1902 1559 64 45 vt

1097 1600 89 40 in
1142 1600 222 40 praecedenti
1319 1600 207 40 quaestione
1482 1600 103 40 est
1526 1600 192 40 declaratum.

1147 1624 134 61 Forte
1236 1624 179 61 dicetur,
1371 1624 119 61 quod
1445 1624 134 61 istud
1534 1624 104 61 non
1594 1624 164 61 videtur
1713 1624 119 61 esse
1788 1624 149 61 verum,
1892 1624 119 61 quia
1951 1624 45 61 l

1098 1671 138 61 sicut
1189 1671 92 61 se
1235 1671 138 61 habet
1327 1671 153 61 gratia
1434 1671 92 61 ad
1480 1671 229 61 habilitatem
1663 1671 153 61 malam,
1771 1671 107 61 sic
1832 1671 92 61 se
1862 1671 92 61 habe

1107 1721 135 40 culpa
1197 1721 90 40 ad
1242 1721 225 40 habilitatem
1422 1721 150 40 bonam,
1527 1721 105 40 sed
1586 1721 135 40 tanta
1676 1721 150 40 potest
1781 1721 150 40 alicui
1871 1721 90 40 con-

1098 1752 128 47 ferri
1183 1752 156 47 gratia,
1296 1752 128 47 etiam
1381 1752 184 47 existenti
1523 1752 85 47 in
1566 1752 113 47 via,
1637 1752 113 47 quod
1708 1752 170 47 tollitur
1835 1752 85 47 ab
1878 1752 85 47 eo
1906 1752 57 47 om

1101 1791 104 50 nis
1161 1791 194 50 habilitas
1310 1791 89 50 ad
1355 1791 149 50 malum,
1459 1791 134 50 sicut
1548 1791 179 50 apparuit
1683 1791 89 50 in
1727 1791 164 50 virgine
1832 1791 119 50 glorio

1105 1833 105 51 sa.
1165 1833 150 51 Igitur
1270 1833 90 51 ex
1315 1833 180 51 opposito
1449 1833 150 51 tantum
1554 1833 150 51 potest
1659 1833 90 51 in
1704 1833 150 51 aliquo
1793 1833 165 51 peccatori

1105 1869 186 52 crescere
1244 1869 155 52 culpa,
1352 1869 124 52 quod
1429 1869 155 52 tollat
1538 1869 139 52 totam
1630 1869 232 52 habilitatem
1816 1869 93 52 ad
1847 1869 108 52 bonun

1128 1916 225 45 Respondeo,
1305 1916 128 45 quod
1385 1916 112 45 non
1449 1916 112 45 est
1513 1916 177 45 simile:
1642 1916 128 45 quia
1722 1916 209 45 habilitas
1883 1916 96 45 ad
1915 1916 80 45 ma-

1109 1951 114 46 lum,
1180 1951 114 46 puta
1251 1951 128 46 fomes
1337 1951 157 46 peccati
1451 1951 171 46 fundatur
1579 1951 86 46 in
1622 1951 143 46 natura
1722 1951 200 46 sensibili,
1878 1951 71 46 &
1893 1951 71 46 non

1110 1996 72 43 n
1138 1996 145 43 natura
1240 1996 188 43 perpetua,
1385 1996 101 43 nec
1443 1996 116 43 fuit
1515 1996 72 43 a
1544 1996 174 43 principo
1674 1996 246 43 institutionis
1863 1996 101 43 natu-

1101 2033 116 46 rae:
1173 2033 101 46 sed
1231 2033 130 46 solum
1318 2033 159 46 incepit
1434 2033 116 46 esse
1506 2033 72 46 a
1535 2033 159 46 tempore
1651 2033 246 46 destitutionis
1840 2033 130 46 nature:

1100 2067 82 51 &
1132 2067 131 51 ideo
1214 2067 180 51 minorem
1345 2067 147 51 habet
1443 2067 278 51 stabilitatem,
1672 2067 180 51 quamuis
1787 2067 180 51 habilitas

1102 2112 90 47 ad
1147 2112 150 47 bonum,
1252 2112 120 47 quae
1327 2112 180 47 radicata
1462 2112 105 47 est
1522 2112 90 47 in
1566 2112 150 47 natura
1671 2112 195 47 perpetua,
1821 2112 75 47 &
1851 2112 90 47 ab
1881 2112 90 47 ipso

1106 2157 172 46 creatore
1235 2157 129 46 cepit
1321 2157 115 46 esse
1392 2157 72 46 a
1421 2157 186 46 principio
1565 2157 244 46 institutionis
1751 2157 129 46 naturae

1139 2184 126 49 Vnde
1218 2184 142 49 etiam
1313 2184 110 49 est
1376 2184 252 49 aduertendum,
1580 2184 126 49 quod
1659 2184 126 49 ista
1738 2184 205 49 habilitas
1880 2184 95 49 ani-

1105 2224 116 44 mae
1172 2224 232 44 rationalis
1354 2224 99 44 ad
1403 2224 149 44 bonum
1502 2224 165 44 potest
1618 2224 232 44 dupliciter
1784 2224 198 44 comparari.

1109 2266 111 51 Vno
1172 2266 142 51 modo,
1267 2266 95 51 ad
1315 2266 190 51 naturam,
1457 2266 95 51 in
1504 2266 111 51 qua
1567 2266 221 51 radicatur,
1741 2266 79 51 &
1773 2266 79 51 a
1804 2266 111 51 qua
1852 2266 142 51 oritur.

1113 2306 207 44 immediate.
1276 2306 89 44 Et
1320 2306 118 44 sic,
1394 2306 89 44 vt
1438 2306 148 44 dicunt
1541 2306 148 44 aliqui
1644 2306 192 44 sollemnes
1792 2306 177 44 doctores
1910 2306 59 44 hu

1104 2351 166 39 iusmodi
1225 2351 196 39 habilitas
1376 2351 106 39 non
1436 2351 241 39 corrumpitur,
1632 2351 106 39 nec
1692 2351 196 39 minuitur:
1843 2351 91 39 eo
1873 2351 91 39 quod

1098 2388 112 45 illa
1168 2388 155 45 natura,
1281 2388 84 45 de
1323 2388 98 45 qua
1379 2388 183 45 immediate
1519 2388 155 45 oritur,
1632 2388 98 45 sit
1688 2388 281 45 incorruptibilis,
1927 2388 70 45 &

1100 2419 128 50 isto
1180 2419 128 50 modo
1260 2419 208 50 habilitas
1420 2419 208 50 accipitur
1580 2419 192 50 secundum
1724 2419 128 50 suam
1788 2419 176 50 essentiam

1098 2460 94 44 in
1145 2460 157 44 ordine
1256 2460 94 44 ad
1303 2460 220 44 subiectum.
1476 2460 126 44 Alio
1555 2460 126 44 modo
1633 2460 157 44 potest
1744 2460 157 44 accipi
1838 2460 126 44 secun-

1102 2501 117 43 dum
1169 2501 285 43 aptitudinalem
1404 2501 251 43 essluentiam
1605 2501 117 43 per
1672 2501 285 43 comparationem
1890 2501 67 43 ac

1109 2539 145 45 ctum,
1206 2539 81 45 &
1238 2539 113 45 sic
1302 2539 194 45 minuitur
1448 2539 81 45 &
1480 2539 194 45 augetur:
1625 2539 129 45 quia
1706 2539 113 45 per
1770 2539 145 45 bonum
1851 2539 113 45 actum

1105 2583 217 47 voluntatis
1275 2583 186 47 augetur,
1414 2583 77 47 &
1445 2583 217 47 disponitur
1615 2583 93 47 ad
1662 2583 170 47 gratiam
1785 2583 77 47 :
1816 2583 108 47 per
1863 2583 108 47 malum

1108 2618 138 52 autem
1200 2618 138 52 actum
1292 2618 261 52 indisponitur,
1507 2618 77 52 &
1537 2618 199 52 elongatur
1691 2618 92 52 ab
1737 2618 107 52 ea:
1798 2618 138 52 licet
1875 2618 92 52 enim

1099 2658 123 49 illa
1175 2658 200 49 habilitas
1329 2658 184 49 secundum
1467 2658 154 49 illud,
1575 2658 123 49 quod
1652 2658 123 49 est,
1728 2658 108 49 non
1790 2658 200 49 dependeat
1928 2658 46 49 a

1108 2690 205 53 voluntate,
1269 2690 88 53 eo
1313 2690 117 53 quoe
1386 2690 102 53 non
1445 2690 146 53 oritur
1547 2690 73 53 a
1576 2690 175 53 subiecto
1708 2690 175 53 mediante
1825 2690 146 53 volunta-

1106 2736 109 52 te,
1169 2736 140 52 tamen
1262 2736 93 52 in
1308 2736 155 52 ordine
1417 2736 93 52 ad
1463 2736 140 52 actum
1557 2736 78 52 a
1588 2736 202 52 voluntate
1743 2736 202 52 dependet:
1882 2736 78 52 qui

1101 2778 220 40 reducitur
1270 2778 102 40 ad
1321 2778 169 40 actum,
1440 2778 85 40 &
1474 2778 271 40 complementum
1694 2778 203 40 mediante
1829 2778 136 40 volun-

1109 2817 126 45 tate.
1193 2817 98 45 Nam
1249 2817 98 45 per
1305 2817 126 45 opera
1390 2817 211 45 voluntatis,
1558 2817 112 45 siue
1628 2817 112 45 sint
1698 2817 126 45 opera
1783 2817 168 45 elicita,
1895 2817 70 45 si-

1105 2853 100 55 ue
1155 2853 216 55 imparata,
1322 2853 183 55 tamquam
1455 2853 249 55 mediantibus
1654 2853 299 55 dispositonibus
1903 2853 100 55 ad

1101 2892 104 51 huc
1161 2892 149 51 actum,
1265 2892 104 51 qui
1325 2892 104 51 est
1384 2892 164 51 gratia,
1504 2892 194 51 huiusmodi
1653 2892 194 51 habilitas
1787 2892 164 51 reducitur

1100 2935 84 49 si
1142 2935 126 49 tales
1226 2935 210 49 operationes
1394 2935 126 49 bonae
1478 2935 168 49 fuerint,
1603 2935 84 49 ac
1645 2935 182 49 virtuosae
1785 2935 98 49 vel
1841 2935 70 49 a
1855 2935 112 49 gratia

1109 2972 198 50 abducitur,
1264 2972 71 50 &
1292 2972 184 50 elogatur,
1434 2972 85 50 si
1476 2972 127 50 tales
1561 2972 212 50 operationes
1730 2972 155 50 fuerint
1829 2972 141 50 vitiose-

1108 3009 86 44 Ad
1151 3009 244 44 confirmatione
1351 3009 215 44 supradictae
1523 3009 229 44 probationis,
1710 3009 100 44 qua
1767 3009 172 44 dicitur,
1882 3009 86 44 quia

1101 3048 211 48 secundum
1260 3048 193 48 formale
1400 3048 281 48 repugnantiam
1629 3048 123 48 &c.
1699 3048 229 48 dicendum,
1858 3048 106 48 quod

1112 3095 117 44 cum
1179 3095 184 44 dicitur
1313 3095 100 44 in
1363 3095 268 44 antecedente,
1580 3095 134 44 quod
1664 3095 234 44 desperatio
1831 3095 134 44 tollit

1108 3131 143 54 spem,
1203 3131 111 54 hoc
1267 3131 222 54 dupliciter
1441 3131 158 54 potest
1552 3131 222 54 intelligi.
1726 3131 111 54 Vno
1790 3131 143 54 modo,
1869 3131 95 54 quod
