2366 3550
375 270 190 80 praecise
518 270 159 80 tollat
629 270 143 80 spem:
724 270 111 80 ita
787 270 127 80 quod
867 270 111 80 cum
930 270 254 80 desperatione
1120 270 127 80 mancat

389 334 164 44 taritas,
512 334 136 44 fides,
607 334 68 44 &
635 334 150 44 ceterae
744 334 177 44 virtutes,
880 334 109 44 sola
948 334 95 44 spe
1003 334 164 44 excepta.
1125 334 109 44 Alio
1180 334 68 44 mo-

375 377 107 44 do,
436 377 122 44 quod
512 377 214 44 formaliter
680 377 153 44 tollat
787 377 137 44 spem,
878 377 76 44 &
909 377 137 44 ipsam
1000 377 183 44 tollendo
1122 377 122 44 tollat

381 421 193 46 gratiam,
526 421 96 46 ac
574 421 225 46 caritatem,
751 421 80 46 &
783 421 145 46 omnem
879 421 145 46 aliam
976 421 209 46 virtutem.
1136 421 145 46 Primo

373 460 124 36 modo
451 460 218 36 antecedens
622 460 109 36 est
684 460 233 36 simpliciter
871 460 171 36 falsum,
995 460 124 36 quia
1057 460 187 36 desperatio

379 494 109 45 non
442 494 140 45 solnm
535 494 156 45 tollit
644 494 140 45 spem,
738 494 140 45 verum
831 494 140 45 etiam
925 494 156 45 tollit
1034 494 187 45 gratiam,
1174 494 78 45 &
1190 494 62 45 ca

381 523 187 54 ritatem,
522 523 218 54 ceterasque
693 523 187 54 virtutes
833 523 78 54 &
864 523 109 54 cum
927 523 109 54 hoc
989 523 140 54 quatu
1082 523 93 54 de
1129 523 93 54 se
1160 523 78 54 est

383 576 206 48 praecludit
545 576 191 48 peccatori
692 576 132 48 viam,
781 576 88 48 ne
825 576 147 48 redeat
928 576 88 48 ad
972 576 177 48 gratiam,
1105 576 74 48 &
1119 576 118 48 recupo

390 614 104 44 ret
450 614 194 44 virtutes.
599 614 164 44 Secundo
718 614 134 44 modo,
808 614 119 44 tunc
882 614 239 44 consequentia
1076 614 104 44 est
1121 614 119 44 falsu-

383 645 106 51 vt
436 645 159 51 patet
543 645 106 51 ex
596 645 124 51 iam
649 645 159 51 dictis.

410 681 95 57 Et
458 681 142 57 eodem
552 681 126 57 modo
631 681 190 57 dicendum
774 681 111 57 est
837 681 95 57 de
884 681 269 57 infidelitate,
1106 681 126 57 quia
1169 681 79 57 si-

377 731 108 46 cut
438 731 216 46 desperatio
608 731 216 46 praecludit
778 731 123 46 viam
855 731 185 46 redeundi
994 731 93 46 ad
1040 731 170 46 veniam,
1148 731 93 46 quan

388 770 102 45 tum
447 770 102 45 est
505 770 88 45 de
549 770 102 45 set
607 770 102 45 sic
666 770 219 45 infidelitas
841 770 190 45 extinguit
987 770 190 45 lucernam,
1133 770 102 45 qua
1177 770 73 45 via

379 803 213 56 redeundi
521 803 231 56 monstratur.

496 876 587 77 ARTICVLVS
902 876 226 77 LII

385 959 157 78 Vtrum
489 959 157 78 malum
594 959 279 78 sufficienter
821 959 227 78 diuidatur
995 959 105 78 in
1048 959 157 78 malum
1135 959 122 78 culpe

663 1034 100 57 &
703 1034 179 57 malum
803 1034 159 57 poene-

457 1111 181 53 VANTVM
584 1111 109 53 ad
638 1111 199 53 tertium
783 1111 127 53 art
855 1111 181 53 iculum
982 1111 145 53 pono
1072 1111 145 53 tres
1144 1111 109 53 con

445 1144 235 68 clusiones.

429 1194 142 46 Prima
524 1194 126 46 est,
602 1194 126 46 quod
681 1194 142 46 malum
776 1194 173 46 sumptum
902 1194 94 46 in
949 1194 126 46 tota
1028 1194 110 46 sua
1075 1194 173 46 vniuersa-

400 1235 137 48 itate
491 1235 107 48 non
552 1235 198 48 diuiditur
704 1235 243 48 sufficienter
902 1235 91 48 in
948 1235 137 48 malum
1039 1235 167 48 culpae,
1161 1235 76 48 &
1176 1235 76 48 ma-

388 1275 106 49 lum
448 1275 167 49 poenae.
570 1275 121 49 Quia
646 1275 152 49 illud,
752 1275 121 49 quod
828 1275 197 49 reperitur
979 1275 91 49 in
1025 1275 136 49 rebus
1100 1275 152 49 insensi-

390 1315 179 49 bilibus,
524 1315 164 49 proprie
643 1315 193 49 loquendo,
792 1315 104 49 nec
851 1315 134 49 habet
941 1315 179 49 rationem
1074 1315 164 49 culpae,
1179 1315 74 49 nec

407 1357 143 43 qenae,
507 1357 100 43 sed
564 1357 129 43 malum
650 1357 186 43 reperitur
793 1357 86 43 in
836 1357 129 43 rebus
921 1357 272 43 insensibilibus.
1150 1357 129 43 Minor

399 1398 116 39 atet
472 1398 87 39 2.
516 1398 160 39 physic.
632 1398 174 39 Probatur
763 1398 145 39 maior,
865 1398 116 39 quia
937 1398 87 39 eo
981 1398 131 39 ipso,
1068 1398 116 39 quod
1141 1398 102 39 res
1184 1398 73 39 in-

396 1429 198 52 ensibiles
548 1429 153 52 carent
655 1429 153 52 libero
762 1429 198 52 arbitrio,
914 1429 122 52 ideo
991 1429 107 52 non
1052 1429 122 52 sunt
1113 1429 137 52 capaces

394 1476 151 44 culpae:
504 1476 69 44 &
531 1476 82 44 eo
572 1476 123 44 ipso,
655 1476 110 44 quod
723 1476 137 44 carent
819 1476 137 44 sensu,
915 1476 96 44 non
970 1476 110 44 sunt
1038 1476 151 44 capaces
1134 1476 110 44 poenae

398 1508 141 50 Forte
492 1508 188 50 dicetur,
633 1508 125 50 quod
711 1508 188 50 peccatum
852 1508 109 50 est
914 1508 94 50 in
961 1508 141 50 rebus
1039 1508 219 50 insensibili-

403 1551 123 46 pus:
479 1551 123 46 ergo
556 1551 169 46 liberum
679 1551 200 46 arbitrium
833 1551 123 46 erit
910 1551 92 46 in
956 1551 123 46 eis.
1033 1551 215 46 Antecedens
1186 1551 77 46 pa-

397 1593 98 39 tet
453 1593 84 39 2.
495 1593 154 39 physic.
607 1593 98 39 vbi
663 1593 168 39 secundum
789 1593 140 39 Arist,
886 1593 168 39 effectus
1012 1593 196 39 monstruosi
1166 1593 84 39 in
1194 1593 56 39 re

399 1630 111 54 bus
463 1630 238 54 naturalibus
653 1630 190 54 vocantur
796 1630 190 54 peccata.
939 1630 254 54 Consequentia
1145 1630 143 54 etiam

405 1664 126 49 atet
484 1664 111 49 per
547 1664 221 49 Augustinum
721 1664 95 49 in
769 1664 95 49 de
816 1664 126 49 vera
895 1664 221 49 religione,
1069 1664 79 49 &
1101 1664 95 49 in
1133 1664 126 49 multis

399 1709 120 45 liss
474 1709 150 45 locis,
579 1709 105 45 vbi
640 1709 120 45 ait,
715 1709 120 45 quod
790 1709 120 45 omne
865 1709 180 45 peccatum
1000 1709 105 45 est
1046 1709 211 45 voluntarium:

390 1746 112 43 sed
454 1746 241 43 voluntarium
647 1746 257 43 praesupponit
855 1746 176 43 liberum
983 1746 225 43 arbitrium,
1160 1746 96 43 vt
1192 1746 64 43 de

397 1790 82 47 se
425 1790 109 47 patet.

435 1826 225 52 Respondeo,
612 1826 129 52 quod
693 1826 193 52 peccatum
837 1826 161 52 potest
950 1826 225 52 dupliciter
1111 1826 145 52 accipi.

401 1866 111 44 Vno
465 1866 143 44 modo,
560 1866 111 44 pro
624 1866 207 44 quocumque
782 1866 175 44 errore,
909 1866 111 44 seu
973 1866 175 44 defectu
1084 1866 175 44 qualiter-

386 1909 157 47 cumque
496 1909 220 47 cueniente:
670 1909 79 47 &
701 1909 110 47 sic
764 1909 220 47 accipiendo
937 1909 189 47 peccatum
1063 1909 189 47 consequen-

394 1952 99 39 tia
450 1952 99 39 est
507 1952 141 39 falsa,
606 1952 113 39 quia
676 1952 141 39 error,
775 1952 71 39 &
803 1952 169 39 defectus
930 1952 155 39 possunt
1043 1952 127 39 etiam
1114 1952 141 39 accidere

390 1981 91 48 in
435 1981 137 48 rebus
526 1981 213 48 carentibus
693 1981 152 48 libero
800 1981 197 48 arbitrio.
951 1981 121 48 Alio
1027 1981 121 48 modo
1103 1981 106 48 pro
1149 1981 106 48 defe-

393 2024 106 47 ctu
453 2024 227 47 specialiter
635 2024 227 47 contingente
817 2024 136 47 circa
908 2024 136 47 bonum
999 2024 151 47 moris,
1105 2024 76 47 &
1135 2024 106 47 sic
1180 2024 76 47 an-

401 2063 181 48 tecedens
537 2063 106 48 est
597 2063 166 48 falsum.
718 2063 91 48 Et
763 2063 106 48 per
824 2063 106 48 hoc
884 2063 136 48 patet
975 2063 91 48 ad
1020 2063 136 48 ambas
1096 2063 166 48 probatio-

394 2105 130 47 nes,
475 2105 130 47 quia
556 2105 243 47 philosophus
750 2105 195 47 loquitur
896 2105 97 47 de
945 2105 178 47 peccato
1075 2105 146 47 primo
1156 2105 97 47 modo

387 2137 160 55 dicto,
499 2137 112 55 sed
563 2137 208 55 Augustin.
723 2137 192 55 loquitur
868 2137 96 55 de
916 2137 176 55 peccato
1044 2137 176 55 secundo
1156 2137 96 55 modo

377 2183 154 48 accepto.

434 2215 173 45 Secunda
560 2215 205 45 conclusio
718 2215 126 45 est,
797 2215 126 45 quod
876 2215 142 45 malum
970 2215 221 45 restrictum
1144 2215 95 45 ad
1175 2215 79 45 ma-

392 2259 99 44 lum
448 2259 212 44 rationalis,
618 2259 99 44 uel
675 2259 255 44 intellectualis
887 2259 184 44 creaturae
1029 2259 226 44 sufficienter
1198 2259 57 44 di

392 2295 172 53 uiditur
517 2295 94 53 in
564 2295 141 53 malum
658 2295 172 53 culpae,
783 2295 78 53 &
814 2295 141 53 malum
892 2295 141 53 poenae-

402 2340 78 43 1
434 2340 125 43 Quia
512 2340 125 43 omne
590 2340 141 43 malum
684 2340 219 43 rationalis
856 2340 219 43 creaturae,
1028 2340 109 43 vel
1090 2340 109 43 est
1137 2340 125 43 volun-

398 2374 177 51 tarium,
526 2374 112 51 vel
591 2374 112 51 non
655 2374 112 51 est
719 2374 257 51 voluntarium:
928 2374 112 51 sed
992 2374 128 51 omne
1072 2374 145 51 malum
1153 2374 112 51 uolun

396 2415 152 45 tarium
502 2415 107 45 est
563 2415 198 45 peccatum,
716 2415 76 45 &
746 2415 107 45 non
807 2415 229 45 voluntarium
990 2415 107 45 est
1051 2415 137 45 poena
1142 2415 91 45 in
1173 2415 76 45 ra-

390 2453 198 53 tionali
534 2453 234 53 creatura:
714 2453 144 53 ergo
786 2453 90 53 &c.

411 2494 86 49 2
445 2494 241 49 Praeterea,
634 2494 206 49 secundum
789 2494 241 49 Augustinum
978 2494 155 49 primo
1081 2494 103 49 de
1116 2494 138 49 libero

398 2533 203 46 arbitrio,
554 2533 125 46 omne
632 2533 140 46 malum
726 2533 187 46 nostrum,
866 2533 109 46 vel
929 2533 109 46 est
991 2533 156 46 malum,
1100 2533 125 46 quod
1162 2533 94 46 faci

397 2577 128 46 mus,
477 2577 112 46 vel
541 2577 112 46 est
605 2577 160 46 malum,
717 2577 128 46 quod
797 2577 192 46 patimur:
941 2577 112 46 sed
1005 2577 160 46 malum,
1117 2577 128 46 quod
1181 2577 80 46 fa-

398 2611 151 50 cimus
499 2611 118 50 est
566 2611 219 50 peccatum:
735 2611 84 50 &
768 2611 168 50 malum,
886 2611 135 50 quod
970 2611 185 50 patimur
1105 2611 118 50 est
1155 2611 101 50 poe-

393 2645 107 56 na:
454 2645 122 56 ergo
515 2645 76 56 &c.

436 2685 100 51 Sed
493 2685 129 51 forte
579 2685 172 51 dicetur,
708 2685 115 51 quod
780 2685 100 51 non
837 2685 100 51 est
895 2685 115 51 bona
966 2685 172 51 diuisio,
1095 2685 100 51 seu
1138 2685 115 51 distin

393 2730 134 41 ctio,
482 2730 104 41 vbi
542 2730 119 41 pars
616 2730 193 41 diuiditur
765 2730 149 41 contra
869 2730 119 41 suum
944 2730 149 41 totum,
1048 2730 104 41 sic
1107 2730 134 41 autem
1182 2730 74 41 vi-

398 2767 143 45 detur
494 2767 128 45 esse
573 2767 96 45 in
621 2767 223 45 proposito,
797 2767 128 45 quia
876 2767 191 45 secundum
1020 2767 223 45 Augustinum
1179 2767 80 45 12.

396 2809 91 51 de
441 2809 137 51 ciui.
533 2809 122 51 Dei,
609 2809 137 51 malum
700 2809 122 51 ideo
776 2809 167 51 dicitur
898 2809 152 51 malum,
1004 2809 122 51 quia
1080 2809 152 51 nocet,
1187 2809 107 51 sed

400 2846 108 56 que
461 2846 139 56 nocet
554 2846 108 56 est
615 2846 154 56 prena:
723 2846 123 56 ergo
800 2846 123 56 omne
877 2846 139 56 malum
969 2846 169 56 videtur
1093 2846 123 56 esse
1154 2846 108 56 poena

428 2886 138 46 Aliqui
525 2886 194 46 respondent
677 2886 83 46 ad
719 2886 125 46 illud
802 2886 83 46 ex
844 2886 138 46 dictis
940 2886 166 46 Magistri
1065 2886 97 46 hic
1120 2886 83 46 in
1148 2886 97 46 litti

394 2925 99 42 ra,
450 2925 141 42 quibus
549 2925 113 42 ait,
620 2925 127 42 culpa
705 2925 127 42 nocet
790 2925 155 42 actiue,
903 2925 99 42 sed
959 2925 127 42 poena
1044 2925 127 42 nocet
1115 2925 141 42 passiue-

435 2965 104 42 Sed
495 2965 134 42 istud
584 2965 104 42 non
644 2965 164 42 videtur
763 2965 208 42 sufficere,
926 2965 119 42 quia
1001 2965 104 42 cum
1060 2965 164 42 dicunt,
1165 2965 89 42 quod

400 3006 140 47 culpa
494 3006 140 47 nocet
588 3006 172 47 actiue:
712 3006 109 47 vel
775 3006 109 47 per
837 3006 109 47 hoc
899 3006 234 47 intelligunt
1086 3006 140 47 omnem
1164 3006 94 47 cul-

404 3043 103 43 pam
463 3043 148 43 nocere
567 3043 162 43 actiue,
685 3043 74 43 &
714 3043 103 43 hoc
773 3043 118 43 non,
847 3043 133 43 quia,
935 3043 89 43 vt
980 3043 148 43 patuit
1083 3043 89 43 in
1127 3043 133 43 primo
1201 3043 59 43 ar

399 3083 142 46 ticulo
498 3083 142 46 istius
598 3083 228 46 quaestionis,
783 3083 128 46 culpa
868 3083 228 46 promissionis
1053 3083 142 46 potest
1138 3083 114 46 contra

390 3122 89 54 hi
435 3122 118 54 sine
509 3122 118 54 actu
583 3122 178 54 elicito,
716 3122 74 54 &
746 3122 104 54 per
805 3122 207 54 consequens
968 3122 118 54 sine
1042 3122 104 54 eo,
1101 3122 118 54 quod
1160 3122 89 54 ali

1280 261 123 80 quid
1357 261 154 80 actiue
1465 261 93 80 se
1511 261 170 80 habeat:
1635 261 108 80 vel
1696 261 247 80 intelligunt,
1897 261 123 80 quod
1974 261 123 80 omne
2036 261 108 80 nocu-

1286 324 156 57 mentum
1396 324 172 57 actiuum
1520 324 109 57 sit
1583 324 156 57 culpa,
1692 324 78 57 &
1723 324 125 57 tunc
1801 324 140 57 omnis
1895 324 140 57 iudex
1988 324 156 57 actiue
2082 324 62 57 in

1280 360 177 58 ferendo
1409 360 161 58 poenam
1522 360 210 58 peccaret,
1683 360 129 58 quod
1764 360 113 58 est
1828 360 242 58 simpliciter
2022 360 177 58 falsum.

1317 404 190 50 Dicendum
1460 404 111 50 est
1523 404 127 50 ergo
1602 404 95 50 ad
1650 404 222 50 praedictam
1824 404 238 50 instantiam,
2014 404 127 50 quod
2078 404 63 50 o-

1274 444 126 47 mne
1346 444 162 47 malum
1454 444 180 47 nocet:
1581 444 162 47 tamen
1689 444 126 47 non
1761 444 144 47 omne
1851 444 162 47 malum
1960 444 126 47 est
2014 444 126 47 poena

1278 483 119 56 quia
1352 483 133 56 licet
1441 483 133 56 illud
1530 483 148 56 malum,
1634 483 119 56 quod
1708 483 133 56 nocet
1797 483 252 56 sensibiliter,
2005 483 74 56 &
2019 483 119 56 perce-

1291 537 71 38 t
1319 537 185 38 ibiliter,
1462 537 100 38 sia
1519 537 142 38 poena;
1618 537 128 38 tamen
1704 537 128 38 illud
1789 537 142 38 malum,
1889 537 114 38 quod
1960 537 128 38 nocet
2031 537 114 38 insen-

1274 575 221 33 sibiliter,
1448 575 79 33 &
1480 575 95 33 vt
1527 575 190 33 plurimum
1670 575 332 33 imperceptibiliter
1954 575 95 33 in
2002 575 111 33 hoc
2049 575 95 33 mudo

1272 604 106 56 non
1332 604 106 56 est
1393 604 151 56 poena,
1498 604 106 56 sed
1543 604 106 56 culpa

1313 632 155 54 Tertia
1421 632 201 54 conclusio
1576 632 124 54 est,
1653 632 124 54 quod
1730 632 124 54 malo
1808 632 155 54 culpae
1916 632 139 54 magis
1993 632 155 54 conuenit

1267 682 148 50 ratio
1365 682 148 50 mali,
1463 682 131 50 quam
1545 682 131 50 malo
1611 682 131 50 poenae

1292 715 78 61 1
1324 715 124 61 Quia
1401 715 140 61 ficut
1494 715 140 61 illud
1587 715 109 61 est
1649 715 171 61 albius,
1774 715 124 61 quod
1851 715 109 61 est
1913 715 140 61 nigro
1991 715 155 61 impermix

1282 765 125 48 tius,
1365 765 83 48 vt
1407 765 152 48 dicitur
1518 765 83 48 in
1559 765 166 48 topicis,
1684 765 97 48 sic
1739 765 125 48 illud
1822 765 97 48 est
1878 765 139 48 peius,
1975 765 69 48 &
2003 765 97 48 per
2044 765 111 48 conse-

1275 798 147 58 quens
1372 798 147 58 magis
1470 798 147 58 habet
1568 798 195 58 rationem
1714 798 147 58 mali,
1812 798 130 58 quod
1893 798 114 58 est
1959 798 130 58 bono
2024 798 130 58 imper-

1274 842 191 46 mixtius:
1417 842 111 46 sed
1481 842 143 46 culpa
1576 842 143 46 minus
1671 842 238 46 permiscetur
1862 842 143 46 bono,
1957 842 127 46 quam
2021 842 127 46 poena,

1282 880 138 52 bonum
1374 880 122 52 enim
1450 880 199 52 iustitiae
1603 880 214 52 adiungitur
1772 880 77 52 &
1802 880 230 52 permiscetur
1986 880 122 52 ipsi
2047 880 92 52 poe-

1286 914 99 54 nae
1342 914 99 54 vel
1399 914 141 54 saltem
1498 914 99 54 est
1554 914 127 54 causa
1639 914 155 54 finalis
1752 914 155 54 poenae;
1865 914 71 54 &
1894 914 127 54 Deus,
1978 914 99 54 qui
2035 914 99 54 est
2077 914 71 54 au-

1279 960 121 43 ctor
1355 960 152 43 omnium
1461 960 182 43 bonorum,
1598 960 106 43 est
1658 960 137 43 causa
1749 960 197 43 efficiens
1901 960 167 43 poenae;
2023 960 121 43 malo
2083 960 61 43 au

1285 1001 116 48 tem
1352 1001 166 48 culpae
1468 1001 166 48 nullum
1585 1001 150 48 bonum
1684 1001 233 48 annectitur
1867 1001 200 48 secundum
2017 1001 116 48 se,
2067 1001 83 48 nec

1274 1038 137 48 habet
1365 1038 167 48 causam,
1486 1038 121 48 quae
1562 1038 182 48 deficere
1699 1038 106 48 non
1759 1038 167 48 potest,
1881 1038 106 48 sed
1942 1038 137 48 habet
2033 1038 152 48 causam

1287 1081 142 51 magis
1382 1081 237 51 defectiuam,
1571 1081 126 51 quam
1635 1081 189 51 effectiuam

1297 1114 81 54 2
1329 1114 211 54 Preterea,
1492 1114 146 54 sicut
1589 1114 146 54 illud
1686 1114 146 54 habet
1784 1114 130 54 maxi
1865 1114 97 54 me
1914 1114 195 54 rationem
2044 1114 97 54 boni

1274 1157 84 44 &
1308 1157 101 44 in
1358 1157 101 44 eo
1409 1157 118 44 max
1476 1157 118 44 ime
1543 1157 218 44 consistit
1711 1157 151 44 bonum
1812 1157 202 44 nostrum,
1963 1157 118 44 quo
2014 1157 134 44 summe,

1280 1193 83 44 &
1314 1193 167 44 maxime
1430 1193 250 44 coniungimur
1630 1193 133 44 ipsi
1714 1193 133 44 Deo;
1797 1193 117 44 sic
1864 1193 150 44 illud
1964 1193 167 44 maxime
2064 1193 83 44 ha-

1295 1236 103 54 et
1346 1236 206 54 rationem
1501 1236 155 54 mali,
1604 1236 120 54 quo
1673 1236 172 54 summe,
1793 1236 86 54 &
1828 1236 172 54 maxime
1948 1236 223 54 elongamur
2102 1236 52 54 a

1281 1274 107 45 Deo
1342 1274 76 45 :
1372 1274 107 45 sed
1434 1274 107 45 hoc
1495 1274 107 45 est
1556 1274 153 45 culpa,
1663 1274 76 45 &
1693 1274 107 45 non
1755 1274 153 45 poena.
1862 1274 138 45 Maior
1953 1274 153 45 patet.
2045 1274 107 45 Minor

1292 1314 211 46 probatur,
1454 1314 130 46 quia
1535 1314 113 46 per
1599 1314 162 46 poenam
1713 1314 178 46 saepius
1842 1314 211 46 ordinamur
2004 1314 97 46 ad
2037 1314 113 46 Deum,

1291 1359 114 44 mmo
1356 1359 131 44 Deus
1438 1359 131 44 ipse
1520 1359 114 44 per
1585 1359 180 44 poenam,
1716 1359 131 44 quam
1797 1359 196 44 immitrit
1945 1359 163 44 nobis,
2043 1359 114 44 ordi-

1286 1389 107 51 nat
1347 1389 107 51 nos
1408 1389 91 51 ad
1453 1389 91 51 se
1499 1389 152 51 ipsum:
1605 1389 107 51 per
1666 1389 152 51 culpam
1773 1389 122 51 vero
1849 1389 152 51 nullus
1955 1389 198 51 ordinatur
2092 1389 61 51 ad

1281 1432 134 46 eum,
1365 1432 117 46 sed
1432 1432 150 46 magis
1532 1432 267 46 deordinamur,
1749 1432 84 46 &
1783 1432 217 46 elongamur
1950 1432 84 46 a
1967 1432 100 46 Deo.

1306 1459 80 67 3
1338 1459 224 67 Praeterea,
1514 1459 144 67 illud
1610 1459 144 67 minus
1706 1459 144 67 habet
1801 1459 96 67 de
1849 1459 176 67 ratione
1977 1459 144 67 mali,
2057 1459 96 67 quod

1292 1513 158 49 potest
1403 1513 158 49 inesse
1513 1513 158 49 homini
1624 1513 142 49 bono,
1718 1513 126 49 quam
1797 1513 158 49 illud,
1908 1513 126 49 quod
1986 1513 110 49 non
2034 1513 126 49 potest

1287 1552 149 49 inesse
1392 1552 119 49 nisi
1466 1552 134 49 malo:
1556 1552 105 49 sed
1616 1552 134 49 malum
1705 1552 149 49 poenae
1810 1552 149 49 potest
1914 1552 164 49 inesse,
2034 1552 75 49 &
2048 1552 105 49 quan-

1295 1590 142 45 doque
1390 1590 95 45 de
1438 1590 142 45 facto
1532 1590 142 45 inest
1627 1590 142 45 bonis
1722 1590 221 45 hominibus,
1896 1590 158 45 infuit
2007 1590 127 45 enim
2070 1590 95 45 domi

1287 1631 96 53 no
1335 1631 160 53 nostro
1447 1631 128 53 lesu
1528 1631 192 53 Christo;
1672 1631 144 53 malum
1768 1631 144 53 autem
1864 1631 160 53 culpae
1977 1631 112 53 non
2025 1631 128 53 potest

1291 1668 155 41 inesse
1400 1668 155 41 bonis,
1509 1668 109 41 sed
1571 1668 155 41 tantum
1679 1668 124 41 modo
1757 1668 155 41 malis;
1865 1668 124 41 ergo
1943 1668 109 41 &c.
2005 1668 140 41 Maior
2082 1668 78 41 est

1285 1705 124 48 nota
1363 1705 93 48 de
1410 1705 109 48 se.
1472 1705 171 48 Minorem
1596 1705 140 48 autem
1689 1705 140 48 ponit
1782 1705 171 48 August.
1906 1705 93 48 3.
1952 1705 93 48 de
1999 1705 140 48 ciui.
2076 1705 78 48 Dei

1289 1747 180 40 dicens.
1419 1747 131 40 Mala
1501 1747 163 40 poenae
1615 1747 196 40 plurimum
1762 1747 212 40 patiuntur
1925 1747 82 40 &
1958 1747 147 40 boni,
2040 1747 114 40 malum

1285 1796 129 37 vero
1366 1796 145 37 morum
1462 1796 113 37 non
1527 1796 129 37 nisi
1607 1796 145 37 mali.
1704 1796 177 37 Propter
1833 1796 129 37 quod
1914 1796 226 37 praemissae
2075 1796 97 37 con-

1293 1824 185 43 clusioni
1431 1824 154 43 ibidem
1539 1824 154 43 eodem.
1647 1824 123 43 cap.
1725 1824 231 43 consentiens
1910 1824 216 43 Augustinus
2079 1824 123 43 ait,

1288 1863 131 41 quod
1370 1863 131 41 mala
1451 1863 164 41 morum,
1566 1863 115 41 vel
1632 1863 147 41 sola,
1730 1863 115 41 vel
1796 1863 164 41 maxima
1910 1863 213 41 reputanda
2058 1863 98 41 sunt

1296 1904 88 63 Et
1340 1904 191 63 Dionysius
1488 1904 88 63 4.
1532 1904 88 63 de
1576 1904 118 63 diui
1650 1904 88 63 no
1694 1904 118 63 ait,
1767 1904 147 63 Puniri
1871 1904 103 63 non
1929 1904 103 63 est
1988 1904 147 63 malum,
2091 1904 103 63 sed

1289 1941 147 55 fieri
1387 1941 147 55 poena
1468 1941 131 55 dignum

1322 1981 109 44 Sed
1385 1981 155 44 contra
1493 1981 124 44 hanc
1571 1981 249 44 conclusionem
1773 1981 155 44 potest
1882 1981 140 44 argui
1960 1981 93 44 sic-

1303 2014 84 55 1
1337 2014 151 55 Sicut
1438 2014 101 55 se
1488 2014 151 55 habet
1589 2014 202 55 praemium
1740 2014 101 55 ad
1790 2014 202 55 meritum,
1942 2014 118 55 sic
2009 2014 101 55 se
2042 2014 118 55 habet

1303 2063 127 43 oena
1383 2063 95 43 ad
1430 2063 223 43 demeritum,
1605 2063 127 43 siue
1685 2063 175 43 culpam:
1812 2063 111 43 sed
1876 2063 191 43 praemium
2019 2063 143 43 habet
2098 2063 64 43 ra

1289 2104 166 60 tionem
1406 2104 183 60 maioris
1539 2104 149 60 boni,
1638 2104 133 60 quam
1721 2104 199 60 meritum;
1871 2104 133 60 ergo
1954 2104 149 60 poena
2037 2104 116 60 habet

1290 2144 202 40 rationem
1442 2144 185 40 maioris
1577 2144 152 40 mali,
1678 2144 135 40 quam
1762 2144 152 40 culpa
1863 2144 118 40 seu
1931 2144 236 40 demeritum.

1310 2176 73 57 2
1340 2176 205 57 Praeterea,
1501 2176 132 57 sicut
1589 2176 132 57 illud
1676 2176 132 57 magis
1764 2176 132 57 habet
1852 2176 176 57 rationem
1984 2176 132 57 boni,
2057 2176 88 57 pro.

1305 2217 120 49 iter
1380 2217 120 49 quod
1455 2217 135 49 aliud
1544 2217 209 49 appetimus,
1709 2217 120 49 hinc
1783 2217 120 49 enim
1858 2217 120 49 est,
1933 2217 120 49 quod
2008 2217 135 49 finis
2082 2217 75 49 ha-

1299 2261 105 51 pet
1359 2261 180 51 rationem
1494 2261 165 51 optimi,
1614 2261 120 51 quia
1689 2261 150 51 omnia,
1793 2261 120 51 quae
1868 2261 120 51 sunt
1943 2261 90 51 ad
1988 2261 150 51 finem,
2078 2261 75 51 ap-

1307 2296 162 45 etimus
1420 2296 178 45 propter
1549 2296 162 45 finem:
1662 2296 113 45 sic
1727 2296 145 45 illud
1824 2296 145 45 magis
1921 2296 145 45 habet
2001 2296 162 45 rationem

1293 2341 135 53 mali,
1383 2341 165 53 propter
1503 2341 120 53 quod
1578 2341 135 53 aliud
1668 2341 180 53 fugimus,
1803 2341 75 53 &
1833 2341 180 53 vitamus,
1968 2341 165 53 propter
2073 2341 90 53 quod

1294 2380 123 41 enim
1370 2380 123 41 vnum
1447 2380 169 41 quodque
1570 2380 138 41 tale,
1662 2380 77 41 &
1693 2380 138 41 illud
1785 2380 153 41 magis,
1892 2380 92 41 ut
1938 2380 169 41 dicitur
2061 2380 92 41 1.
2092 2380 61 41 po

1291 2417 224 49 steriorum,
1467 2417 112 49 sed
1531 2417 144 49 malum
1627 2417 160 49 culpae
1740 2417 176 49 fugimus
1868 2417 176 49 propter
1996 2417 144 49 malum
2076 2417 80 49 poe

1298 2454 129 45 nae.
1379 2454 145 45 Minor
1476 2454 145 45 patet
1572 2454 97 45 ex
1621 2454 178 45 communi
1750 2454 178 45 hominum
1879 2454 258 45 experientia.
2073 2454 81 45 Pro

1305 2496 110 48 ter
1368 2496 110 48 hoc
1431 2496 141 48 etiam
1525 2496 141 48 leges
1620 2496 251 48 instituerunt
1824 2496 173 48 poenas,
1950 2496 94 48 ut
1997 2496 173 48 homines
2107 2496 47 48 a

1293 2537 146 44 uitiis
1396 2537 234 44 retrahantur,
1586 2537 88 44 ut
1630 2537 132 44 patet
1717 2537 102 44 1o,
1776 2537 146 44 ethic.
1878 2537 132 44 Maior
1966 2537 132 44 etiam
2039 2537 117 44 patet,

1287 2574 114 48 quia
1358 2574 128 48 sicut
1443 2574 128 48 ratio
1528 2574 256 48 prosequibilis,
1742 2574 71 48 &
1770 2574 213 48 appetibilis
1941 2574 185 48 consistit
2083 2574 85 48 in
2111 2574 57 48 bo

1289 2614 96 42 no,
1344 2614 96 42 sic
1399 2614 123 42 ratio
1481 2614 192 42 fugibilis,
1631 2614 68 42 &
1659 2614 205 42 refutabilis
1823 2614 178 42 consistit
1960 2614 82 42 in
1987 2614 82 42 malo

1367 2646 218 55 Praeterea,
1538 2646 109 55 cum
1601 2646 140 55 ratio
1694 2646 124 55 mali
1772 2646 93 55 in
1818 2646 218 55 priuatione
1989 2646 124 55 boni
2052 2646 124 55 consi-

1288 2688 140 45 stat,
1382 2688 155 45 igitur
1490 2688 140 45 illud
1583 2688 155 45 malum,
1692 2688 109 45 quo
1754 2688 140 45 maius
1847 2688 140 45 bonum
1941 2688 202 45 priuatur,
2080 2688 78 45 ma-

1299 2732 106 51 gis
1359 2732 166 51 uidetur
1480 2732 151 51 habere
1585 2732 90 51 de
1631 2732 166 51 ratione
1751 2732 136 51 mali,
1842 2732 106 51 sed
1902 2732 121 51 malo
1977 2732 151 51 poenae
2068 2732 90 51 pri-

1284 2776 153 47 uatur
1386 2776 153 47 maius
1488 2776 170 47 bonum,
1606 2776 136 47 quam
1691 2776 136 47 malo
1776 2776 187 47 culpae.
1912 2776 119 47 Nam
1962 2776 204 47 substantia

1286 2810 181 39 humana,
1417 2810 132 39 quae
1500 2810 247 39 corrumpitur
1698 2810 165 39 morte,
1813 2810 132 39 quae
1895 2810 115 39 est
1961 2810 181 39 quoddam
2077 2810 82 39 ma-

1303 2850 89 51 um
1348 2850 163 51 poenae,
1467 2850 104 51 est
1526 2850 134 51 maius
1615 2850 149 51 bonum,
1719 2850 119 51 quam
1793 2850 149 51 gratia
1897 2850 74 51 &
1927 2850 193 51 virtutes,
2061 2850 89 51 quae

1307 2889 188 40 riuantur
1448 2889 125 40 malo
1527 2889 172 40 culpae;
1652 2889 110 40 ham
1715 2889 188 40 accidens
1856 2889 141 40 minus
1950 2889 141 40 habet
2044 2889 94 40 de
2076 2889 78 40 bo-

1285 2936 217 51 nitate,
1443 2936 158 51 quam
1542 2936 296 51 substantia,
1778 2936 177 51 cuius
1897 2936 138 51 est
1956 2936 197 51 accidens

1327 2967 104 46 Sed
1386 2967 119 46 ista
1461 2967 104 46 non
1520 2967 222 46 concludunt.
1683 2967 133 46 lgitur.

1337 3007 97 53 Ad
1385 3007 162 53 primum
1499 3007 194 53 dicendum
1644 3007 97 53 ad
1693 3007 194 53 maiorem,
1838 3007 129 53 quod
1919 3007 146 53 licet
2016 3007 129 53 illa
2081 3007 81 53 si-

1288 3042 196 46 militudo
1435 3042 163 46 turrat
1549 3042 114 46 quo
1614 3042 98 46 ad
1663 3042 131 46 hoc,
1745 3042 131 46 quod
1826 3042 147 46 sicut
1924 3042 180 46 meritum
2038 3042 131 46 termi-

1285 3088 139 45 natur
1377 3088 93 45 ad
1424 3088 201 45 praemium:
1579 3088 108 45 sic
1641 3088 139 45 culpa
1734 3088 217 45 terminatur
1904 3088 93 45 ad
1951 3088 170 45 poenam:
2059 3088 93 45 tamn

1282 3125 92 64 in
1328 3125 107 64 hoc
1389 3125 107 64 est
1450 3125 214 64 dissimile,
1618 3125 122 64 quod
1695 3125 184 64 praemium
1833 3125 138 64 magis
1924 3125 199 64 coniungit
2062 3125 92 64 eum,
