2165 3551
394 289 95 63 Ad
442 289 175 63 quintum
569 289 207 63 dicendum,
728 289 127 63 quod
808 289 207 63 potentiae
967 289 223 63 rationales
1126 289 95 63 sunt

349 343 89 52 ad
394 343 193 52 opposita,
542 343 104 52 non
602 343 134 52 tamen
691 343 89 52 in
736 343 104 52 eo,
795 343 119 52 quod
869 343 208 52 rationales
1033 343 134 52 sunt,
1122 343 104 52 sed
1167 343 59 52 in

356 389 79 42 eo
395 389 119 42 quoed
474 389 145 42 liberae
580 389 66 42 :
606 389 119 42 sunt,
685 389 66 42 &
711 389 105 42 ideo
777 389 119 42 sicut
856 389 171 42 voluntati
988 389 211 42 principalius
1146 389 66 42 con

355 417 128 53 uenit
440 417 185 53 libertas,
583 417 100 53 sic
639 417 128 53 posse
725 417 85 53 in
768 417 114 53 hoc,
839 417 71 53 &
867 417 71 53 i
896 417 185 53 oppositum
1024 417 199 53 principalius

341 465 189 44 conuenit
483 465 220 44 voluntati.
656 465 236 44 Intellectui
845 465 126 44 enim
924 465 110 44 hoc
987 465 189 44 conuenit
1129 465 94 44 ex
1160 465 63 44 on

341 510 127 42 dine
421 510 207 42 naturali,
580 510 127 42 quem
660 510 143 42 habet
755 510 96 42 ad
803 510 143 42 ipsam
898 510 239 42 voluntatem,
1074 510 143 42 volunt,

351 540 95 57 ti
399 540 143 57 autem
494 540 143 57 primo
590 540 80 57 &
606 540 254 57 principaliter,

394 576 103 49 Ad
445 576 172 49 sextum
566 576 138 49 nego
652 576 207 49 minorem,
807 576 172 49 causam
927 576 155 49 autem
1013 576 207 49 negationis

358 614 182 62 assignaui
498 614 84 62 in
540 614 126 62 primo
624 614 126 62 libro
708 614 126 62 dist.
778 614 56 62 5.

473 690 600 80 ARTICVLVS
888 690 185 80 II

347 744 146 70 Vtrum
444 744 195 70 voluntas
590 744 146 70 vnico
688 744 114 70 suo
752 744 130 70 actu
834 744 162 70 libere
947 744 162 70 tendat
1061 744 97 70 in
1109 744 146 70 fine,

542 801 94 64 &
580 801 112 64 in
636 801 112 64 ea
692 801 150 64 quae
785 801 150 64 sunt
879 801 112 64 ad
916 801 150 64 finem.

428 857 188 43 VANTVM
560 857 113 43 ad
616 857 225 43 secundum
785 857 244 43 articulum
972 857 150 43 pono
1047 857 169 43 breuite

399 891 150 53 stam
493 891 318 53 conclusionem,
755 891 150 53 quod
849 891 225 53 voluntas
1017 891 168 53 eodem
1111 891 112 53 actu

358 939 147 45 numero
461 939 132 45 ferri
549 939 147 45 potest
651 939 88 45 in
695 939 147 45 finem,
798 939 73 45 &
827 939 88 45 in
871 939 103 45 ea,
930 939 117 45 quae
1003 939 117 45 sunt
1076 939 88 45 ad
1106 939 117 45 finem.

357 981 105 41 31
409 981 140 41 Quia
496 981 122 41 vbi
566 981 140 41 vnum
654 981 192 41 propter
793 981 192 41 alterum
933 981 227 41 vtrobique
1090 981 140 41 tantum

359 1009 139 48 vnum,
451 1009 108 48 sed
513 1009 108 48 ea,
575 1009 123 48 quae
652 1009 123 48 sunt
729 1009 93 48 ad
775 1009 139 48 finem
868 1009 170 48 volumus
991 1009 170 48 propter
1100 1009 123 48 finem,

356 1054 144 54 ergo
428 1054 72 54 &c

432 1084 205 52 Praeterea,
594 1084 88 52 si
638 1084 117 52 non,
711 1084 117 52 tunc
784 1084 176 52 potentia
916 1084 176 52 volitiua
1048 1084 132 52 simul
1121 1084 103 52 esset

354 1128 104 51 sub
413 1128 148 51 duobus
517 1128 178 51 actibus:
651 1128 208 51 consequens
814 1128 104 51 est
873 1128 163 51 falsum,
992 1128 119 51 quia
1066 1128 133 51 sicut
1140 1128 89 51 eade

353 1172 121 49 pars
429 1172 136 49 cerae
520 1172 106 49 non
580 1172 152 49 potest
686 1172 136 49 simul
777 1172 182 49 figurari
914 1172 182 49 diuersis
1035 1172 182 49 imaginibus

360 1212 102 41 sic
419 1212 131 41 eadem
506 1212 247 41 indiuisibilis
709 1212 174 41 potentia
840 1212 102 41 pro
898 1212 131 41 statu
985 1212 203 41 praesentis
1130 1212 87 41 vita

359 1251 107 46 non
420 1251 153 46 potest
527 1251 138 46 simul
620 1251 199 46 informari
773 1251 184 46 diuersis
911 1251 184 46 actibus.
1034 1251 184 46 Consequen-

358 1295 99 39 tia
414 1295 141 39 patet,
513 1295 127 39 lquia
597 1295 99 39 cum
654 1295 155 39 volitio
766 1295 127 39 finis
851 1295 99 39 sit
907 1295 127 39 ratio
992 1295 155 39 volendi
1104 1295 99 39 ea,
1147 1295 70 39 qua

362 1324 115 49 sunt
433 1324 86 49 ad
476 1324 143 49 finem:
577 1324 115 49 ideo
648 1324 100 49 non
705 1324 172 49 possumus
834 1324 129 49 velle
920 1324 100 49 ea,
978 1324 115 49 quae
1049 1324 115 49 sunt
1121 1324 86 49 ad
1149 1324 72 49 fi-

357 1362 120 49 nem,
432 1362 90 49 vt
477 1362 120 49 sunt
553 1362 90 49 ad
598 1362 151 49 finem,
703 1362 120 49 nisi
778 1362 166 49 velimus
899 1362 135 49 ipsum
989 1362 151 49 finem.
1095 1362 120 49 Vnde
1155 1362 75 49 cum

353 1407 164 45 sanitas
473 1407 105 45 sit
532 1407 135 45 finis
622 1407 284 45 deambulationis,
861 1407 164 45 quamuis
981 1407 90 45 de
1011 1407 209 45 ambulationem

358 1443 171 47 secundum
486 1443 100 47 se,
543 1443 71 47 &
572 1443 171 47 absolute
701 1443 229 47 consideratam
886 1443 100 47 ego
944 1443 143 47 possim
1044 1443 129 47 velle
1115 1443 100 47 actua

356 1479 147 49 liter,
459 1479 103 49 non
518 1479 161 49 volendo
635 1479 205 49 sanitatem:
796 1479 147 49 tamen,
899 1479 88 49 vt
943 1479 205 49 deabulatio
1104 1479 103 49 est
1148 1479 73 49 in-

358 1521 153 46 ductiua
470 1521 195 46 sanitatis,
623 1521 70 46 &
651 1521 84 46 vt
693 1521 195 46 intenditur
846 1521 153 46 propter
958 1521 195 46 sanitatem,
1111 1521 98 46 sic
1153 1521 70 46 nul

361 1559 107 52 lus
422 1559 153 52 potest
529 1559 138 52 velle
621 1559 291 52 deambulationem,
866 1559 123 52 nisi
943 1559 138 52 velit
1019 1559 184 52 sanitatem.

369 1601 75 47 3
399 1601 211 47 Praeterea,
565 1601 196 47 relatiua,
715 1601 90 47 vt
760 1601 181 47 relatiua
896 1601 135 47 sunt,
986 1601 105 47 per
1046 1601 151 47 vnicum
1137 1601 90 47 actu

366 1640 194 44 potentiae
515 1640 239 44 attinguntur,
709 1640 105 44 sed
769 1640 149 44 illud,
874 1640 119 44 quod
948 1640 105 44 est
1008 1640 90 44 ad
1053 1640 134 44 finem
1127 1640 105 44 secun

353 1684 110 39 dum
416 1684 126 39 quod
495 1684 221 39 huiusmodi,
668 1684 221 39 necessario
842 1684 205 39 concernit
999 1684 221 39 relationem
1157 1684 63 39 ac

360 1718 147 49 finem:
478 1718 191 49 econuerso
625 1718 147 49 finis,
728 1718 88 49 vt
772 1718 147 49 finis,
874 1718 191 49 concernit
1021 1718 206 49 relationem
1168 1718 59 49 ad

358 1764 97 43 ea,
413 1764 111 43 quae
483 1764 111 43 sunt
552 1764 83 43 ad
593 1764 138 43 finem,
690 1764 124 43 ergo,
773 1764 83 43 vt
814 1764 111 43 sic,
883 1764 124 43 vnico
966 1764 111 43 actu
1022 1764 193 43 attinguntur.

364 1802 180 48 potentia,
503 1802 111 48 siue
572 1802 97 48 sit
627 1802 194 48 cognitiua,
779 1802 111 48 siue
849 1802 97 48 sit
890 1802 180 48 appetitiua.

385 1834 112 42 Sed
449 1834 144 42 istud
545 1834 144 42 solet
641 1834 80 42 a
673 1834 208 42 quibusdam
832 1834 208 42 impugnari
976 1834 80 42 sic

432 1873 218 43 Intellectus
607 1873 131 43 eodem
694 1873 116 43 actu
767 1873 102 43 non
825 1873 145 43 fertur
927 1873 87 43 in
971 1873 204 43 principia,
1131 1873 73 43 &
1145 1873 73 43 com

355 1911 202 48 clusionem,
513 1911 144 48 igitur
614 1911 101 48 nec
672 1911 173 48 voluntas
802 1911 87 48 in
846 1911 144 48 finem,
947 1911 72 48 &
976 1911 87 48 in
1019 1911 101 48 ea,
1077 1911 116 48 quae
1134 1911 87 48 sunt

349 1956 94 49 ad
396 1956 157 49 finem.
506 1956 251 49 Consequentia
710 1956 141 49 patet
805 1956 79 49 a
836 1956 173 49 simili.
962 1956 220 49 Antecedens
1119 1956 94 49 prob

354 1992 124 47 tur,
432 1992 124 47 quia
510 1992 140 47 eadem
603 1992 186 47 potentia
743 1992 109 47 non
805 1992 155 47 potest
913 1992 186 47 secundum
1038 1992 186 47 distinctos

355 2035 178 45 habitus
484 2035 178 45 tendere
614 2035 97 45 in
662 2035 178 45 diuersa
792 2035 178 45 obiecta
922 2035 146 45 eodem
1019 2035 130 45 actu
1083 2035 130 45 numoro

357 2073 99 48 sed
414 2073 213 48 intellectus
584 2073 199 48 distinctis
740 2073 185 48 habitibus
882 2073 142 48 tendit
982 2073 85 48 in
1024 2073 199 48 principia,
1180 2073 71 48 &

360 2110 94 50 in
407 2110 267 50 conclusionem:
627 2110 110 50 nam
690 2110 110 50 per
752 2110 188 50 habitum,
894 2110 110 50 qui
956 2110 173 50 dicitur
1066 2110 157 50 intelle-

359 2157 128 43 ctus,
444 2157 142 43 tendit
543 2157 85 43 in
585 2157 198 43 principia,
741 2157 99 43 per
798 2157 156 43 habitum
911 2157 128 43 autem
996 2157 198 43 scientiae,
1138 2157 85 43 ten-

356 2187 106 53 dit
416 2187 91 53 in
462 2187 242 53 conclusiones
659 2187 76 53 :
689 2187 121 53 ergo
749 2187 61 53 &c

431 2225 203 48 Praeterea,
591 2225 116 48 idem
664 2225 131 48 actus
751 2225 131 48 simul
838 2225 73 48 &
867 2225 131 48 semel
954 2225 102 48 non
1012 2225 145 48 potest
1114 2225 116 48 esse
1172 2225 58 48 in

362 2270 168 52 tensior,
488 2270 70 52 &
516 2270 196 52 remissior,
670 2270 98 52 sed
726 2270 126 52 actus
811 2270 196 52 voluntatis
965 2270 168 52 respectu
1091 2270 126 52 finis
1161 2270 56 52 es

347 2311 233 50 intensior,
530 2311 133 50 quam
613 2311 200 50 respectu
763 2311 166 50 eorum,
879 2311 133 50 quae
963 2311 133 50 sunt
1046 2311 100 50 ad
1079 2311 133 50 finem.

373 2353 71 45 3
401 2353 198 45 Praeterea,
556 2353 169 45 fruitio,
683 2353 71 45 &
712 2353 113 45 vsus
782 2353 99 45 non
839 2353 113 45 sunt
909 2353 113 45 vnus
980 2353 141 45 actus,
1079 2353 99 45 sed
1121 2353 99 45 actus

358 2388 201 49 voluntatis
515 2388 172 49 respectu
644 2388 143 49 vltimi
745 2388 129 49 finis
831 2388 100 49 est
888 2388 172 49 fruitio,
1017 2388 72 49 &
1046 2388 172 49 respectu
1160 2388 72 49 eo-

356 2431 113 50 rum,
426 2431 113 50 quae
497 2431 113 50 sunt
567 2431 85 50 ad
610 2431 141 50 finem,
708 2431 99 50 est
765 2431 113 50 vsus
835 2431 70 50 :
863 2431 113 50 ergo
920 2431 56 50 &c

438 2462 188 44 Preterea,
582 2462 130 44 actus
669 2462 246 44 distinguuntur
871 2462 101 44 per
929 2462 174 44 obiecta,
1059 2462 87 44 vt
1103 2462 130 44 patet
1175 2462 58 44 ::

353 2506 87 47 de
397 2506 145 47 anima,
499 2506 102 47 sed
557 2506 131 47 finis
644 2506 73 47 &
673 2506 102 47 ea,
731 2506 116 47 quae
804 2506 116 47 sunt
876 2506 87 47 ad
920 2506 131 47 finem
1007 2506 116 47 sunt
1065 2506 160 47 distincta

356 2546 188 48 obiecta:
498 2546 126 48 ergo
560 2546 63 48 &c

432 2581 202 43 Praeterea,
590 2581 130 43 actus
677 2581 259 43 specificantur,
893 2581 86 43 vt
936 2581 216 43 terminantur
1109 2581 86 43 ad
1138 2581 72 43 obi

358 2618 109 48 cta,
427 2618 96 48 sed
481 2618 123 48 finis
563 2618 136 48 potest
659 2618 109 48 esse
727 2618 123 48 bonus
809 2618 96 48 eo,
863 2618 109 48 quod
931 2618 96 48 est
986 2618 82 48 ad
1027 2618 136 48 finem,
1109 2618 109 48 existi

348 2665 88 40 te
392 2665 132 40 malo,
480 2665 132 40 sicut
568 2665 103 40 cum
627 2665 161 40 aliquis
745 2665 176 40 furatur,
877 2665 88 40 vt
921 2665 103 40 det
979 2665 235 40 elcemosinam,
1156 2665 73 40 vel

354 2697 230 52 econuerso,
534 2697 98 52 vt
583 2697 115 52 cum
649 2697 131 52 quis
731 2697 115 52 dat
797 2697 246 52 eleemosinam
993 2697 180 52 propter
1108 2697 115 52 uanam

359 2742 181 50 gloriam,
495 2742 151 50 igitur
601 2742 91 50 si
646 2742 121 50 idem
721 2742 136 50 actus
812 2742 242 50 terminaretur
1009 2742 91 50 ad
1054 2742 136 50 finem
1144 2742 76 50 &
1160 2742 60 50 ad

356 2780 103 50 ea,
415 2780 118 50 quae
489 2780 118 50 sunt
563 2780 89 50 ad
607 2780 148 50 finem,
710 2780 118 50 tunc
784 2780 118 50 idem
858 2780 133 50 actus
947 2780 133 50 simul
1035 2780 74 50 &
1065 2780 133 50 semel
1138 2780 89 50 pos-

360 2818 106 49 set
420 2818 121 49 esse
496 2818 136 49 bonus
587 2818 76 49 &
618 2818 152 49 malus,
724 2818 121 49 quod
799 2818 106 49 est
845 2818 197 49 impossibile

393 2859 104 41 Sed
453 2859 119 41 ista
527 2859 104 41 non
587 2859 223 41 concludunt.
750 2859 134 41 lgitur;

391 2896 97 48 Ad
439 2896 162 48 primum
552 2896 210 48 dicendum,
714 2896 129 48 quod
795 2896 178 48 quamuis
924 2896 210 48 principia
1070 2896 145 48 secudum

351 2935 105 42 se,
411 2935 75 42 &
441 2935 180 42 absolute
576 2935 165 42 possint
696 2935 180 42 secundum
831 2935 180 42 proprium
966 2935 150 42 habitu
1056 2935 165 42 considera

359 2974 81 45 ri
399 2974 188 45 distincte,
547 2974 94 45 non
600 2974 188 45 intellecto
748 2974 94 45 seu
802 2974 201 45 considerato
963 2974 215 45 principiato:
1124 2974 94 45 tamen

356 3020 100 42 non
413 3020 156 42 possunt
526 3020 227 42 considerari;
711 3020 85 42 vt
754 3020 185 42 principia
896 3020 128 42 sunt,
981 3020 100 42 non
1024 3020 199 42 consideratis

354 3057 251 48 principiatis,
561 3057 118 48 quia
635 3057 222 48 principium,
812 3057 89 48 vt
857 3057 222 48 principium,
1034 3057 74 48 &
1049 3057 177 48 principia-

349 3099 101 46 tum
406 3099 87 46 vt
450 3099 231 46 principiatum
637 3099 115 46 sunt
709 3099 188 46 relatiua,
853 3099 72 46 &
882 3099 101 46 per
940 3099 216 46 consequens,
1113 3099 87 46 ut
1142 3099 72 46 sit

346 3135 126 55 vnum
425 3135 126 55 sine
504 3135 158 55 altero
614 3135 221 55 apprehendi
788 3135 221 55 nullatenus
961 3135 173 55 potest.
1087 3135 95 55 Et
1119 3135 110 55 ideo,

1264 286 159 74 quamuis
1379 286 130 74 primo
1466 286 116 74 modo
1538 286 217 74 principisi,
1712 286 72 74 &
1741 286 231 74 principiatum
1914 286 159 74 distindti

1247 336 218 57 habitibus,
1418 336 78 57 &
1449 336 171 57 actibus
1574 336 264 57 cognoscuntur,
1791 336 109 57 non
1853 336 140 57 tamen
1931 336 140 57 secunde

1258 379 128 65 modo.
1343 379 85 65 Et
1386 379 114 65 haec
1457 379 100 65 est
1514 379 171 65 intentio
1642 379 199 65 philosophi
1798 379 71 65 i
1826 379 227 65 posteriorum,
2011 379 100 65 ubi
2054 379 71 65 to-

1259 425 111 42 ait,
1329 425 111 42 quod
1398 425 153 42 quamuis
1509 425 125 42 prius
1592 425 139 42 possit
1689 425 180 42 cognosci,
1828 425 111 42 quod
1898 425 111 42 omms
1953 425 125 42 triangu

1252 464 101 52 lus
1309 464 130 52 habet
1396 464 130 52 tres,
1482 464 115 52 quam
1554 464 231 52 cognoscatur,
1742 464 115 52 quod
1814 464 202 52 triagalus,
1973 464 101 52 qui
2016 464 72 52 est

1253 496 82 51 in
1294 496 205 51 semicirculo
1459 496 137 51 habeat
1555 496 123 51 tres,
1637 496 82 51 si
1678 496 123 51 tamen
1760 496 110 51 vnum
1828 496 151 51 ducatur
1938 496 82 51 in
1965 496 110 51 aliudi

1257 542 109 47 puta
1325 542 82 47 si
1366 542 177 47 apponatur
1502 542 136 47 minor,
1597 542 68 47 &
1624 542 163 47 dicatur,
1747 542 109 47 quod
1815 542 204 47 triangulus,
1978 542 95 47 qui
2019 542 54 47 es

1248 586 87 43 in
1292 586 218 43 semicirculo
1466 586 102 43 est
1524 586 218 43 triangulus,
1699 586 116 43 tunc
1771 586 131 43 simul
1858 586 174 43 inducens
1974 586 102 43 cogni

1256 621 99 49 uit
1312 621 170 49 scilicet
1440 621 113 49 quod
1510 621 212 49 triangulus,
1680 621 99 49 qui
1737 621 99 49 est
1793 621 85 49 in
1836 621 212 49 semicirculo
1991 621 85 49 habe

1259 658 129 47 tres.
1344 658 86 47 Et
1387 658 129 47 ratio
1473 658 143 47 istius
1573 658 114 47 esse
1645 658 157 47 potest,
1759 658 114 47 quia
1831 658 129 47 maior
1916 658 100 47 non
1959 658 129 47 sumitur

1264 699 158 45 proprie
1379 699 187 45 loquendo,
1523 699 86 45 ut
1566 699 101 45 est
1623 699 202 45 principium
1782 699 245 45 conclusionis,
1969 699 115 45 nisici

1254 739 221 46 adiungitur
1428 739 126 46 sibi
1507 739 158 46 minor;
1617 739 173 46 propter
1743 739 126 46 quod
1822 739 189 46 adiuncta
1948 739 142 46 minore,

1254 781 127 45 tunc
1334 781 143 45 eodem
1429 781 127 45 actu
1508 781 238 45 intellectus
1699 781 238 45 apprehendit
1889 781 222 45 principia,
2048 781 48 45 &

1239 812 253 49 conclusionem

1253 854 95 44 Ad
1301 854 191 44 secundum
1444 854 207 44 dicendum,
1603 854 127 44 quod
1683 854 175 44 quamuis
1810 854 127 44 idem
1889 854 143 44 actus
1969 854 127 44 ratio-

1263 894 88 46 ne
1307 894 162 46 eiusdem
1425 894 103 46 non
1484 894 147 46 possit
1587 894 133 46 simul
1676 894 118 46 esse
1749 894 191 46 intensior
1897 894 74 46 &
1911 894 177 46 remissiore

1259 936 147 44 tione
1356 936 147 44 tamen
1454 936 244 44 diuersorum,
1650 936 163 44 quorum
1764 936 130 44 vnum
1845 936 212 44 intensius
1992 936 114 44 mouet

1255 973 191 48 potentiam
1402 973 132 48 alio,
1490 973 117 48 idem
1563 973 132 48 actus
1651 973 147 48 potest
1754 973 117 48 esse
1827 973 191 48 intensior
1959 973 147 48 respectu

1258 1012 149 43 unius,
1362 1012 119 43 quam
1437 1012 179 43 respectu
1571 1012 194 43 alterius,
1720 1012 134 43 quia,
1810 1012 89 43 ut
1854 1012 149 43 deduxi
1959 1012 89 43 ex
1989 1012 104 43 prim;

1258 1052 231 46 posteriorum,
1445 1052 173 46 cognitis
1575 1052 202 46 premissis,
1733 1052 101 46 seu
1791 1052 216 46 principijs,
1964 1052 86 46 ut
1993 1052 115 46 princ-

1268 1091 99 42 bia
1324 1091 127 42 sunt,
1409 1091 127 42 simul
1494 1091 212 42 cognoscitur
1663 1091 113 42 ipsa
1733 1091 197 42 conclusio,
1888 1091 71 42 &
1917 1091 127 42 tamen
1987 1091 113 42 ibidem

1253 1130 176 49 dicitur,
1386 1130 118 49 quod
1459 1130 191 49 principia
1606 1130 118 49 sunt
1680 1130 132 49 magis
1768 1130 118 49 nota
1841 1130 235 49 conclusione,
2018 1130 88 49 quia

1250 1170 166 45 propter
1370 1170 121 45 quod
1446 1170 226 45 unumquodque
1627 1170 136 45 tale,
1717 1170 75 45 &
1747 1170 136 45 illud
1838 1170 151 45 magis.
1943 1170 136 45 Sicut
2019 1170 90 45 enim

1256 1212 134 47 scuto
1345 1212 119 47 uiso
1420 1212 74 47 a
1449 1212 178 47 remotis,
1583 1212 119 47 quod
1657 1212 89 47 in
1702 1212 104 47 una
1761 1212 104 47 sui
1821 1212 134 47 parte
1910 1212 104 47 est
1969 1212 149 47 album,
2058 1212 45 47 &

1255 1248 85 41 in
1297 1248 114 41 alia
1369 1248 100 41 sui
1425 1248 128 41 parte
1511 1248 100 41 est
1568 1248 156 41 nigrum,
1681 1248 128 41 simul
1767 1248 185 41 intensius
1909 1248 156 41 uidetur
2008 1248 100 41 secun

1257 1287 118 49 dum
1325 1287 169 49 partem
1443 1287 169 49 albam,
1561 1287 135 49 quam
1646 1287 203 49 secundum
1798 1287 186 49 nigram:
1933 1287 118 49 sic
1983 1287 68 49 &c

1299 1299 155 81 Dicunt
1407 1299 139 81 etiam
1499 1299 155 81 aliqui
1608 1299 201 81 doctores,
1762 1299 124 81 quod
1839 1299 108 81 non
1901 1299 155 81 semper
1994 1299 108 81 uolun

1257 1366 103 51 tas
1316 1366 147 51 magis,
1419 1366 74 51 &
1449 1366 191 51 intensius
1596 1366 118 51 uult
1669 1366 147 51 finem,
1772 1366 118 51 quam
1846 1366 147 51 illud,
1949 1366 118 51 quod
2008 1366 103 51 estad

1249 1404 142 48 finem,
1348 1404 100 48 sed
1405 1404 128 48 solum
1491 1404 100 48 cum
1547 1404 114 48 sibi
1619 1404 213 48 disiunctiue
1789 1404 213 48 proponitur,
1960 1404 128 48 puta,
2031 1404 71 48 cus

1263 1443 155 51 dicitur
1376 1443 113 51 quid
1447 1443 113 51 uis,
1517 1443 99 51 uis
1574 1443 198 51 sanitatem,
1729 1443 99 51 uel
1786 1443 184 51 potionem.
1927 1443 85 51 Si
1970 1443 127 51 tamen
2040 1443 71 51 pro

1255 1488 162 45 ponitur
1373 1488 221 45 copulatiue,
1549 1488 118 45 puta
1623 1488 88 45 si
1667 1488 162 45 dicitur
1785 1488 176 45 infirmo,
1917 1488 88 45 tu
1961 1488 103 45 non
2005 1488 103 45 potem

1257 1529 151 37 sanari
1363 1529 121 37 sine
1438 1529 227 37 potione,uis
1620 1529 121 37 ergo
1696 1529 212 37 sanitatem,
1862 1529 76 37 &
1892 1529 197 37 potionem,
2028 1529 76 37 tun

1253 1562 144 42 aeque
1349 1562 176 42 intense
1477 1562 144 42 uolet
1573 1562 208 42 potionem,
1732 1562 144 42 sicut
1828 1562 144 42 ipsam
1908 1562 192 42 sanitatem,

1290 1600 95 51 Ad
1338 1600 190 51 tertium,
1480 1600 126 51 nego
1559 1600 221 51 antecedes,
1733 1600 126 51 quia
1812 1600 174 51 quamuis
1938 1600 111 51 non
1986 1600 126 51 posssi

1256 1639 117 54 esse
1330 1639 117 54 idem
1403 1639 176 54 obiectum
1535 1639 191 54 ordinatae
1682 1639 220 54 fruitionis,
1858 1639 73 54 &
1888 1639 117 54 usus
1946 1639 162 54 potesttam

1255 1675 112 43 men
1319 1675 128 43 idem
1399 1675 128 43 esse
1480 1675 144 43 actus
1576 1675 225 43 fruitionis
1752 1675 225 43 terminatus
1929 1675 96 43 ad
1977 1675 112 43 duo
2025 1675 80 43 obi

1266 1717 122 42 cta:
1342 1717 107 42 nam
1403 1717 138 42 sicut
1495 1717 138 42 etiam
1587 1717 92 42 in
1633 1717 122 42 uita
1709 1717 138 42 beata
1801 1717 138 42 eodem
1893 1717 122 42 actu
1954 1717 168 42 cognitios

1254 1755 112 55 nis
1318 1755 241 55 cognoscimus
1511 1755 145 55 Deum,
1607 1755 80 55 &
1639 1755 225 55 creaturas,
1816 1755 112 55 sic
1880 1755 80 55 &
1912 1755 145 55 eodem
1993 1755 128 55 actudi

1256 1797 201 47 lectionis
1410 1797 201 47 diligemus
1564 1797 139 47 Deum,
1657 1797 77 47 &
1688 1797 108 47 sic
1750 1797 185 47 fruemur,
1889 1797 77 47 &
1920 1797 139 47 ipsas
1997 1797 108 47 creni

1249 1834 120 51 ras,
1324 1834 75 51 &
1354 1834 105 51 sic
1400 1834 136 51 vtemur,

1294 1847 102 80 Ad
1345 1847 187 80 quartum
1481 1847 222 80 dicendum,
1652 1847 136 80 quod
1737 1847 153 80 maior
1839 1847 119 80 non
1907 1847 205 80 estuera,
2044 1847 68 80 qd

1262 1911 166 49 obiecta
1382 1911 105 49 sic
1443 1911 90 49 se
1488 1911 166 49 habent,
1608 1911 120 49 quod
1683 1911 120 49 unum
1759 1911 105 49 est
1819 1911 135 49 ratio
1909 1911 181 49 tendendi
2030 1911 90 49 inal

1255 1960 161 42 terum,
1368 1960 161 42 alias,
1480 1960 113 42 cum
1545 1960 145 42 uideo
1642 1960 177 42 colorem
1771 1960 242 42 illuminatum
1948 1960 177 42 oportereo

1259 2000 127 49 quod
1339 2000 143 49 uisus
1434 2000 127 49 meus
1513 2000 127 49 alio
1593 2000 127 49 actu
1672 2000 175 49 uidendi
1799 2000 191 49 tenderet
1942 2000 95 49 in
1990 2000 159 49 lucem,
2085 2000 48 49 &

1259 2036 125 52 alio
1337 2036 94 52 in
1384 2036 187 52 colorem,
1525 2036 125 52 quod
1603 2036 109 52 est
1665 2036 234 52 simpliciter
1852 2036 172 52 falsum.
1977 2036 109 52 Cum
2024 2036 109 52 igiis

1252 2078 132 51 finis
1340 2078 102 51 sit
1399 2078 132 51 ratio
1486 2078 161 51 uolendi
1603 2078 102 51 ea,
1662 2078 117 51 quae
1735 2078 117 51 sunt
1808 2078 88 51 ad
1852 2078 146 51 finem,
1954 2078 132 51 sicut
2028 2078 102 51 lumen

1259 2118 103 41 est
1318 2118 133 41 ratio
1407 2118 162 41 uidendi
1524 2118 162 41 colores
1627 2118 74 41 &c.

1264 2155 95 54 Ad
1312 2155 174 54 quintum
1438 2155 206 54 dicendum,
1597 2155 127 54 qued
1676 2155 143 54 illis
1771 2155 79 54 &
1803 2155 254 54 consimilibus
1993 2155 127 54 casibu

1257 2198 193 52 positis,
1401 2198 145 52 actus
1498 2198 225 52 tantummodo
1674 2198 128 52 erit
1755 2198 161 52 malus,
1867 2198 128 52 quia
1947 2198 177 52 quamuis
2060 2198 64 52 bo

1245 2228 116 56 num
1312 2228 183 56 constet
1445 2228 100 56 ex
1494 2228 133 56 tota
1577 2228 116 56 sua
1644 2228 166 56 causa:
1760 2228 149 56 malum
1860 2228 149 56 tamen
1943 2228 199 56 orituretia

1264 2270 92 47 ex
1310 2270 245 47 singularibus
1509 2270 230 47 defectibus.
1692 2270 122 47 Vnde
1769 2270 92 47 ad
1815 2270 122 47 hoc,
1891 2270 122 47 quod
1968 2270 138 47 actus
2044 2270 92 47 sabo

1257 2310 118 59 nus,
1331 2310 221 59 requiritur,
1508 2310 118 59 quod
1582 2310 103 59 sit
1641 2310 88 59 de
1685 2310 147 59 genere
1788 2310 177 59 bonorum,
1921 2310 103 59 seu
1980 2310 118 59 quoe
2039 2310 103 59 bonus

1252 2339 110 65 sit
1315 2339 95 65 ex
1363 2339 173 65 genere,
1489 2339 79 65 &
1520 2339 142 65 bonus
1615 2339 110 65 sit
1678 2339 95 65 ex
1725 2339 142 65 fine,
1819 2339 95 65 ac
1867 2339 158 65 etiam,
1977 2339 126 65 quod
2040 2339 126 65 bonate

1263 2395 193 64 intentio
1408 2395 226 64 facientis,
1585 2395 161 64 quorum
1698 2395 113 64 vno
1762 2395 242 64 deficiente,
1956 2395 145 64 actus
2036 2395 129 64 immeda

1257 2438 92 49 te
1303 2438 107 49 est
1364 2438 153 49 malus,
1471 2438 107 49 uel
1532 2438 153 49 saltem
1639 2438 107 49 non
1700 2438 107 49 est
1746 2438 122 49 bonus,

1359 2505 630 87 ARTICVLVS
1795 2505 242 87 III

1280 2588 165 92 Vtrum
1390 2588 202 92 ponitas
1536 2588 165 92 talis
1646 2588 165 92 actus
1756 2588 202 92 sumatur
1885 2588 238 92 principahio

1617 2657 108 58 a
1638 2657 129 58 fine

1318 2745 186 54 VANTVM
1448 2745 111 54 ad
1504 2745 204 54 tertium
1652 2745 241 54 articulum
1838 2745 167 54 dico,
1949 2745 148 54 quod
2024 2745 111 54 peri

1347 2784 205 65 loquendo
1501 2784 154 65 actus
1604 2784 222 65 bonitatem
1775 2784 154 65 habet
1877 2784 86 65 a
1911 2784 154 65 fine,
2014 2784 120 65 seu
2065 2784 86 65 boi

1252 2827 150 49 tatem
1353 2827 134 49 suam
1436 2827 150 49 tenet
1536 2827 100 49 in
1587 2827 167 49 ordine
1704 2827 100 49 ad
1737 2827 117 49 finem

1265 2863 82 57 1
1297 2863 131 57 Quia
1379 2863 98 57 ab
1428 2863 131 57 illo
1510 2863 278 57 principaliter
1739 2863 147 57 actus
1838 2863 180 57 moralis
1969 2863 180 57 dicitur
2083 2863 82 57 boo

1249 2909 129 49 nus,
1329 2909 81 49 a
1362 2909 113 49 quo
1426 2909 81 49 &
1458 2909 177 49 habitus
1587 2909 258 49 specificatur
1797 2909 193 49 secundum
1942 2909 193 49 bonitate
2070 2909 81 49 sua

1253 2941 107 50 sed
1314 2941 91 50 ut
1359 2941 167 50 ostendi
1481 2941 91 50 in
1527 2941 183 50 prologio
1664 2941 137 50 primi
1755 2941 183 50 que4art.
1892 2941 91 50 1.
1938 2941 167 50 habitus
2044 2941 107 50 sperm

1253 2981 140 63 catur
1347 2981 93 63 ex
1394 2981 140 63 fine.
1487 2981 140 63 Maior
1581 2981 156 63 patet,
1690 2981 125 63 quia
1768 2981 109 63 cum
1830 2981 171 63 habitus
1954 2981 203 63 generetur
2095 2981 62 63 ex

1249 3017 304 56 frequentatione
1502 3017 186 56 actuum,
1637 3017 84 56 &
1671 3017 152 56 etiam
1773 3017 253 56 corrumpitur
1975 3017 101 56 ex
2009 3017 135 56 diutun

1245 3064 100 63 na
1295 3064 234 63 cessatione
1479 3064 317 63 actuum:uidetur,
1746 3064 134 63 quod
1830 3064 100 63 ab
1880 3064 150 63 eodem
1980 3064 117 63 tam
2030 3064 117 63 actus

1258 3097 139 56 quam
1344 3097 190 56 habitus
1483 3097 139 56 suam
1569 3097 190 56 trahant
1691 3097 190 56 bonitatem

1264 3144 83 55 2
1298 3144 233 55 Praeterea,
1481 3144 150 55 actus
1581 3144 266 55 specificatur
1797 3144 83 55 a
1830 3144 250 55 principali,
2030 3144 83 55 &
2047 3144 116 55 perae
