2375 3555
360 302 139 73 solet
452 302 139 73 Prima
545 302 93 73 in
592 302 139 73 duas,
685 302 124 73 quia
762 302 139 73 primo
855 302 139 73 mouet
948 302 124 73 hanc
1010 302 217 73 quaestionem,

363 357 103 56 cum
422 357 176 56 voluntas
554 357 221 56 naturaliter
731 357 132 56 insit
819 357 162 56 homini,
937 357 132 56 sicut
1010 357 206 56 intellectus;

363 405 79 52 &
395 405 190 52 memoria,
537 405 142 52 quare
632 405 190 52 voluntas
774 405 142 52 magis
869 405 174 52 dicitur
996 405 142 52 mala,
1091 405 126 52 quam
1154 405 63 52 in

359 435 210 63 tellectus,
524 435 105 63 uel
584 435 180 63 memoria.
719 435 150 63 Secudo
824 435 135 63 huius
914 435 225 63 quaestionis
1079 435 150 63 assignat

355 476 215 62 resposionem
527 476 115 62 ibi,
598 476 86 62 Ad
641 476 115 62 quod
713 476 158 62 facile.
828 476 86 62 Et
871 476 115 62 haec
943 476 86 62 in
986 476 129 62 duas,
1072 476 115 62 quia
1129 476 86 62 pri-

354 511 107 62 mo
408 511 231 62 respondet
586 511 160 62 iuxta
692 511 142 62 vnam
781 511 249 62 opinionem.
977 511 196 62 Secundo
1101 511 125 62 penes

356 555 146 48 aliam
453 555 210 48 opinionem
615 555 129 48 ibi.
695 555 113 48 Qui
760 555 129 48 vero
841 555 178 48 dicunt.
970 555 146 48 Prima
1051 555 178 48 diuiditur

356 601 99 41 in
405 601 197 41 quattuor
553 601 181 41 partes,
684 601 131 41 quia
766 601 148 41 primo
865 601 148 41 penes
963 601 148 41 istam
1045 601 181 41 opinionem

362 644 204 43 respondet
519 644 94 43 ad
566 644 251 43 quaestionem.
771 644 173 43 Secundo
896 644 157 43 contra
1006 644 141 43 illam
1085 644 141 43 respon-

367 686 156 37 sionem
477 686 187 37 assignat
617 686 249 37 obiectionem,
820 686 78 37 &
851 686 234 37 obiectionis
1022 686 203 37 solutionem.

376 710 149 59 Tertio
480 710 149 59 instat
585 710 149 59 contra
689 710 224 59 obiectionis
868 710 209 59 solutionem
1032 710 104 59 per
1077 710 149 59 alterius

362 748 256 58 dubitationis
570 748 256 58 inductionem.
778 748 96 58 Et
825 748 160 58 quarto
937 748 128 58 hanc
1001 748 224 58 dubitationem

357 793 151 47 tollit
463 793 106 47 per
523 793 182 47 duplicem
660 793 257 47 responsionem.
872 793 167 47 Secunda
993 793 121 47 ibi,
1068 793 106 47 vbi
1114 793 121 47 potest

371 839 147 51 quaeri
474 839 103 51 &c.
533 839 147 51 Tertia
637 839 118 51 ibi,
710 839 103 51 Sed
769 839 133 51 adhuc
858 839 192 51 quaeritur
1005 839 147 51 Quarta
1108 839 118 51 ibi.
1167 839 59 51 Ad

368 866 113 49 quod
439 866 113 49 ipsi
509 866 155 49 dicunt.
622 866 170 49 Sequitur
749 866 113 49 illa
820 866 127 49 pars,
905 866 184 49 Praeterea
1046 866 141 49 quaeri
1131 866 99 49 solet

369 910 94 49 Et
416 910 203 49 diuiditur
572 910 94 49 in
619 910 125 49 tres
697 910 172 49 partes:
822 910 125 49 quia
900 910 141 49 primo
994 910 187 49 Magister
1119 910 109 49 mouet

365 948 255 45 quaestionem.
572 948 175 45 Secundo
700 948 207 45 respondet
859 948 143 45 penes
955 948 143 45 veram
1035 948 191 45 opinionem,

380 983 153 54 Tertio
487 983 198 54 opinionis
639 983 137 54 minus
731 983 137 54 verae
822 983 153 54 narrat
929 983 259 54 responsionem.
1127 983 107 54 Secu-

367 1029 84 45 da
409 1029 98 45 ibi
465 1029 196 45 Praeposita
619 1029 98 45 est
675 1029 182 45 quaestio.
815 1029 140 45 Tertia
913 1029 112 45 ibi,
983 1029 112 45 Alij
1053 1029 140 45 autem.
1137 1029 98 45 Circa

377 1072 140 43 istam
471 1072 264 43 distinctionem
688 1072 155 43 quaero
796 1072 140 43 istam
889 1072 155 43 questi
982 1072 109 43 onem.

660 1142 313 83 Quaertio
869 1142 104 83 1.

372 1218 109 91 An
426 1218 218 91 peccatum
590 1218 109 91 in
645 1218 255 91 intellectu
845 1218 200 91 potius,
990 1218 146 91 quam
1081 1218 109 91 in
1118 1218 127 91 volun

649 1290 128 65 tate
729 1290 128 65 esse
793 1290 160 65 dicatur.

616 1612 139 55 TRVM
702 1612 208 55 peccatum
859 1612 156 55 magis
963 1612 191 55 proprie
1085 1612 156 55 dicatur

637 1648 110 52 esse
706 1648 82 52 in
747 1648 206 52 intellectu,
912 1648 96 52 vel
967 1648 82 52 in
1008 1648 192 52 voluntate.
1160 1648 69 52 &
1173 1648 69 52 vi-

636 1690 154 56 detur,
744 1690 124 56 quod
821 1690 93 56 in
867 1690 232 56 intellectu:
1053 1690 124 56 quia
1114 1690 124 56 quanto

620 1734 174 46 aliquid
747 1734 237 46 immediatius
937 1734 95 46 se
984 1734 142 46 habet
1079 1734 95 46 ad
1110 1734 127 46 primum

642 1769 216 48 principiu,
811 1769 123 48 quod
888 1769 154 48 omnino
996 1769 108 48 est
1043 1769 200 48 inobliquabi

619 1807 108 53 le,
680 1807 139 53 tanto
773 1807 139 53 minor
866 1807 186 53 defectus
1006 1807 201 53 contingit
1145 1807 93 53 circ

390 1855 149 51 ipsum.
494 1855 119 51 lsta
569 1855 134 51 patet
658 1855 104 51 12.
718 1855 149 51 metaph
822 1855 104 51 vbi
882 1855 104 51 per
941 1855 104 51 hoc
1001 1855 149 51 probat
1090 1855 149 51 philoso-

394 1885 129 57 phus,
480 1885 115 57 quod
552 1885 86 57 in
595 1885 287 57 supercaelestibus
839 1885 129 57 nihil
925 1885 187 57 contingit
1069 1885 172 57 casuale,
1198 1885 72 57 &

401 1931 159 42 metaph
513 1931 112 42 vbi
576 1931 207 42 probatur,
736 1931 128 42 quod
816 1931 96 42 in
863 1931 239 42 sempiternis
1055 1931 112 42 nec
1118 1931 112 42 est
1166 1931 80 42 ma-

396 1963 124 53 tum,
473 1963 108 53 nec
535 1963 217 53 corruptio.
705 1963 139 53 Patet
798 1963 139 53 etiam
891 1963 93 53 2.
937 1963 93 53 de
984 1963 248 53 generatione,
1170 1963 77 53 vbi

384 2004 105 52 ait
444 2004 241 52 philosophus,
640 2004 120 52 quod
715 2004 165 52 propter
835 2004 135 52 longe
925 2004 165 52 distare
1046 2004 75 52 a
1076 2004 135 52 primo
1151 2004 90 52 prir

384 2043 155 52 cipic,
492 2043 201 52 coriuptio
647 2043 201 52 contingit
801 2043 93 52 in
848 2043 155 52 rebus,
956 2043 108 52 sed
1018 2043 186 52 voluntas
1142 2043 108 52 imme-

381 2081 165 52 diatius
501 2081 180 52 respicit
637 2081 226 52 influentiam
817 2081 135 52 primi
907 2081 226 52 principiij:
1088 2081 105 52 Nam
1133 2081 120 52 quauis

386 2118 233 58 illuminatio
573 2118 233 58 intellectus
759 2118 202 58 quandoque
915 2118 124 58 fiat
992 2118 78 58 a
1023 2118 109 58 Deo
1070 2118 171 58 medianti-

384 2160 107 53 bus
445 2160 184 53 secundis
583 2160 214 53 agentibus,
751 2160 122 53 puta
828 2160 230 53 mediantibus
1011 2160 184 53 angelis:
1134 2160 107 53 tamet

381 2200 164 54 caritas
500 2200 74 54 &
530 2200 164 54 gratia,
649 2200 119 54 quae
723 2200 74 54 a
753 2200 104 54 Deo
813 2200 208 54 influuntur
976 2200 208 54 voluntati,
1140 2200 104 54 non
1184 2200 60 54 po

388 2239 122 54 sunt
464 2239 168 54 causari
586 2239 183 54 mediante
724 2239 153 54 aliqua
831 2239 199 54 creatura,
983 2239 107 54 sed
1044 2239 199 54 immediate
1182 2239 61 54 su

394 2282 118 51 lum
462 2282 84 51 a
495 2282 118 51 Deo
563 2282 84 51 :
597 2282 135 51 ergo
664 2282 68 51 &c

392 2320 160 51 Contra
504 2320 96 51 in
552 2320 128 51 illa
632 2320 192 51 potentia
776 2320 112 51 non
840 2320 112 51 est
904 2320 176 51 proprie
1032 2320 208 51 peccatum,
1176 2320 80 51 cu-

390 2356 106 62 ius
450 2356 196 62 potentiae
601 2356 181 62 defectus
737 2356 166 62 excusat
857 2356 196 62 peccatum,
1008 2356 106 62 sed
1053 2356 196 62 ignorantia,

390 2398 119 48 quae
465 2398 105 48 est
524 2398 179 48 defectus
659 2398 239 48 intellectus,
853 2398 164 48 excusat
972 2398 194 48 peccatum:
1122 2398 119 48 ergo
1181 2398 75 48 &c.

392 2447 110 41 Hic
455 2447 188 41 quattuor
596 2447 126 41 sunt
675 2447 188 41 videnda.
816 2447 141 41 Primo
911 2447 94 41 de
958 2447 251 41 distinctione
1146 2447 110 41 poten

390 2482 147 44 tiarum
493 2482 161 44 animae,
610 2482 88 44 de
654 2482 147 44 quibus
757 2482 147 44 tangit
860 2482 176 44 Magister
992 2482 88 44 in
1036 2482 161 44 littera
1139 2482 117 44 illius

396 2515 99 55 di.
452 2515 99 55 35.
509 2515 155 55 Secudo,
622 2515 85 55 in
664 2515 99 55 qua
720 2515 169 55 potentia
847 2515 155 55 proprie
960 2515 127 55 habet
1045 2515 113 55 esse
1101 2515 155 55 peccatum.

403 2562 142 48 Tertio
502 2562 114 48 quid
573 2562 99 48 sit
630 2562 213 48 svnderisis.
800 2562 85 48 Et
843 2562 142 48 quarto
943 2562 114 48 quid
1014 2562 99 48 sit
1056 2562 199 48 conscientia,

558 2613 185 89 R
632 2613 222 89 ES
743 2613 296 89 OLVI
891 2613 185 89 IO.

395 2696 115 74 Licet
472 2696 191 74 intellectus
625 2696 64 74 &
650 2696 153 74 voluntas
765 2696 102 74 suis
829 2696 128 74 quidem
918 2696 140 74 actibus
1020 2696 115 74 inter
1097 2696 102 74 sese
1148 2696 102 74 distit

457 2758 157 76 guantur,
575 2758 118 76 culpa
653 2758 118 76 tamen
731 2758 144 76 proprie
836 2758 92 76 non
888 2758 78 76 in
928 2758 196 76 intellectu,
1084 2758 92 76 sed
1124 2758 52 76 in

660 2801 143 51 voluntat
767 2801 60 51 e
791 2801 95 51 esse
839 2801 143 51 statuitur.

498 2863 633 91 ARTICVLV
920 2863 211 91 1.

516 2942 109 69 De
570 2942 290 69 distinctione
806 2942 272 69 potentiarum
1006 2942 127 69 anmae

463 3005 179 83 VANTVM
589 3005 108 83 ad
642 3005 179 83 primum
768 3005 161 83 dico,
875 3005 143 83 quod
965 3005 108 83 in
1019 3005 161 83 anima
1109 3005 143 83 nostr:

505 3070 196 48 reperitur
656 3070 211 48 distinctio
822 3070 226 48 potentiarum
1003 3070 136 48 penes
1078 3070 181 48 distinctio

393 3108 107 53 nem
454 3108 168 53 actuum;
576 3108 214 53 distinctio
745 3108 153 53 virium
852 3108 153 53 poenes
959 3108 260 53 distinctionem
1158 3108 92 53 offi

398 3145 179 53 ciorum;
528 3145 227 53 distinctio
706 3145 227 53 potestatum
885 3145 146 53 penes
982 3145 146 53 modum
1079 3145 179 53 ipsorum
1193 3145 65 53 mo

1250 282 142 84 tuum,
1345 282 221 84 distinctio
1519 282 205 84 portionum
1677 282 142 84 penes
1771 282 174 84 distin.
1898 282 190 84 graduum.
2024 282 95 84 Pri-

1251 349 97 51 mo
1299 349 130 51 modo
1381 349 276 51 distinguuntur
1608 349 243 51 intellectus
1802 349 81 51 &
1835 349 211 51 voluntas:
1997 349 114 51 nam
2046 349 81 51 in-

1252 387 210 54 telligere,
1417 387 75 54 &
1447 387 135 54 velle
1537 387 195 54 specifice
1687 387 255 54 distinguntur.
1898 387 75 54 1
1928 387 165 54 Secundo
2033 387 90 54 modo

1251 430 182 51 memoria,
1387 430 76 51 &
1418 430 243 51 intellectus,
1615 430 121 51 quia
1691 430 167 51 diuersa
1812 430 182 51 videntur
1949 430 152 51 habere
2040 430 76 51 off

1267 472 109 48 tia.
1335 472 136 48 Tertio
1431 472 218 48 distinguitur
1607 472 190 48 svnderifis
1757 472 68 48 a
1784 472 136 48 libero
1879 472 177 48 arbitrio,
2015 472 82 48 eo
2042 472 82 48 quod

1259 508 222 57 svnderisis
1434 508 111 57 sit
1497 508 238 57 determinata
1688 508 95 57 ad
1736 508 143 57 vnum,
1831 508 79 57 &
1863 508 175 57 videtur
1990 508 159 57 habere
2085 508 64 57 mo

1261 559 118 36 tum
1328 559 235 36 naturalem:
1513 559 185 36 liberum
1648 559 151 36 autem
1749 559 219 36 arbitrium
1917 559 101 36 in
1968 559 118 36 suo
2018 559 101 36 moti

1271 585 165 44 poterit
1391 585 120 44 esse
1466 585 239 44 oppositorum:
1660 585 224 44 disiunctiue
1840 585 135 44 tamen
1929 585 75 44 &
1959 585 90 44 in
2004 585 135 44 sensu
2079 585 60 44 di

1260 641 137 37 uiso.
1351 641 152 37 Quarto
1457 641 243 37 distinguitur
1655 641 152 37 ratio,
1761 641 122 37 quia
1837 641 182 37 secundum
1974 641 122 37 quod
2035 641 91 37 fer-

1260 665 106 48 tur
1320 665 91 48 in
1366 665 212 48 superiora,
1532 665 167 48 dicitur
1654 665 151 48 portio
1760 665 197 48 superior,
1911 665 182 48 secundum
2032 665 91 48 vero

1261 709 136 56 quod
1346 709 170 56 fertur
1465 709 102 56 in
1515 709 237 56 inferiora,
1702 709 187 56 dicitur
1838 709 170 56 portio
1939 709 187 56 inferior.

1256 744 157 49 Sed
1345 744 224 49 contra
1502 744 269 49 predicta
1704 744 224 49 potest
1839 744 224 49 instari.

1281 794 82 39 1
1313 794 131 39 Quia
1395 794 197 39 memorari
1543 794 180 39 videtur
1674 794 131 39 esse
1756 794 148 39 alter
1855 794 148 39 actus
1953 794 98 39 ab
1986 794 164 39 intelli-

1267 832 127 46 gere:
1352 832 113 46 ergo
1422 832 85 46 si
1465 832 184 46 potentiae
1606 832 240 46 distinguuntur
1803 832 99 46 per
1860 832 141 46 actus,
1959 832 169 46 videtur,
2072 832 42 46 u

1266 865 164 54 memoria
1386 865 75 54 &
1415 865 224 54 intellectus
1595 865 105 54 non
1654 865 134 54 solum
1744 865 119 54 sint
1818 865 179 54 diuersae
1953 865 149 54 vires,
2057 865 105 54 sed

1266 907 170 53 diuersae
1379 907 170 53 potentiae.

1280 939 75 53 2
1310 939 210 53 Praeterea,
1475 939 135 53 actus
1565 939 180 53 memoriae
1700 939 195 53 praecedit
1850 939 135 53 actum
1925 939 210 53 intellectus:

1266 986 120 45 ergo
1341 986 165 45 memoria
1461 986 180 45 realiter
1597 986 241 45 distinguitur
1792 986 90 45 ab
1837 986 226 45 intellectu.
2003 986 120 45 Conse-

1266 1020 168 51 quentia
1388 1020 138 51 patet
1480 1020 214 51 Antecedens
1648 1020 199 51 probatur,
1802 1020 122 51 quia
1878 1020 138 51 actus
1955 1020 168 51 intelligi

1268 1059 110 53 tiae
1337 1059 165 53 gignitur
1460 1059 82 53 ab
1502 1059 110 53 actu
1570 1059 178 53 memoriae,
1708 1059 124 53 sicut
1790 1059 165 53 species,
1913 1059 110 53 quae
1982 1059 96 53 est
2037 1059 82 53 in
2064 1059 69 53 in-

1269 1100 219 52 telligentia
1445 1100 175 52 gignitur
1576 1100 73 52 a
1605 1100 161 52 specle,
1722 1100 117 52 quae
1795 1100 102 52 est
1853 1100 88 52 in
1883 1100 131 52 memoria

1307 1136 218 50 Respondeo,
1479 1136 124 50 quod
1556 1136 109 50 cum
1619 1136 202 50 memorari,
1774 1136 93 50 vt
1821 1136 249 50 distinguitur
2008 1136 124 50 contra

1268 1178 253 51 intelligere,
1473 1178 110 51 non
1537 1178 110 51 sit
1600 1178 158 51 aliud,
1710 1178 126 51 quam
1789 1178 174 51 speciem
1899 1178 253 51 intelligibilem

1268 1220 237 42 conseruare,
1458 1220 79 42 &
1490 1220 142 42 eadem
1584 1220 190 42 potentia
1727 1220 158 42 possit
1838 1220 174 42 speciem
1948 1220 190 42 conseruare

1261 1259 80 49 &
1293 1259 175 49 operari
1421 1259 191 49 secundum
1564 1259 128 49 eam,
1644 1259 96 49 vt
1692 1259 144 49 patet
1787 1259 144 49 etiam
1883 1259 96 49 in
1931 1259 144 49 oculo
2010 1259 128 49 corpo-

1275 1303 134 41 rali,
1365 1303 104 41 qui
1424 1303 119 41 alio
1499 1303 119 41 modo
1573 1303 149 41 specie
1678 1303 179 41 retinet,
1812 1303 75 41 &
1842 1303 134 41 videt
1931 1303 179 41 secundum
2050 1303 75 41 cam

1266 1338 120 48 ergo
1341 1338 135 48 actus
1431 1338 180 48 memoriae
1566 1338 75 48 &
1596 1338 270 48 intelligentiae
1820 1338 105 48 non
1880 1338 165 48 arguunt
1985 1338 150 48 diuersas

1279 1377 223 52 potentias,
1454 1377 175 52 quamuis
1581 1377 159 52 aliquo
1693 1377 127 52 modo
1772 1377 175 52 arguant
1899 1377 191 52 diuersas
2027 1377 111 52 vires

1278 1415 134 49 penes
1368 1415 194 49 distincta
1517 1415 194 49 huiusmodi
1666 1415 179 49 officia.
1800 1415 119 49 Vnde
1875 1415 104 49 non
1934 1415 194 49 quaelibet
2068 1415 60 49 di

1270 1455 181 45 stinctio
1406 1455 151 45 actuum
1512 1455 151 45 arguit
1617 1455 257 45 distinctionem
1829 1455 242 45 potentiarum,
2025 1455 106 45 sed
2071 1455 60 45 so

1278 1493 89 46 um
1323 1493 207 46 distinctio
1485 1493 148 46 talium
1588 1493 162 46 actuum,
1706 1493 103 46 qui
1765 1493 207 46 eliciuntur
1927 1493 133 46 circa
2001 1493 133 46 diuersa

1272 1540 168 43 obiecta
1394 1540 183 43 secundum
1531 1540 214 43 distinctas
1699 1540 183 43 rationes
1836 1540 214 43 obiectales
1989 1540 153 43 accepta.

1307 1576 99 43 Ad
1356 1576 197 43 secundum
1504 1576 132 43 nego
1586 1576 296 43 consequentiam,
1833 1576 132 43 quia
1915 1576 148 43 eidem
1997 1576 132 43 poten-

1274 1611 124 49 tiae
1352 1611 171 49 possunt
1476 1611 202 49 competere
1632 1611 155 49 plures
1741 1611 155 49 actus,
1849 1611 155 49 quorum
1958 1611 140 49 tamen
2036 1611 93 49 vnus

1280 1646 200 46 prdinatur
1433 1646 92 46 ad
1479 1646 184 46 alterum,
1618 1646 138 46 sicut
1710 1646 230 46 imperfectus
1894 1646 92 46 ad
1940 1646 215 46 perfectum,
2094 1646 46 46 &

1282 1688 104 43 deo
1341 1688 133 43 actus
1430 1688 177 43 memoriae
1563 1688 207 43 praecedere
1726 1688 148 43 potest
1829 1688 118 43 actu
1889 1688 251 43 intelligentiae,

1281 1727 135 44 sicut
1371 1727 165 44 eiusdem
1491 1727 105 44 rei
1551 1727 135 44 actus
1641 1727 210 44 semiplenus
1805 1727 180 44 precedit
1940 1727 135 44 actum
2015 1727 120 44 plenum

1299 1770 97 42 Est
1355 1770 125 42 tamen
1438 1770 97 42 hic
1493 1770 222 42 aduertendum,
1673 1770 111 42 quod
1742 1770 166 42 secundum
1867 1770 125 42 Auic.
1950 1770 83 42 in
1992 1770 83 42 8.
2033 1770 97 42 li.
2075 1770 69 42 na-

1276 1805 176 47 turalium
1408 1805 132 47 parte
1496 1805 88 47 3.
1541 1805 88 47 In
1585 1805 132 47 parte
1673 1805 147 47 animae
1775 1805 250 47 intellectiuae
1981 1805 103 47 non
2040 1805 103 47 est
2084 1805 73 47 po-

1276 1852 150 48 nenda
1376 1852 199 48 memoria,
1526 1852 133 48 quia
1609 1852 199 48 secundum
1758 1852 116 48 eum
1825 1852 183 48 species
1958 1852 116 48 non
2007 1852 150 48 possunt

1286 1886 202 52 conseruari
1444 1886 115 52 nisi
1516 1886 86 52 in
1559 1886 130 52 parte
1646 1886 202 52 sensitiua:
1804 1886 115 52 quam
1876 1886 115 52 cito
1948 1886 115 52 enim
2005 1886 130 52 aliquis

1273 1926 153 47 desinit
1384 1926 195 47 actualiter
1537 1926 222 47 intelligere,
1718 1926 97 47 tam
1774 1926 111 47 cito
1843 1926 153 47 species
1954 1926 153 47 desinit
2052 1926 83 47 esse

1282 1964 95 51 in
1330 1964 111 51 suo
1393 1964 221 51 intellectu
1566 1964 174 51 Propter
1693 1964 126 51 quod
1772 1964 174 51 oportet
1898 1964 190 51 secundum
2024 1964 111 51 Auic-

1283 2003 91 46 si
1328 2003 152 46 iterum
1435 2003 122 46 vult
1511 2003 228 46 intelligere
1693 2003 137 46 etiam
1784 2003 152 46 eandem
1891 2003 122 46 rem,
1967 2003 122 46 quam
2028 2003 106 46 prius

1278 2047 204 47 intellexit,
1441 2047 109 47 quod
1509 2047 177 47 conuertat
1645 2047 82 47 se
1686 2047 82 47 ad
1727 2047 190 47 intellectu
1876 2047 163 47 agenten,
1999 2047 82 47 vt
2039 2047 82 47 ab
2066 2047 82 47 ipso

1279 2084 212 42 informetur.
1448 2084 99 42 Nec
1505 2084 127 42 tamen
1590 2084 85 42 ex
1632 2084 99 42 hoc
1689 2084 184 42 sequitur,
1830 2084 85 42 vt
1872 2084 99 42 ait
1929 2084 113 42 Auic
2000 2084 127 42 quoed
2070 2084 71 42 ite

1280 2122 99 43 rum
1337 2122 170 43 oporteat
1464 2122 99 43 nos
1521 2122 198 43 addiscere,
1677 2122 128 43 sicut
1762 2122 71 43 a
1790 2122 198 43 principio,
1946 2122 113 43 quia
2017 2122 85 43 ab
2045 2122 99 43 exer-

1283 2164 154 46 citio,
1391 2164 77 46 &
1421 2164 108 46 vsu
1483 2164 201 46 huiusmodi
1638 2164 247 46 conuersionis
1838 2164 93 46 ad
1885 2164 232 46 intellectum
2054 2164 93 46 agen

1278 2202 103 45 tem
1337 2202 220 45 relinquitur
1513 2202 88 45 in
1557 2202 132 45 nobis
1645 2202 161 45 quaedam
1763 2202 205 45 habilitas,
1924 2202 103 45 per
1983 2202 117 45 quam
2041 2202 103 45 faci-

1287 2241 123 43 lius
1363 2241 123 43 quis
1440 2241 199 43 conuertit
1593 2241 92 43 se
1639 2241 92 43 ad
1685 2241 138 43 ipsum
1777 2241 230 43 intellectum
1961 2241 184 43 agentem,
2084 2241 61 43 vt

1287 2281 83 50 ab
1329 2281 111 50 ipso
1398 2281 166 50 recipiat
1523 2281 153 50 species
1634 2281 208 50 esfsuentes,
1800 2281 69 50 &
1828 2281 111 50 haec
1897 2281 180 50 habilitas
2036 2281 97 50 est
2078 2281 69 50 ha-

1282 2321 151 47 bitus,
1388 2321 121 47 quem
1463 2321 166 47 vocamus
1585 2321 212 47 scientiam,
1751 2321 91 47 vt
1796 2321 166 47 videtur
1917 2321 136 47 velle
1993 2321 106 47 Auici

1288 2355 140 53 Ratio
1382 2355 140 53 autem
1475 2355 140 53 Auic.
1568 2355 171 53 videtur
1693 2355 93 53 in
1740 2355 109 53 hoc
1802 2355 233 53 consistere:
1988 2355 124 53 Quia
2051 2355 93 53 idem

1287 2403 111 46 non
1351 2403 111 46 est
1414 2403 127 46 bene
1494 2403 223 46 receptiuum
1669 2403 207 46 alicuius,
1828 2403 80 46 &
1860 2403 143 46 etiam
1939 2403 223 46 conseruatiuu

1284 2438 173 40 eiusdem,
1413 2438 130 40 sicut
1499 2438 158 40 apparet
1615 2438 86 40 in
1658 2438 130 40 aqua,
1744 2438 115 40 quae
1816 2438 144 40 quidem
1917 2438 86 40 de
1960 2438 144 40 facili
2046 2438 101 40 reci-

1287 2474 104 43 pit
1347 2474 238 43 impressionem
1540 2474 179 43 sigilli:
1674 2474 179 43 detracto
1808 2474 134 43 autem
1897 2474 164 43 sigillo
2001 2474 134 43 immedis

1279 2515 86 52 te
1322 2515 157 52 figuram
1436 2515 157 52 sigilli
1550 2515 157 52 perdit;
1664 2515 71 52 &
1693 2515 171 52 ecouerso
1821 2515 157 52 apparet
1936 2515 86 52 de
1979 2515 143 52 ferro:
2079 2515 100 52 sed

1282 2558 227 53 intellectus
1463 2558 151 53 noster
1569 2558 197 53 facillime
1721 2558 166 53 recipit
1842 2558 257 53 similitudines
2038 2558 106 53 rerum

1283 2592 77 48 &
1313 2592 123 48 ideo
1390 2592 153 48 minime
1497 2592 153 48 seruat
1605 2592 123 48 eas.
1681 2592 169 48 Differt
1804 2592 153 48 igitur
1911 2592 169 48 memoria
2018 2592 123 48 secun-

1287 2636 105 47 dum
1347 2636 226 47 intentionem
1528 2636 135 47 Auic.
1618 2636 181 47 realiter
1754 2636 90 47 ab
1799 2636 226 47 intellectu,
1979 2636 135 47 sicut
2055 2636 90 47 vir-

1286 2672 98 51 tus
1342 2672 182 51 sensitiua
1482 2672 154 51 differt
1594 2672 168 51 realiter
1720 2672 84 51 ab
1748 2672 196 51 intellectiua

1318 2708 118 57 Sed
1386 2708 152 57 istud
1487 2708 152 57 stare
1588 2708 118 57 non
1638 2708 152 57 potest.

1360 2752 124 46 Quia
1438 2752 233 46 cognitiones
1624 2752 155 46 genere
1733 2752 233 46 differentes
1919 2752 217 46 necessario
2074 2752 62 46 vi

1276 2795 157 39 dentur
1386 2795 173 39 arguere
1512 2795 189 39 memorias
1654 2795 189 39 realiter
1795 2795 252 39 differentes:
2000 2795 110 39 sed
2047 2795 94 39 cogn

1291 2832 103 45 tio
1350 2832 207 45 sensitiua,
1513 2832 74 45 &
1542 2832 177 45 cognitio
1675 2832 236 45 intellectiua
1867 2832 192 45 differunt
1999 2832 148 45 secundum

1296 2871 138 46 genus
1388 2871 246 46 cognitionum:
1588 2871 123 46 ergo
1665 2871 123 46 alia
1741 2871 123 46 erit
1818 2871 169 46 memoria
1926 2871 215 46 intellectiu-

1285 2908 73 52 &
1315 2908 118 52 alia
1373 2908 162 52 sensitiua

1296 2953 77 46 2
1326 2953 215 46 Praeterea,
1495 2953 153 46 quanto
1602 2953 153 46 aliqua
1710 2953 153 46 natura
1817 2953 107 46 est
1878 2953 199 46 firmioris
2016 2953 138 46 entita-

1282 2988 98 48 tis
1338 2988 70 48 &
1366 2988 238 48 permanentiae,
1562 2988 126 48 tanto
1646 2988 154 48 firmius
1758 2988 70 48 &
1786 2988 182 48 stabilius
1926 2988 154 48 recipit
2038 2988 140 48 illud,

1286 3030 118 50 quod
1360 3030 118 50 sibi
1433 3030 221 50 imprimitur.
1610 3030 103 50 Sed
1669 3030 147 50 virtus
1772 3030 236 50 intellectiua
1963 3030 103 50 est
2008 3030 132 50 firmio-

1292 3074 99 44 ris
1349 3074 199 44 entitatis,
1505 3074 114 44 quam
1576 3074 142 44 virtus
1675 3074 170 44 organica
1803 3074 199 44 sensitiua,
1959 3074 85 44 vt
2002 3074 85 44 de
2045 3074 85 44 se
2073 3074 71 44 pa-

1293 3106 119 50 tet:
1368 3106 119 50 ergo
1442 3106 105 50 &c.
1502 3106 134 50 Maior
1592 3106 194 50 probatur,
1741 3106 119 50 quia
1816 3106 134 50 omne,
1905 3106 119 50 quod
1980 3106 209 50 recipitur,

1300 3145 91 64 ad
1345 3145 137 64 modum
1436 3145 106 64 rei
1497 3145 228 64 recipientis
1664 3145 182 64 recipitur.
