2403 3530
219 266 119 64 ctus
293 266 238 64 praesupponit
486 266 148 64 rectam
590 266 238 64 intentionem:
783 266 104 64 sed
843 266 134 64 fides
932 266 163 64 dirigit
1036 266 59 64 in

223 327 212 41 tentionem,
390 327 91 41 vt
435 327 106 41 ait
496 327 106 41 hic
557 327 182 41 Magister
693 327 137 41 dist.
784 327 106 41 20.
845 327 121 41 &41.
921 327 121 41 ergo
982 327 121 41 nullus

221 368 139 56 actus
313 368 170 56 rectus,
437 368 108 56 nec
499 368 108 56 per
561 368 217 56 consequens
732 368 139 56 bonus
825 368 155 56 potest
918 368 170 56 procedero

231 408 89 43 ab
276 408 192 43 infideli,
423 408 103 43 seu
482 408 89 43 ab
527 408 103 43 eo,
586 408 103 43 qui
645 408 133 43 caret
719 408 103 43 fide.

262 440 72 65 3
290 440 200 65 Praeterea,
448 440 172 65 dicitur,
577 440 115 65 Sine
648 440 115 65 fide
720 440 215 65 impossibile
892 440 100 65 est
949 440 115 65 actu
1006 440 86 65 pla-

222 481 146 63 cere
295 481 109 63 Deo.

263 519 101 56 Ad
314 519 168 56 primum
432 519 219 56 dicendum,
600 519 135 56 quod
684 519 152 56 actus
785 519 236 56 infidelium
953 519 135 56 potest

228 552 208 49 dupliciter
391 552 237 49 considerari.
584 552 104 49 Vno
644 552 134 49 modo,
733 552 89 49 vt
777 552 89 49 ab
822 552 237 49 infidelitate
1000 552 89 49 pro-

239 601 121 50 cedit
319 601 202 50 causaliter,
481 601 108 50 puta
549 601 81 50 si
589 601 175 50 infidelis
724 601 135 50 vestit
818 601 135 50 nudum,
913 601 81 50 vt
953 601 121 50 idolo
1021 601 67 50 suo

222 651 179 42 placeat,
356 651 104 42 vel
416 651 89 42 vt
460 651 134 42 talem
549 651 193 42 pauperem,
698 651 104 42 cui
758 651 119 42 opus
832 651 253 42 misericordiae
1025 651 60 42 im

228 682 186 52 partitur,
370 682 86 52 ad
413 682 157 52 errorem
527 682 114 52 suae
599 682 243 52 infidelitatis
799 682 186 52 alliciat.
941 682 114 52 Alio
998 682 86 52 modo

239 722 85 49 vt
281 722 100 49 non
338 722 85 49 ab
381 722 228 49 infidelitate
566 722 185 49 procedit,
709 722 100 49 sed
766 722 85 49 ex
809 722 171 49 naturali
923 722 142 49 pietates

227 754 144 48 Primo
323 754 128 48 modo
403 754 271 48 intelligendum
626 754 112 48 est
690 754 160 48 dictum
802 754 223 48 Augustini,
977 754 80 48 &
993 754 80 48 eni

229 793 211 47 secundo
363 793 115 47 modo

272 823 103 66 Ad
323 823 207 66 secundum
479 823 224 66 dicendum,
651 823 138 66 quod
737 823 190 66 quamuis
875 823 172 66 humana
979 823 103 66 pru-

227 866 155 59 dentia
335 866 108 59 non
397 866 155 59 possit
505 866 248 59 sufficienter
706 866 186 59 dirigere
846 866 232 59 intentionem
1016 866 62 59 re

232 916 144 50 spectu
332 916 130 50 finis
419 916 259 50 supernaturalis
635 916 72 50 &
664 916 159 50 vltimi:
779 916 144 50 potest
880 916 130 50 tamen
967 916 130 50 ratio
1039 916 43 50 p

230 956 143 38 fecta
325 956 111 38 per
389 956 175 38 humanam
516 956 222 38 prudentiam
690 956 190 38 dirigere
833 956 238 38 intentionem
1008 956 79 38 re-

223 995 141 58 spectu
322 995 127 58 finis
406 995 197 58 naturalis,
561 995 70 58 &
589 995 169 58 proximi,
716 995 85 58 vt
758 995 127 58 actus
843 995 169 58 transeat
969 995 113 58 sine
1026 995 56 58 de

227 1045 174 37 merito,
354 1045 111 37 seu
417 1045 190 37 peccato,
559 1045 174 37 quamuis
685 1045 142 37 etiam
780 1045 111 37 non
843 1045 111 37 sit
890 1045 190 37 meritorium

228 1072 98 43 eo,
284 1072 112 43 quod
354 1072 169 43 eficiens
481 1072 127 43 actum
565 1072 98 43 sit
622 1072 183 43 peccator,
762 1072 70 43 &
790 1072 197 43 infidelis.

282 1109 98 57 Ad
331 1109 179 57 tertium
461 1109 211 57 dicendum,
623 1109 130 57 quod
705 1109 179 57 quamuis
835 1109 98 57 ex
884 1109 130 57 hoc,
965 1109 130 57 quod
1030 1109 65 57 in

229 1150 157 54 fidelis
343 1150 100 54 non
400 1150 142 54 placet
499 1150 114 54 Deo,
570 1150 85 54 vt
613 1150 171 54 msidelis
741 1150 114 54 est,
812 1150 114 54 benc
884 1150 228 54 concludatur,

234 1200 127 40 quod
314 1200 127 40 opus
393 1200 127 40 suum
473 1200 111 40 non
536 1200 111 40 sit
600 1200 239 40 meritorium,
791 1200 111 40 nec
854 1200 111 40 Deo
918 1200 175 40 gratum:
1029 1200 48 40 t

222 1230 126 49 men
294 1230 108 49 ex
348 1230 126 49 hoc
420 1230 126 49 non
493 1230 217 49 habetur,
655 1230 144 49 quod
745 1230 144 49 omne
835 1230 144 49 opus
926 1230 144 49 suum
998 1230 90 49 di-

232 1266 204 51 spliceat
385 1266 119 51 Deo
453 1266 220 51 intantum,
622 1266 136 51 quod
707 1266 119 51 sic
775 1266 204 51 peccatum
927 1266 85 51 &
944 1266 153 51 demeri

203 1309 165 50 torium.

333 1380 576 91 ARTICVLVS
731 1380 222 91 III

387 1470 166 80 Vtrum
497 1470 148 80 omne
590 1470 240 80 pecccatum
774 1470 129 80 sit
830 1470 92 80 vo-

561 1538 328 56 luntarium.

247 1605 214 79 SVANTVM
402 1605 117 79 ad
461 1605 214 79 quartum
616 1605 253 79 arriculum
811 1605 175 79 primo
908 1605 195 79 videndum

270 1662 96 49 en
318 1662 128 49 est,
398 1662 144 49 vtrum
495 1662 128 49 omne
575 1662 192 49 peccatum
719 1662 112 49 sit
783 1662 257 49 voluntarium.
976 1662 112 49 Secun

239 1700 109 49 do,
302 1700 141 49 vtrum
396 1700 125 49 omne
474 1700 188 49 peccatum
615 1700 109 49 sit
677 1700 94 49 in
708 1700 188 49 voluntate.

266 1733 124 53 Quo
337 1733 106 53 ad
390 1733 177 53 primum
515 1733 160 53 teneo
621 1733 284 53 conclusionem
852 1733 302 53 affirmatiuam.

274 1780 84 41 1
308 1780 134 41 Quia
392 1780 201 41 secundum
542 1780 268 41 philosophum.
760 1780 101 41 3.
810 1780 168 41 ethic.
911 1780 201 41 inuolunta-

242 1814 135 61 rium
327 1814 118 61 non
394 1814 186 61 meretur
530 1814 186 61 poenam:
665 1814 118 61 sed
733 1814 135 61 omne
817 1814 203 61 peccatum
953 1814 152 61 meretur

245 1854 181 59 poenam:
376 1854 132 59 ergo
459 1854 165 59 nullum
574 1854 198 59 peccatum
722 1854 115 59 est
788 1854 280 59 inuoluntarium
1002 1854 99 59 omni

243 1911 116 31 no,
310 1911 83 31 &
343 1911 116 31 per
410 1911 233 31 consequens
593 1911 166 31 aliquo
709 1911 133 31 modo
776 1911 216 31 voluntarium

291 1940 73 50 2
321 1940 205 50 Praeterea,
482 1940 205 50 Augustinus
643 1940 88 50 in
687 1940 132 50 libro
775 1940 88 50 de
819 1940 117 50 vera
892 1940 190 50 religione
1024 1940 73 50 ait

237 1982 134 39 quod
321 1982 134 39 omne
404 1982 200 39 peccatum
555 1982 134 39 adeo
638 1982 117 39 est
705 1982 267 39 voluntarium,
922 1982 134 39 quod
989 1982 117 39 nullo

248 2010 122 52 modo
324 2010 107 52 est
385 2010 199 52 peccatum,
538 2010 92 52 si
584 2010 107 52 non
645 2010 107 52 sit
706 2010 244 52 voluntarium.
904 2010 92 52 Et
950 2010 153 52 subdit
1042 2010 61 52 Au

239 2048 200 68 gustinus,
393 2048 123 68 quod
470 2048 108 68 hoc
531 2048 123 68 adeo
608 2048 216 68 manifestum
778 2048 123 68 est,
855 2048 123 68 quod
932 2048 139 68 nulla
1009 2048 92 68 hiho

249 2089 181 51 doctorum
385 2089 196 51 paucitas,
536 2089 136 51 nulla
627 2089 212 51 indoctorum
793 2089 136 51 turba
869 2089 196 51 dissentiat.

282 2132 103 61 Sed
341 2132 147 61 contra
444 2132 132 61 istud
531 2132 88 61 ab
575 2132 190 61 aliquibus
722 2132 176 61 instatur
839 2132 88 61 sic.

306 2174 196 52 Peccatum
453 2174 213 52 originale
616 2174 114 52 non
682 2174 114 52 est
747 2174 262 52 voluntarium:
960 2174 131 52 ergo
1025 2174 82 52 non

251 2211 136 45 omne
336 2211 204 45 peccatum
489 2211 119 45 est
557 2211 272 45 voluntarium.
777 2211 272 45 Consequentia
981 2211 119 45 patet

242 2247 195 49 Probatur
388 2247 244 49 antecedens:
584 2247 130 49 quia
665 2247 147 49 illud
763 2247 195 49 peccatum
893 2247 212 49 contrahitui

250 2293 126 48 ante
329 2293 141 48 omnem
423 2293 126 48 vsum
502 2293 157 48 liberi
596 2293 173 48 arbitrii.

290 2333 80 50 2
322 2333 223 50 Praeterea,
497 2333 127 50 quod
577 2333 111 50 est
640 2333 239 50 voluntarium
831 2333 159 50 semper
927 2333 191 50 praesuppo-

248 2358 108 59 nit
309 2358 139 59 actum
402 2358 231 59 voluntatis:
586 2358 108 59 sed
648 2358 185 59 peccatum
787 2358 216 59 omissionis
956 2358 108 59 non
1002 2358 108 59 consi

250 2407 115 60 stit
322 2407 86 60 in
365 2407 130 60 actu,
451 2407 101 60 sed
509 2407 144 60 potius
610 2407 86 60 in
653 2407 216 60 negligentia
826 2407 144 60 actus:
927 2407 115 60 ergo
999 2407 101 60 non
1042 2407 72 60 om-

255 2449 100 58 ne
305 2449 199 58 peccatum
455 2449 116 58 est
505 2449 233 58 voluntarium.

302 2480 79 60 3
334 2480 220 60 Praeterea,
507 2480 126 60 quod
586 2480 157 60 homine
696 2480 173 60 nolente
822 2480 220 60 contingit,
995 2480 110 60 hoc
1042 2480 63 60 no

249 2517 108 48 est
310 2517 246 48 voluntarium:
510 2517 108 48 sed
571 2517 200 48 Apostolus
725 2517 123 48 ait,
802 2517 108 48 Non
863 2517 123 48 quod
940 2517 123 48 volo
1001 2517 108 48 bonum

252 2568 125 46 hoc
324 2568 179 46 facio,
449 2568 125 46 sed
520 2568 143 46 quod
609 2568 143 46 nolo
698 2568 179 46 malum,
823 2568 125 46 hoc
895 2568 143 46 ago.

278 2597 81 46 4
310 2597 226 46 Praeterea,
488 2597 129 46 omne
569 2597 242 46 voluntarium
763 2597 259 46 praesupponit
956 2597 162 46 cognitio

251 2639 127 49 nem,
330 2639 111 49 sed
394 2639 143 49 multa
489 2639 174 49 peccata
615 2639 222 49 contingunt
790 2639 95 49 ex
837 2639 222 49 ignorantia
1011 2639 79 49 :
1027 2639 95 49 ergo

256 2688 201 48 saltem
397 2688 181 48 talia
517 2688 141 48 non
597 2688 181 48 erunt
718 2688 301 48 voluntaria.

270 2727 76 54 3
300 2727 213 54 Praeterea,
467 2727 137 54 multi
559 2727 137 54 sunt,
650 2727 106 54 qui
711 2727 91 54 ex
756 2727 152 54 habitu
863 2727 182 54 peccant,
999 2727 106 54 sed
1045 2727 76 54 ha-

266 2759 139 59 bitus
358 2759 108 59 non
420 2759 123 59 sunt
497 2759 92 59 in
543 2759 200 59 potestate
682 2759 123 59 nostra

302 2785 73 62 &
332 2785 204 62 Praeterea,
492 2785 146 62 illud,
594 2785 117 62 quod
667 2785 102 62 est
726 2785 160 62 praeter
842 2785 219 62 voluntatem,
1017 2785 102 62 hoc
1061 2785 73 62 non

266 2836 104 55 est
326 2836 253 55 voluntarium,;
534 2836 104 55 sed
594 2836 134 55 malum
683 2836 104 55 est
743 2836 164 55 praeter
862 2836 223 55 voluntatem,
1041 2836 89 55 vt
1070 2836 60 55 di

266 2883 135 54 citur.
360 2883 81 54 4.
400 2883 81 54 de
441 2883 81 54 di
468 2883 67 54 no-

293 2919 78 48 7
325 2919 218 48 Praeterea,
495 2919 124 48 omne
573 2919 233 48 voluntarium
760 2919 109 48 est
822 2919 93 48 in
868 2919 202 48 potestate
1008 2919 109 48 volut

270 2965 135 41 tatis,
364 2965 94 41 sed
418 2965 135 41 aliqua
512 2965 148 41 peccata
620 2965 94 41 non
674 2965 108 41 sunt
741 2965 81 41 in
781 2965 175 41 potestate
916 2965 148 41 nostra,
1024 2965 81 41 vt
1051 2965 67 41 pro

259 3005 100 54 tet
316 3005 86 54 in
359 3005 128 54 glosa
444 3005 128 54 super
530 3005 143 54 illud,
630 3005 157 54 Septies
744 3005 86 54 in
787 3005 100 54 dic
844 3005 128 54 cadit
929 3005 157 54 iustus.
1029 3005 100 54 Dicit

268 3031 116 55 enim
340 3031 130 55 glosa
427 3031 116 55 sic,
499 3031 174 55 Singulis
630 3031 145 55 diebus
731 3031 101 55 per
789 3031 246 55 necessitatem,
992 3031 101 55 vel
1035 3031 87 55 fra-

276 3084 191 51 gilitatem
423 3084 147 51 carnis
526 3084 191 51 nolentes,
673 3084 103 51 vel
732 3084 147 51 inuiti
820 3084 162 51 peccamus)

306 3116 75 50 S
336 3116 211 50 Praeterea,
502 3116 121 50 omne
578 3116 226 50 voluntarium
759 3116 151 50 vitari
864 3116 166 50 potest,
985 3116 106 50 sed
1030 3116 106 50 venia

1110 272 95 54 le
1158 272 190 54 peccatum
1300 272 111 54 non
1363 272 190 54 possumus
1505 272 174 54 vitare.
1632 272 174 54 Dicitur
1758 272 142 54 enim,
1853 272 95 54 Si
1884 272 111 54 dixe-

1114 327 166 55 rimus,
1230 327 182 55 quoniam
1363 327 199 55 peccatum
1512 327 116 55 non
1578 327 199 55 habemus,
1727 327 199 55 nosipsos
1860 327 116 55 sedu-

1123 375 142 40 cimus,
1222 375 71 40 &
1251 375 156 40 veritas
1364 375 85 40 in
1407 375 128 40 nobis
1492 375 99 40 non
1535 375 85 40 est.

1158 398 106 57 Sed
1218 398 121 57 ista
1294 398 106 57 non
1355 398 227 57 concludunt.
1536 398 121 57 Quia
1612 398 136 57 omne,
1703 398 121 57 quod
1778 398 121 57 fit,
1854 398 106 57 aut
1899 398 76 57 fit

1110 451 238 46 naturaliter,
1303 451 104 46 aut
1363 451 208 46 violenter,
1526 451 104 46 aut
1586 451 223 46 voluntarie,
1764 451 104 46 sed
1823 451 178 46 peccatum

1120 486 109 49 non
1183 486 109 49 fit
1245 486 250 49 naturaliter,
1448 486 125 49 quia
1527 486 94 49 ex
1573 486 234 49 naturalibus
1761 486 109 49 nec
1808 486 156 49 laudamur

1113 534 102 41 nec
1172 534 232 41 vituperamur,
1360 534 87 41 vt
1404 534 131 41 patet
1491 534 87 41 3.
1534 534 203 41 ethicorum:
1694 534 102 41 sed
1752 534 160 41 propter
1854 534 116 41 pecta-

1113 568 98 42 ta
1162 568 246 42 vituperandi
1359 568 164 42 sumus,
1474 568 98 42 vt
1523 568 148 42 patet
1621 568 181 42 ibidem.
1753 568 115 42 Nec
1802 568 197 42 violenter;

1111 609 136 44 quia
1196 609 204 44 peccatum
1349 609 170 44 oritur
1468 609 102 44 ab
1519 609 238 44 intrinseco
1707 609 238 44 principio,
1877 609 102 44 omne

1113 637 141 58 autem
1207 637 204 58 violentum
1364 637 157 58 oritur
1474 637 78 58 a
1505 637 204 58 principio
1662 637 235 58 extrinseco:
1850 637 125 58 ergo
1913 637 78 58 fit

1105 684 190 43 voluntarie

1134 713 92 58 Ad
1180 713 153 58 primum
1286 713 137 58 patet
1378 713 92 58 ex
1424 713 153 58 dictis
1530 713 198 58 superius,
1683 713 122 58 quod
1759 713 137 58 licet
1836 713 137 58 origina

1111 755 98 56 le
1160 755 196 56 peccatum
1307 755 114 56 non
1372 755 114 56 sit
1437 755 245 56 voluntarium
1633 755 212 56 voluntate
1796 755 147 56 huius
1878 755 98 56 homi

1116 801 122 47 nis,
1192 801 107 47 est
1253 801 137 47 tamen
1345 801 229 47 voluntarium
1528 801 199 47 voluntate
1681 801 137 47 primi
1757 801 168 47 parentis.

1151 837 101 51 Ad
1202 837 203 51 secundum
1354 837 220 51 dicendum,
1523 837 135 51 quod
1607 837 186 51 posito,
1742 837 135 51 quod
1810 837 169 51 peccatum

1113 875 217 49 omissionis
1284 875 109 49 non
1346 875 171 49 constet
1470 875 93 49 in
1517 875 140 49 actu:
1610 875 140 49 tamen
1703 875 109 49 est
1750 875 217 49 voluntarium;

1120 915 101 42 eo
1171 915 135 42 quod
1255 915 235 42 voluntarie
1440 915 135 42 homo
1524 915 185 42 omittit
1658 915 151 42 actum
1759 915 168 42 illum,
1860 915 101 42 quem

1114 957 159 47 elicere
1229 957 203 47 tenebatur,
1389 957 159 47 ratione
1505 957 130 47 cuius
1591 957 217 47 voluntariae
1765 957 203 47 omissionis
1910 957 58 47 ip

1117 996 88 43 se
1161 996 161 43 incidit
1279 996 88 43 in
1308 996 161 43 peccatum.

1153 1033 93 54 Ad
1200 1033 171 54 tertium
1324 1033 202 54 dicendum,
1479 1033 124 54 quod
1557 1033 93 54 in
1604 1033 155 54 dictis
1712 1033 186 54 Apostoli
1852 1033 109 54 ago
1898 1033 78 54 non

1111 1071 117 47 stat
1185 1071 103 47 pro
1243 1071 117 47 actu
1317 1071 220 47 simpliciter
1492 1071 176 47 elicito,
1624 1071 103 47 sed
1683 1071 103 47 pro
1742 1071 220 47 tentatione,
1903 1071 73 47 seu

1125 1114 191 45 pronitate
1272 1114 88 45 ad
1316 1114 176 45 agendum:
1448 1114 88 45 in
1492 1114 103 45 qua
1551 1114 220 45 tentatione,
1727 1114 88 45 si
1771 1114 132 45 nihil
1844 1114 132 45 penitus

1111 1153 120 50 fuit
1186 1153 90 50 de
1231 1153 224 50 voluntario,
1410 1153 120 50 tunc
1485 1153 135 50 etiam
1575 1153 135 50 nihil
1665 1153 165 50 penitus
1784 1153 120 50 erat
1859 1153 90 50 de
1889 1153 90 50 pec-

1125 1187 132 49 tato.
1213 1187 132 49 Sicut
1302 1187 132 49 patet
1390 1187 103 49 per
1449 1187 220 49 Augustinum.
1625 1187 88 49 3.
1669 1187 88 49 de
1713 1187 147 49 libero
1816 1187 132 49 arbi.
1904 1187 103 49 vbi
1948 1187 59 49 eu

1124 1226 103 50 sic
1183 1226 118 50 ait.
1257 1226 133 50 Satis
1345 1226 191 50 compertum
1492 1226 103 50 est
1551 1226 133 50 nulla
1640 1226 88 50 re
1684 1226 133 50 fieri
1772 1226 147 50 mentem
1875 1226 147 50 seruam
1964 1226 44 50 t

1125 1264 193 53 libidinis,
1277 1264 110 53 nisi
1346 1264 152 53 propria
1456 1264 193 53 voluntate.
1607 1264 83 53 Et
1649 1264 138 53 subdit
1745 1264 138 53 infra,
1842 1264 110 53 quod
1911 1264 110 53 ille
1966 1264 41 53 l

1115 1304 134 50 motus
1204 1304 208 50 voluntatis
1368 1304 104 50 est
1427 1304 164 50 similis
1546 1304 149 50 motui,
1650 1304 104 50 quo
1710 1304 134 50 lapis
1799 1304 149 50 fertur
1903 1304 119 50 deor
1962 1304 45 50 d

1114 1334 112 56 sum:
1184 1334 112 56 quia
1254 1334 126 56 sicut
1338 1334 112 56 iste
1408 1334 98 56 est
1464 1334 168 56 proprius
1589 1334 154 56 lapidi,
1701 1334 98 56 sic
1757 1334 112 56 ille
1827 1334 140 56 animo.
1925 1334 98 56 Sed
1967 1334 42 56 c

1122 1380 90 55 in
1167 1380 105 55 hoc
1227 1380 226 55 dissimilis,
1408 1380 120 55 quod
1483 1380 90 55 in
1528 1380 195 55 potestate
1678 1380 105 55 sua
1738 1380 105 55 non
1799 1380 135 55 habet
1889 1380 135 55 lapis
1964 1380 45 55 t

1113 1432 199 41 cohibere
1263 1432 166 41 motum,
1379 1432 116 41 quo
1445 1432 166 41 fertur
1562 1432 199 41 deorsum:
1711 1432 166 41 animus
1827 1432 133 41 vero
1910 1432 116 41 non
1960 1432 50 41 3

1123 1470 113 40 ita:
1193 1470 70 40 &
1221 1470 113 40 ideo
1292 1470 113 40 ille
1362 1470 127 40 motus
1446 1470 98 40 est
1503 1470 183 40 naturalis
1643 1470 155 40 lapidi,
1756 1470 127 40 animo
1840 1470 113 40 uero
1911 1470 113 40 iste
1967 1470 42 40 c

1120 1501 143 50 motus
1215 1501 111 50 est
1279 1501 254 50 uoluntarius.
1486 1501 95 50 Et
1533 1501 143 50 parum
1629 1501 143 50 infra
1724 1501 207 50 sequuntur
1883 1501 143 50 verba
1962 1501 48 50 t

1121 1549 208 46 discipuli
1281 1549 208 46 approbata
1441 1549 160 46 ibidem
1553 1549 112 46 per
1616 1549 240 46 Augustinum,
1808 1549 160 46 quibus
1904 1549 80 46 ait

1125 1583 218 45 discipulus,
1300 1583 145 45 Motus,
1402 1583 102 45 quo
1460 1583 174 45 voluntas
1591 1583 233 45 conuertitur,
1780 1583 116 45 nisi
1852 1583 131 45 esset
1925 1583 58 45 vo

1124 1616 206 51 luntarius,
1286 1616 74 51 &
1316 1616 88 51 in
1360 1616 147 51 nostra
1463 1616 162 51 positus
1581 1616 206 51 potestate,
1743 1616 133 51 neque
1817 1616 162 51 laudandus

1125 1660 151 51 neque
1226 1660 235 51 culpandus,
1411 1660 151 51 neque
1512 1660 202 51 monendus
1663 1660 134 51 homo
1747 1660 168 51 esset:
1848 1660 134 51 monen-

1120 1692 116 57 dum
1187 1692 149 57 autem
1286 1692 116 57 non
1352 1692 132 57 esse
1435 1692 182 57 hominem
1567 1692 198 57 quisquis
1716 1692 232 57 existimat,
1898 1692 99 57 de
1931 1692 66 57 ho

1127 1740 154 47 minum
1230 1740 171 47 numero
1349 1740 291 47 exterminandus
1589 1740 137 47 est.
1674 1740 103 47 Et
1725 1740 171 47 eandem
1828 1740 154 47 senten-

1130 1775 128 57 tiam
1210 1775 144 57 adhuc
1306 1775 144 57 magis
1402 1775 208 57 expressam
1562 1775 144 57 ponit
1657 1775 224 57 Augustinus
1833 1775 96 57 in
1865 1775 128 57 libro.

1134 1815 85 51 de
1176 1815 113 51 vera
1247 1815 198 51 religione,
1403 1815 85 51 vt
1445 1815 170 51 superius
1573 1815 99 51 est
1615 1815 170 51 expressum.

1168 1843 87 69 Ad
1211 1843 159 69 quartum
1327 1843 130 69 patet
1413 1843 101 69 per
1471 1843 101 69 ea,
1529 1843 116 69 quae
1601 1843 116 69 dixi
1673 1843 188 69 superius:
1818 1843 116 69 quia
1876 1843 101 69 sicut

1136 1897 208 62 ignorantia
1299 1897 208 62 affectata,
1463 1897 74 62 &
1492 1897 148 62 crassa
1596 1897 163 62 numquam
1715 1897 119 62 sunt
1789 1897 119 62 sine
1848 1897 134 62 peccato

1130 1937 107 47 sic
1191 1937 168 47 numquam
1313 1937 122 47 sunt
1389 1937 168 47 penitus
1511 1937 122 47 sine
1587 1937 229 47 voluntario,
1770 1937 91 47 eo
1815 1937 122 47 quod
1876 1937 107 47 tales

1138 1974 215 55 ignorantias
1310 1974 115 55 homo
1381 1974 143 55 posset
1482 1974 215 55 praeuenire,
1653 1974 86 55 si
1696 1974 158 55 vellet.
1811 1974 100 55 Sed
1854 1974 129 55 ignoram

1139 2004 97 52 tia
1195 2004 235 52 inuincibilis,
1388 2004 125 52 sicut
1471 2004 125 52 nihil
1555 2004 125 52 habet
1638 2004 83 52 de
1679 2004 208 52 voluntario,
1845 2004 97 52 sic
1887 2004 83 52 nihi

1125 2054 147 52 habet
1222 2054 98 52 de
1255 2054 163 52 peccato.

1184 2074 97 67 Ad
1232 2074 179 67 quintum
1362 2074 211 67 dicendum,
1525 2074 130 67 quod
1606 2074 146 67 dato,
1703 2074 130 67 quod
1784 2074 179 67 habitus
1898 2074 81 67 non

1141 2126 107 56 sit
1202 2126 199 56 immediate
1355 2126 92 56 in
1400 2126 199 56 potestate
1553 2126 168 56 nostra:
1675 2126 137 56 actus
1767 2126 137 56 tamen
1843 2126 153 56 elicitus

1146 2161 180 54 mediante
1281 2161 150 54 habitu
1386 2161 105 54 est
1446 2161 90 54 in
1491 2161 195 54 potestate
1641 2161 165 54 nostra:
1761 2161 165 54 propter
1881 2161 120 54 quod
1941 2161 60 54 il

1134 2205 102 49 li,
1193 2205 102 49 qui
1251 2205 174 49 peccant,
1381 2205 87 49 ex
1425 2205 160 49 habitu,
1541 2205 174 49 dicuntur
1672 2205 160 49 peccare
1788 2205 87 49 ex
1817 2205 174 49 electione:

1147 2248 78 46 &
1179 2248 124 46 ideo
1256 2248 155 46 multum
1365 2248 93 46 in
1411 2248 171 46 talibus
1536 2248 171 46 actibus
1660 2248 109 46 est
1722 2248 93 46 de
1769 2248 233 46 voluntario,
1939 2248 47 46 &

1150 2296 112 43 per
1214 2296 224 43 consequens
1390 2296 160 43 multum
1502 2296 96 43 de
1550 2296 192 43 peccato.
1693 2296 96 43 Et
1741 2296 144 43 dato,
1837 2296 128 43 quod
1901 2296 96 43 ali-

1134 2331 122 40 quis
1210 2331 138 40 esset
1302 2331 184 40 intantum
1440 2331 199 40 vitiosus,
1593 2331 122 40 quod
1670 2331 138 40 nullo
1761 2331 122 40 modo
1838 2331 153 40 posset
1930 2331 61 40 re

1142 2370 160 44 sistere
1259 2370 131 44 actui
1346 2370 160 44 vitioso
1462 2370 160 44 propter
1578 2370 160 44 impetum
1694 2370 160 44 habitus
1796 2370 203 44 inclinantis:

1147 2402 148 52 tamen
1245 2402 148 52 adhuc
1344 2402 197 52 peccatum
1491 2402 131 52 suum
1573 2402 181 52 dicetur
1705 2402 263 52 voluntarium,
1918 2402 82 52 &
1934 2402 66 52 im

1151 2439 193 49 putabitur
1300 2439 89 49 ei
1345 2439 89 49 ad
1389 2439 164 49 poenam,
1508 2439 89 49 eo
1553 2439 119 49 quod
1627 2439 89 49 in
1672 2439 104 49 sua
1731 2439 193 49 potestate
1865 2439 134 49 fuerint

1134 2479 122 55 illi
1210 2479 152 55 actus,
1316 2479 152 55 quibus
1423 2479 213 55 acquisiuit
1590 2479 198 55 huiusmodi
1742 2479 167 55 habitum
1848 2479 152 55 vitiosum

1137 2525 78 40 1
1169 2525 141 40 Sicut
1262 2525 125 40 enim
1341 2525 219 40 voluntarie
1513 2525 219 40 proiiciens
1685 2525 172 40 lapidem
1810 2525 94 40 ad
1841 2525 172 40 laedendum

1144 2556 193 49 hominem,
1289 2556 177 49 quamuis
1418 2556 113 49 non
1482 2556 161 49 possit
1595 2556 210 49 retrahere
1756 2556 193 49 lapidem,
1885 2556 113 49 post-

1145 2604 131 42 quam
1226 2604 147 42 ipsum
1324 2604 163 42 emisit
1439 2604 98 42 de
1488 2604 147 42 manu,
1586 2604 147 42 tamen
1684 2604 98 42 de
1733 2604 196 42 laesione
1864 2604 147 42 hominis

1139 2635 144 48 iuste
1235 2635 224 48 corrigitur
1411 2635 192 48 secundum
1555 2635 160 48 leges,
1667 2635 96 48 eo
1715 2635 128 48 quod
1795 2635 192 48 emittere
1923 2635 80 48 la-

1154 2673 136 51 pidem
1244 2673 90 51 de
1290 2673 121 51 manu
1365 2673 136 51 plene
1455 2673 121 51 fuit
1531 2673 90 51 in
1576 2673 106 51 sua
1636 2673 211 51 potestate:
1802 2673 106 51 sic
1862 2673 90 51 in
1892 2673 121 51 propo-

1145 2716 122 49 sito
1206 2716 152 49 &cetera.

1181 2746 97 57 Ad
1229 2746 162 57 sextum
1343 2746 194 57 dicendum
1488 2746 129 57 quod
1569 2746 146 57 licet
1666 2746 162 57 malum,
1779 2746 97 57 vt
1828 2746 162 57 malum,
1925 2746 81 57 sit

1165 2785 167 54 praeter
1286 2785 227 54 intentionem
1468 2785 227 54 voluntatis,
1650 2785 152 54 tamen,
1756 2785 91 54 vt
1802 2785 136 54 habet
1878 2785 136 54 aliquod

1149 2827 148 52 bonum
1247 2827 197 52 apparens
1395 2827 197 52 annexum,
1543 2827 115 52 sic
1608 2827 115 52 est
1674 2827 99 52 de
1723 2827 230 52 intentione
1888 2827 131 52 pecca-

1153 2873 136 52 tricis
1235 2873 177 52 voluntatis.

1193 2909 97 45 Ad
1241 2909 195 45 septimum
1387 2909 211 45 dicendum,
1550 2909 130 45 quod
1631 2909 146 45 glosa
1728 2909 130 45 illa
1809 2909 211 45 loquituri
1955 2909 65 45 de

1165 2941 171 51 peccatis
1293 2941 214 51 venialibus,
1464 2941 128 51 quae,
1550 2941 86 51 vt
1593 2941 200 51 communiter
1750 2941 171 51 dicitur,
1878 2941 128 51 licet
1950 2941 71 51 non

1169 2983 177 55 possimus
1302 2983 148 55 cauere
1406 2983 89 55 in
1450 2983 222 55 vniuersali,
1627 2983 133 55 tamen
1716 2983 192 55 quodlibet
1863 2983 89 55 in
1893 2983 118 55 parti-

1162 3031 156 41 culari
1272 3031 187 41 possumus
1412 3031 172 41 cauere.
1537 3031 140 41 Sicut
1630 3031 125 41 enim
1708 3031 156 41 multis
1802 3031 218 41 existentibus

1161 3061 229 59 foraminibus
1344 3061 92 59 in
1390 3061 153 59 aliqua
1496 3061 137 59 naui,
1588 3061 137 59 licet
1679 3061 122 59 homo
1756 3061 137 59 simul
1847 3061 92 59 in
1878 3061 137 59 omnibus

1158 3098 112 57 non
1222 3098 160 57 possit
1334 3098 208 57 introitum
1495 3098 144 57 aquae
1591 3098 225 57 prohibere,
1767 3098 144 57 tamen
1864 3098 96 57 in
1896 3098 128 57 quoli
