<?xml version="1.0" encoding="UTF-8"?>
<alto xmlns:xsi="http://www.w3.org/2001/XMLSchema-instance"
      xmlns="http://www.loc.gov/standards/alto/ns-v2#"
      xmlns:page="http://schema.primaresearch.org/PAGE/gts/pagecontent/2013-07-15"
      xsi:schemaLocation="http://www.loc.gov/standards/alto/ns-v2# http://www.loc.gov/standards/alto/alto.xsd">
   <Description>
      <MeasurementUnit>pixel</MeasurementUnit>
      <OCRProcessing ID="IdOcr">
         <ocrProcessingStep>
            <processingDateTime>2020-10-28T20:23:53.472-04:00</processingDateTime>
            <processingSoftware>
               <softwareCreator>READ COOP</softwareCreator>
               <softwareName>Transkribus</softwareName>
            </processingSoftware>
         </ocrProcessingStep>
      </OCRProcessing>
   </Description>
   <Tags/>
   <Layout>
      <Page ID="Page1" PHYSICAL_IMG_NR="1" HEIGHT="3521" WIDTH="2414">
         <TopMargin HEIGHT="0" WIDTH="2414" VPOS="0" HPOS="0"/>
         <LeftMargin HEIGHT="3521" WIDTH="0" VPOS="0" HPOS="0"/>
         <RightMargin HEIGHT="3521" WIDTH="0" VPOS="0" HPOS="2414"/>
         <BottomMargin HEIGHT="0" WIDTH="2414" VPOS="3521" HPOS="0"/>
         <PrintSpace HEIGHT="3521" WIDTH="2414" VPOS="0" HPOS="0">
            <TextBlock ID="TextRegion_1603039201700_2260"
                       HEIGHT="2975"
                       WIDTH="886"
                       VPOS="232"
                       HPOS="221">
               <Shape>
                  <Polygon POINTS="221,232 1102,232 1107,3090 1107,3207 221,3207"/>
               </Shape>
               <TextLine ID="r2l3"
                         BASELINE="350"
                         HEIGHT="70"
                         WIDTH="869"
                         VPOS="280"
                         HPOS="220">
                  <String HEIGHT="70"
                          WIDTH="202"
                          VPOS="280"
                          HPOS="204"
                          CONTENT="qmandoque"/>
                  <SP HEIGHT="70" WIDTH="16" VPOS="280" HPOS="406"/>
                  <String HEIGHT="70"
                          WIDTH="171"
                          VPOS="280"
                          HPOS="360"
                          CONTENT="dicitur"/>
                  <SP HEIGHT="70" WIDTH="16" VPOS="280" HPOS="530"/>
                  <String HEIGHT="70"
                          WIDTH="186"
                          VPOS="280"
                          HPOS="484"
                          CONTENT="peccatum"/>
                  <SP HEIGHT="70" WIDTH="16" VPOS="280" HPOS="670"/>
                  <String HEIGHT="70" WIDTH="93" VPOS="280" HPOS="623" CONTENT="ex"/>
                  <SP HEIGHT="70" WIDTH="16" VPOS="280" HPOS="717"/>
                  <String HEIGHT="70"
                          WIDTH="217"
                          VPOS="280"
                          HPOS="670"
                          CONTENT="electione,"/>
                  <SP HEIGHT="70" WIDTH="16" VPOS="280" HPOS="887"/>
                  <String HEIGHT="70"
                          WIDTH="202"
                          VPOS="280"
                          HPOS="841"
                          CONTENT="quandoque"/>
                  <SP HEIGHT="70" WIDTH="16" VPOS="280" HPOS="1042"/>
                  <String HEIGHT="70"
                          WIDTH="109"
                          VPOS="280"
                          HPOS="980"
                          CONTENT="pecca"/>
               </TextLine>
               <TextLine ID="r2l5"
                         BASELINE="382"
                         HEIGHT="49"
                         WIDTH="851"
                         VPOS="333"
                         HPOS="222">
                  <String HEIGHT="49" WIDTH="103" VPOS="333" HPOS="207" CONTENT="tum"/>
                  <SP HEIGHT="49" WIDTH="15" VPOS="333" HPOS="310"/>
                  <String HEIGHT="49" WIDTH="88" VPOS="333" HPOS="266" CONTENT="ex"/>
                  <SP HEIGHT="49" WIDTH="15" VPOS="333" HPOS="354"/>
                  <String HEIGHT="49"
                          WIDTH="161"
                          VPOS="333"
                          HPOS="310"
                          CONTENT="habitu,"/>
                  <SP HEIGHT="49" WIDTH="15" VPOS="333" HPOS="471"/>
                  <String HEIGHT="49" WIDTH="73" VPOS="333" HPOS="427" CONTENT="&amp;"/>
                  <SP HEIGHT="49" WIDTH="15" VPOS="333" HPOS="501"/>
                  <String HEIGHT="49"
                          WIDTH="161"
                          VPOS="333"
                          HPOS="457"
                          CONTENT="finalem"/>
                  <SP HEIGHT="49" WIDTH="15" VPOS="333" HPOS="618"/>
                  <String HEIGHT="49"
                          WIDTH="279"
                          VPOS="333"
                          HPOS="574"
                          CONTENT="impoenitentiam,"/>
                  <SP HEIGHT="49" WIDTH="15" VPOS="333" HPOS="853"/>
                  <String HEIGHT="49" WIDTH="73" VPOS="333" HPOS="809" CONTENT="&amp;"/>
                  <SP HEIGHT="49" WIDTH="15" VPOS="333" HPOS="882"/>
                  <String HEIGHT="49" WIDTH="103" VPOS="333" HPOS="838" CONTENT="sic"/>
                  <SP HEIGHT="49" WIDTH="15" VPOS="333" HPOS="941"/>
                  <String HEIGHT="49"
                          WIDTH="132"
                          VPOS="333"
                          HPOS="897"
                          CONTENT="erunt"/>
                  <SP HEIGHT="49" WIDTH="15" VPOS="333" HPOS="1029"/>
                  <String HEIGHT="49"
                          WIDTH="103"
                          VPOS="333"
                          HPOS="970"
                          CONTENT="octo."/>
               </TextLine>
               <TextLine ID="r2l7"
                         BASELINE="429"
                         HEIGHT="59"
                         WIDTH="815"
                         VPOS="370"
                         HPOS="253">
                  <String HEIGHT="59"
                          WIDTH="224"
                          VPOS="370"
                          HPOS="237"
                          CONTENT="Distinctio"/>
                  <SP HEIGHT="59" WIDTH="16" VPOS="370" HPOS="461"/>
                  <String HEIGHT="59"
                          WIDTH="144"
                          VPOS="370"
                          HPOS="413"
                          CONTENT="autem"/>
                  <SP HEIGHT="59" WIDTH="16" VPOS="370" HPOS="557"/>
                  <String HEIGHT="59"
                          WIDTH="144"
                          VPOS="370"
                          HPOS="509"
                          CONTENT="horum"/>
                  <SP HEIGHT="59" WIDTH="16" VPOS="370" HPOS="653"/>
                  <String HEIGHT="59" WIDTH="112" VPOS="370" HPOS="605" CONTENT="fic"/>
                  <SP HEIGHT="59" WIDTH="16" VPOS="370" HPOS="716"/>
                  <String HEIGHT="59"
                          WIDTH="160"
                          VPOS="370"
                          HPOS="668"
                          CONTENT="haberi"/>
                  <SP HEIGHT="59" WIDTH="16" VPOS="370" HPOS="828"/>
                  <String HEIGHT="59"
                          WIDTH="176"
                          VPOS="370"
                          HPOS="780"
                          CONTENT="potest;"/>
                  <SP HEIGHT="59" WIDTH="16" VPOS="370" HPOS="956"/>
                  <String HEIGHT="59"
                          WIDTH="128"
                          VPOS="370"
                          HPOS="908"
                          CONTENT="quia"/>
                  <SP HEIGHT="59" WIDTH="16" VPOS="370" HPOS="1036"/>
                  <String HEIGHT="59" WIDTH="96" VPOS="370" HPOS="972" CONTENT="quat"/>
               </TextLine>
               <TextLine ID="r2l9"
                         BASELINE="466"
                         HEIGHT="56"
                         WIDTH="858"
                         VPOS="410"
                         HPOS="222">
                  <String HEIGHT="56"
                          WIDTH="127"
                          VPOS="410"
                          HPOS="206"
                          CONTENT="tuor"/>
                  <SP HEIGHT="56" WIDTH="16" VPOS="410" HPOS="333"/>
                  <String HEIGHT="56"
                          WIDTH="191"
                          VPOS="410"
                          HPOS="286"
                          CONTENT="possumus"/>
                  <SP HEIGHT="56" WIDTH="16" VPOS="410" HPOS="476"/>
                  <String HEIGHT="56" WIDTH="95" VPOS="410" HPOS="429" CONTENT="in"/>
                  <SP HEIGHT="56" WIDTH="16" VPOS="410" HPOS="524"/>
                  <String HEIGHT="56"
                          WIDTH="207"
                          VPOS="410"
                          HPOS="476"
                          CONTENT="proposito"/>
                  <SP HEIGHT="56" WIDTH="16" VPOS="410" HPOS="683"/>
                  <String HEIGHT="56"
                          WIDTH="254"
                          VPOS="410"
                          HPOS="635"
                          CONTENT="considerare,"/>
                  <SP HEIGHT="56" WIDTH="16" VPOS="410" HPOS="889"/>
                  <String HEIGHT="56"
                          WIDTH="191"
                          VPOS="410"
                          HPOS="842"
                          CONTENT="scilicet"/>
                  <SP HEIGHT="56" WIDTH="16" VPOS="410" HPOS="1032"/>
                  <String HEIGHT="56"
                          WIDTH="111"
                          VPOS="410"
                          HPOS="969"
                          CONTENT="ipso"
                          SUBS_TYPE="HypPart1"
                          SUBS_CONTENT="ipsorum"/>
                  <HYP CONTENT="-"/>
               </TextLine>
               <TextLine ID="r2l11"
                         BASELINE="506"
                         HEIGHT="58"
                         WIDTH="857"
                         VPOS="448"
                         HPOS="221">
                  <String HEIGHT="58"
                          WIDTH="120"
                          VPOS="448"
                          HPOS="204"
                          CONTENT="rum"
                          SUBS_TYPE="HypPart2"
                          SUBS_CONTENT="ipsorum"/>
                  <SP HEIGHT="58" WIDTH="17" VPOS="448" HPOS="324"/>
                  <String HEIGHT="58"
                          WIDTH="240"
                          VPOS="448"
                          HPOS="272"
                          CONTENT="peccatorum"/>
                  <SP HEIGHT="58" WIDTH="17" VPOS="448" HPOS="512"/>
                  <String HEIGHT="58"
                          WIDTH="206"
                          VPOS="448"
                          HPOS="461"
                          CONTENT="medicum,"/>
                  <SP HEIGHT="58" WIDTH="17" VPOS="448" HPOS="667"/>
                  <String HEIGHT="58"
                          WIDTH="240"
                          VPOS="448"
                          HPOS="615"
                          CONTENT="medicinam,"/>
                  <SP HEIGHT="58" WIDTH="17" VPOS="448" HPOS="855"/>
                  <String HEIGHT="58"
                          WIDTH="223"
                          VPOS="448"
                          HPOS="804"
                          CONTENT="infirmum,"/>
                  <SP HEIGHT="58" WIDTH="17" VPOS="448" HPOS="1027"/>
                  <String HEIGHT="58" WIDTH="86" VPOS="448" HPOS="975" CONTENT="&amp;"/>
                  <SP HEIGHT="58" WIDTH="17" VPOS="448" HPOS="1061"/>
                  <String HEIGHT="58" WIDTH="86" VPOS="448" HPOS="992" CONTENT="in"/>
               </TextLine>
               <TextLine ID="r2l13"
                         BASELINE="532"
                         HEIGHT="48"
                         WIDTH="182"
                         VPOS="484"
                         HPOS="218">
                  <String HEIGHT="48"
                          WIDTH="215"
                          VPOS="484"
                          HPOS="185"
                          CONTENT="firmitatem."/>
               </TextLine>
               <TextLine ID="r2l16"
                         BASELINE="573"
                         HEIGHT="49"
                         WIDTH="810"
                         VPOS="524"
                         HPOS="257">
                  <String HEIGHT="49" WIDTH="113" VPOS="524" HPOS="241" CONTENT="Per"/>
                  <SP HEIGHT="49" WIDTH="16" VPOS="524" HPOS="354"/>
                  <String HEIGHT="49"
                          WIDTH="275"
                          VPOS="524"
                          HPOS="306"
                          CONTENT="comparationem"/>
                  <SP HEIGHT="49" WIDTH="16" VPOS="524" HPOS="581"/>
                  <String HEIGHT="49"
                          WIDTH="162"
                          VPOS="524"
                          HPOS="532"
                          CONTENT="igitur"/>
                  <SP HEIGHT="49" WIDTH="16" VPOS="524" HPOS="694"/>
                  <String HEIGHT="49" WIDTH="97" VPOS="524" HPOS="646" CONTENT="ad"/>
                  <SP HEIGHT="49" WIDTH="16" VPOS="524" HPOS="743"/>
                  <String HEIGHT="49"
                          WIDTH="178"
                          VPOS="524"
                          HPOS="694"
                          CONTENT="medicum"/>
                  <SP HEIGHT="49" WIDTH="16" VPOS="524" HPOS="873"/>
                  <String HEIGHT="49"
                          WIDTH="211"
                          VPOS="524"
                          HPOS="824"
                          CONTENT="accipitur"/>
                  <SP HEIGHT="49" WIDTH="16" VPOS="524" HPOS="1035"/>
                  <String HEIGHT="49"
                          WIDTH="97"
                          VPOS="524"
                          HPOS="970"
                          CONTENT="des"
                          SUBS_TYPE="HypPart1"
                          SUBS_CONTENT="desperatio,"/>
                  <HYP CONTENT="-"/>
               </TextLine>
               <TextLine ID="r2l18"
                         BASELINE="621"
                         HEIGHT="53"
                         WIDTH="842"
                         VPOS="568"
                         HPOS="234">
                  <String HEIGHT="53"
                          WIDTH="184"
                          VPOS="568"
                          HPOS="219"
                          CONTENT="peratio,"
                          SUBS_TYPE="HypPart2"
                          SUBS_CONTENT="desperatio,"/>
                  <SP HEIGHT="53" WIDTH="15" VPOS="568" HPOS="402"/>
                  <String HEIGHT="53" WIDTH="77" VPOS="568" HPOS="356" CONTENT="&amp;"/>
                  <SP HEIGHT="53" WIDTH="15" VPOS="568" HPOS="433"/>
                  <String HEIGHT="53"
                          WIDTH="245"
                          VPOS="568"
                          HPOS="387"
                          CONTENT="praesumptio:"/>
                  <SP HEIGHT="53" WIDTH="15" VPOS="568" HPOS="632"/>
                  <String HEIGHT="53" WIDTH="107" VPOS="568" HPOS="586" CONTENT="nam"/>
                  <SP HEIGHT="53" WIDTH="15" VPOS="568" HPOS="693"/>
                  <String HEIGHT="53"
                          WIDTH="153"
                          VPOS="568"
                          HPOS="647"
                          CONTENT="aliqui"/>
                  <SP HEIGHT="53" WIDTH="15" VPOS="568" HPOS="800"/>
                  <String HEIGHT="53"
                          WIDTH="138"
                          VPOS="568"
                          HPOS="755"
                          CONTENT="solum"/>
                  <SP HEIGHT="53" WIDTH="15" VPOS="568" HPOS="892"/>
                  <String HEIGHT="53"
                          WIDTH="199"
                          VPOS="568"
                          HPOS="846"
                          CONTENT="attendunt"/>
                  <SP HEIGHT="53" WIDTH="15" VPOS="568" HPOS="1045"/>
                  <String HEIGHT="53" WIDTH="92" VPOS="568" HPOS="984" CONTENT="eius"/>
               </TextLine>
               <TextLine ID="r2l20"
                         BASELINE="664"
                         HEIGHT="54"
                         WIDTH="842"
                         VPOS="610"
                         HPOS="231">
                  <String HEIGHT="54"
                          WIDTH="207"
                          VPOS="610"
                          HPOS="216"
                          CONTENT="iustitiam,"/>
                  <SP HEIGHT="54" WIDTH="15" VPOS="610" HPOS="423"/>
                  <String HEIGHT="54"
                          WIDTH="133"
                          VPOS="610"
                          HPOS="379"
                          CONTENT="nihil"/>
                  <SP HEIGHT="54" WIDTH="15" VPOS="610" HPOS="512"/>
                  <String HEIGHT="54"
                          WIDTH="207"
                          VPOS="610"
                          HPOS="467"
                          CONTENT="reputantes"/>
                  <SP HEIGHT="54" WIDTH="15" VPOS="610" HPOS="674"/>
                  <String HEIGHT="54"
                          WIDTH="118"
                          VPOS="610"
                          HPOS="630"
                          CONTENT="eius"/>
                  <SP HEIGHT="54" WIDTH="15" VPOS="610" HPOS="748"/>
                  <String HEIGHT="54"
                          WIDTH="266"
                          VPOS="610"
                          HPOS="704"
                          CONTENT="misericordiam,"/>
                  <SP HEIGHT="54" WIDTH="15" VPOS="610" HPOS="970"/>
                  <String HEIGHT="54"
                          WIDTH="133"
                          VPOS="610"
                          HPOS="925"
                          CONTENT="modo,"/>
                  <SP HEIGHT="54" WIDTH="15" VPOS="610" HPOS="1058"/>
                  <String HEIGHT="54" WIDTH="74" VPOS="610" HPOS="999" CONTENT="quo"/>
               </TextLine>
               <TextLine ID="r2l22"
                         BASELINE="696"
                         HEIGHT="51"
                         WIDTH="851"
                         VPOS="645"
                         HPOS="222">
                  <String HEIGHT="51"
                          WIDTH="139"
                          VPOS="645"
                          HPOS="207"
                          CONTENT="dixit"/>
                  <SP HEIGHT="51" WIDTH="15" VPOS="645" HPOS="346"/>
                  <String HEIGHT="51"
                          WIDTH="139"
                          VPOS="645"
                          HPOS="299"
                          CONTENT="Cavm,"/>
                  <SP HEIGHT="51" WIDTH="15" VPOS="645" HPOS="439"/>
                  <String HEIGHT="51"
                          WIDTH="139"
                          VPOS="645"
                          HPOS="392"
                          CONTENT="Maior"/>
                  <SP HEIGHT="51" WIDTH="15" VPOS="645" HPOS="531"/>
                  <String HEIGHT="51" WIDTH="108" VPOS="645" HPOS="485" CONTENT="est"/>
                  <SP HEIGHT="51" WIDTH="15" VPOS="645" HPOS="593"/>
                  <String HEIGHT="51"
                          WIDTH="201"
                          VPOS="645"
                          HPOS="547"
                          CONTENT="iniquitas"/>
                  <SP HEIGHT="51" WIDTH="15" VPOS="645" HPOS="748"/>
                  <String HEIGHT="51"
                          WIDTH="124"
                          VPOS="645"
                          HPOS="702"
                          CONTENT="mea,"/>
                  <SP HEIGHT="51" WIDTH="15" VPOS="645" HPOS="825"/>
                  <String HEIGHT="51"
                          WIDTH="124"
                          VPOS="645"
                          HPOS="779"
                          CONTENT="quam"/>
                  <SP HEIGHT="51" WIDTH="15" VPOS="645" HPOS="903"/>
                  <String HEIGHT="51" WIDTH="93" VPOS="645" HPOS="856" CONTENT="vt"/>
                  <SP HEIGHT="51" WIDTH="15" VPOS="645" HPOS="949"/>
                  <String HEIGHT="51"
                          WIDTH="155"
                          VPOS="645"
                          HPOS="903"
                          CONTENT="veniam"/>
                  <SP HEIGHT="51" WIDTH="15" VPOS="645" HPOS="1058"/>
                  <String HEIGHT="51"
                          WIDTH="77"
                          VPOS="645"
                          HPOS="996"
                          CONTENT="me"
                          SUBS_TYPE="HypPart1"
                          SUBS_CONTENT="merear."/>
                  <HYP CONTENT="-"/>
               </TextLine>
               <TextLine ID="r2l24"
                         BASELINE="734"
                         HEIGHT="44"
                         WIDTH="847"
                         VPOS="690"
                         HPOS="220">
                  <String HEIGHT="44"
                          WIDTH="139"
                          VPOS="690"
                          HPOS="205"
                          CONTENT="rear."
                          SUBS_TYPE="HypPart2"
                          SUBS_CONTENT="merear."/>
                  <SP HEIGHT="44" WIDTH="15" VPOS="690" HPOS="343"/>
                  <String HEIGHT="44" WIDTH="92" VPOS="690" HPOS="297" CONTENT="Et"/>
                  <SP HEIGHT="44" WIDTH="15" VPOS="690" HPOS="389"/>
                  <String HEIGHT="44"
                          WIDTH="139"
                          VPOS="690"
                          HPOS="343"
                          CONTENT="horum"/>
                  <SP HEIGHT="44" WIDTH="15" VPOS="690" HPOS="482"/>
                  <String HEIGHT="44"
                          WIDTH="185"
                          VPOS="690"
                          HPOS="436"
                          CONTENT="peccatum"/>
                  <SP HEIGHT="44" WIDTH="15" VPOS="690" HPOS="620"/>
                  <String HEIGHT="44" WIDTH="108" VPOS="690" HPOS="574" CONTENT="est"/>
                  <SP HEIGHT="44" WIDTH="15" VPOS="690" HPOS="682"/>
                  <String HEIGHT="44"
                          WIDTH="231"
                          VPOS="690"
                          HPOS="636"
                          CONTENT="desperatio."/>
                  <SP HEIGHT="44" WIDTH="15" VPOS="690" HPOS="867"/>
                  <String HEIGHT="44"
                          WIDTH="123"
                          VPOS="690"
                          HPOS="821"
                          CONTENT="lsti"/>
                  <SP HEIGHT="44" WIDTH="15" VPOS="690" HPOS="944"/>
                  <String HEIGHT="44"
                          WIDTH="139"
                          VPOS="690"
                          HPOS="898"
                          CONTENT="autem"/>
                  <SP HEIGHT="44" WIDTH="15" VPOS="690" HPOS="1036"/>
                  <String HEIGHT="44" WIDTH="92" VPOS="690" HPOS="975" CONTENT="sunt"/>
               </TextLine>
               <TextLine ID="r2l26"
                         BASELINE="779"
                         HEIGHT="55"
                         WIDTH="841"
                         VPOS="724"
                         HPOS="226">
                  <String HEIGHT="55"
                          WIDTH="135"
                          VPOS="724"
                          HPOS="211"
                          CONTENT="calde"/>
                  <SP HEIGHT="55" WIDTH="15" VPOS="724" HPOS="346"/>
                  <String HEIGHT="55"
                          WIDTH="180"
                          VPOS="724"
                          HPOS="301"
                          CONTENT="ingrati,"/>
                  <SP HEIGHT="55" WIDTH="15" VPOS="724" HPOS="481"/>
                  <String HEIGHT="55"
                          WIDTH="120"
                          VPOS="724"
                          HPOS="436"
                          CONTENT="quod"/>
                  <SP HEIGHT="55" WIDTH="15" VPOS="724" HPOS="556"/>
                  <String HEIGHT="55" WIDTH="105" VPOS="724" HPOS="511" CONTENT="non"/>
                  <SP HEIGHT="55" WIDTH="15" VPOS="724" HPOS="616"/>
                  <String HEIGHT="55"
                          WIDTH="210"
                          VPOS="724"
                          HPOS="571"
                          CONTENT="attendunt,"/>
                  <SP HEIGHT="55" WIDTH="15" VPOS="724" HPOS="782"/>
                  <String HEIGHT="55"
                          WIDTH="120"
                          VPOS="724"
                          HPOS="737"
                          CONTENT="quam"/>
                  <SP HEIGHT="55" WIDTH="15" VPOS="724" HPOS="857"/>
                  <String HEIGHT="55"
                          WIDTH="135"
                          VPOS="724"
                          HPOS="812"
                          CONTENT="magna"/>
                  <SP HEIGHT="55" WIDTH="15" VPOS="724" HPOS="947"/>
                  <String HEIGHT="55" WIDTH="105" VPOS="724" HPOS="902" CONTENT="Dei"/>
                  <SP HEIGHT="55" WIDTH="15" VPOS="724" HPOS="1007"/>
                  <String HEIGHT="55"
                          WIDTH="120"
                          VPOS="724"
                          HPOS="947"
                          CONTENT="miseri"/>
               </TextLine>
               <TextLine ID="r2l28"
                         BASELINE="820"
                         HEIGHT="54"
                         WIDTH="839"
                         VPOS="766"
                         HPOS="226">
                  <String HEIGHT="54"
                          WIDTH="155"
                          VPOS="766"
                          HPOS="210"
                          CONTENT="cordia"/>
                  <SP HEIGHT="54" WIDTH="16" VPOS="766" HPOS="366"/>
                  <String HEIGHT="54"
                          WIDTH="124"
                          VPOS="766"
                          HPOS="319"
                          CONTENT="est,"/>
                  <SP HEIGHT="54" WIDTH="16" VPOS="766" HPOS="444"/>
                  <String HEIGHT="54"
                          WIDTH="124"
                          VPOS="766"
                          HPOS="397"
                          CONTENT="quod"/>
                  <SP HEIGHT="54" WIDTH="16" VPOS="766" HPOS="521"/>
                  <String HEIGHT="54"
                          WIDTH="140"
                          VPOS="766"
                          HPOS="475"
                          CONTENT="etiam"/>
                  <SP HEIGHT="54" WIDTH="16" VPOS="766" HPOS="614"/>
                  <String HEIGHT="54"
                          WIDTH="124"
                          VPOS="766"
                          HPOS="568"
                          CONTENT="ipsi"/>
                  <SP HEIGHT="54" WIDTH="16" VPOS="766" HPOS="692"/>
                  <String HEIGHT="54" WIDTH="93" VPOS="766" HPOS="646" CONTENT="in"/>
                  <SP HEIGHT="54" WIDTH="16" VPOS="766" HPOS="739"/>
                  <String HEIGHT="54" WIDTH="109" VPOS="766" HPOS="692" CONTENT="hoc"/>
                  <SP HEIGHT="54" WIDTH="16" VPOS="766" HPOS="801"/>
                  <String HEIGHT="54"
                          WIDTH="140"
                          VPOS="766"
                          HPOS="754"
                          CONTENT="mundo"/>
                  <SP HEIGHT="54" WIDTH="16" VPOS="766" HPOS="894"/>
                  <String HEIGHT="54"
                          WIDTH="171"
                          VPOS="766"
                          HPOS="847"
                          CONTENT="viuunt,"/>
                  <SP HEIGHT="54" WIDTH="16" VPOS="766" HPOS="1018"/>
                  <String HEIGHT="54" WIDTH="78" VPOS="766" HPOS="972" CONTENT="&amp;"/>
                  <SP HEIGHT="54" WIDTH="16" VPOS="766" HPOS="1049"/>
                  <String HEIGHT="54" WIDTH="78" VPOS="766" HPOS="987" CONTENT="iam"/>
               </TextLine>
               <TextLine ID="r2l30"
                         BASELINE="862"
                         HEIGHT="61"
                         WIDTH="838"
                         VPOS="801"
                         HPOS="225">
                  <String HEIGHT="61" WIDTH="97" VPOS="801" HPOS="209" CONTENT="in"/>
                  <SP HEIGHT="61" WIDTH="16" VPOS="801" HPOS="306"/>
                  <String HEIGHT="61"
                          WIDTH="193"
                          VPOS="801"
                          HPOS="257"
                          CONTENT="infernum"/>
                  <SP HEIGHT="61" WIDTH="16" VPOS="801" HPOS="451"/>
                  <String HEIGHT="61" WIDTH="113" VPOS="801" HPOS="402" CONTENT="non"/>
                  <SP HEIGHT="61" WIDTH="16" VPOS="801" HPOS="515"/>
                  <String HEIGHT="61"
                          WIDTH="242"
                          VPOS="801"
                          HPOS="467"
                          CONTENT="descendunt,"/>
                  <SP HEIGHT="61" WIDTH="16" VPOS="801" HPOS="708"/>
                  <String HEIGHT="61" WIDTH="81" VPOS="801" HPOS="660" CONTENT="&amp;"/>
                  <SP HEIGHT="61" WIDTH="16" VPOS="801" HPOS="741"/>
                  <String HEIGHT="61"
                          WIDTH="129"
                          VPOS="801"
                          HPOS="692"
                          CONTENT="ideo"/>
                  <SP HEIGHT="61" WIDTH="16" VPOS="801" HPOS="821"/>
                  <String HEIGHT="61" WIDTH="113" VPOS="801" HPOS="773" CONTENT="non"/>
                  <SP HEIGHT="61" WIDTH="16" VPOS="801" HPOS="886"/>
                  <String HEIGHT="61"
                          WIDTH="193"
                          VPOS="801"
                          HPOS="837"
                          CONTENT="haberent"/>
                  <SP HEIGHT="61" WIDTH="16" VPOS="801" HPOS="1031"/>
                  <String HEIGHT="61"
                          WIDTH="97"
                          VPOS="801"
                          HPOS="966"
                          CONTENT="neg"
                          SUBS_TYPE="HypPart1"
                          SUBS_CONTENT="negre"/>
                  <HYP CONTENT="-"/>
               </TextLine>
               <TextLine ID="r2l33"
                         BASELINE="890"
                         HEIGHT="48"
                         WIDTH="854"
                         VPOS="842"
                         HPOS="219">
                  <String HEIGHT="48"
                          WIDTH="95"
                          VPOS="842"
                          HPOS="203"
                          CONTENT="re"
                          SUBS_TYPE="HypPart2"
                          SUBS_CONTENT="negre"/>
                  <SP HEIGHT="48" WIDTH="16" VPOS="842" HPOS="298"/>
                  <String HEIGHT="48"
                          WIDTH="174"
                          VPOS="842"
                          HPOS="251"
                          CONTENT="diuinam"/>
                  <SP HEIGHT="48" WIDTH="16" VPOS="842" HPOS="425"/>
                  <String HEIGHT="48"
                          WIDTH="285"
                          VPOS="842"
                          HPOS="377"
                          CONTENT="misericordiam:"/>
                  <SP HEIGHT="48" WIDTH="16" VPOS="842" HPOS="662"/>
                  <String HEIGHT="48" WIDTH="111" VPOS="842" HPOS="614" CONTENT="sed"/>
                  <SP HEIGHT="48" WIDTH="16" VPOS="842" HPOS="725"/>
                  <String HEIGHT="48"
                          WIDTH="190"
                          VPOS="842"
                          HPOS="678"
                          CONTENT="deberent"/>
                  <SP HEIGHT="48" WIDTH="16" VPOS="842" HPOS="867"/>
                  <String HEIGHT="48" WIDTH="111" VPOS="842" HPOS="820" CONTENT="eam"/>
                  <SP HEIGHT="48" WIDTH="16" VPOS="842" HPOS="931"/>
                  <String HEIGHT="48"
                          WIDTH="206"
                          VPOS="842"
                          HPOS="867"
                          CONTENT="suppliciter"/>
               </TextLine>
               <TextLine ID="r2l35"
                         BASELINE="936"
                         HEIGHT="52"
                         WIDTH="841"
                         VPOS="884"
                         HPOS="225">
                  <String HEIGHT="52"
                          WIDTH="180"
                          VPOS="884"
                          HPOS="210"
                          CONTENT="exorare."/>
                  <SP HEIGHT="52" WIDTH="15" VPOS="884" HPOS="390"/>
                  <String HEIGHT="52"
                          WIDTH="120"
                          VPOS="884"
                          HPOS="345"
                          CONTENT="Vnde"/>
                  <SP HEIGHT="52" WIDTH="15" VPOS="884" HPOS="465"/>
                  <String HEIGHT="52" WIDTH="90" VPOS="884" HPOS="420" CONTENT="de"/>
                  <SP HEIGHT="52" WIDTH="15" VPOS="884" HPOS="510"/>
                  <String HEIGHT="52"
                          WIDTH="120"
                          VPOS="884"
                          HPOS="465"
                          CONTENT="tali"/>
                  <SP HEIGHT="52" WIDTH="15" VPOS="884" HPOS="585"/>
                  <String HEIGHT="52"
                          WIDTH="255"
                          VPOS="884"
                          HPOS="540"
                          CONTENT="ingratitudine"/>
                  <SP HEIGHT="52" WIDTH="15" VPOS="884" HPOS="796"/>
                  <String HEIGHT="52"
                          WIDTH="165"
                          VPOS="884"
                          HPOS="751"
                          CONTENT="videtur"/>
                  <SP HEIGHT="52" WIDTH="15" VPOS="884" HPOS="916"/>
                  <String HEIGHT="52"
                          WIDTH="150"
                          VPOS="884"
                          HPOS="871"
                          CONTENT="dicere"/>
                  <SP HEIGHT="52" WIDTH="15" VPOS="884" HPOS="1021"/>
                  <String HEIGHT="52"
                          WIDTH="105"
                          VPOS="884"
                          HPOS="961"
                          CONTENT="bern"
                          SUBS_TYPE="HypPart1"
                          SUBS_CONTENT="berncum"/>
                  <HYP CONTENT="-"/>
               </TextLine>
               <TextLine ID="r2l37"
                         BASELINE="965"
                         HEIGHT="39"
                         WIDTH="847"
                         VPOS="926"
                         HPOS="218">
                  <String HEIGHT="39"
                          WIDTH="104"
                          VPOS="926"
                          HPOS="203"
                          CONTENT="cum"
                          SUBS_TYPE="HypPart2"
                          SUBS_CONTENT="berncum"/>
                  <SP HEIGHT="39" WIDTH="15" VPOS="926" HPOS="307"/>
                  <String HEIGHT="39"
                          WIDTH="119"
                          VPOS="926"
                          HPOS="263"
                          CONTENT="ait,"/>
                  <SP HEIGHT="39" WIDTH="15" VPOS="926" HPOS="381"/>
                  <String HEIGHT="39"
                          WIDTH="223"
                          VPOS="926"
                          HPOS="337"
                          CONTENT="Ingratitudo"/>
                  <SP HEIGHT="39" WIDTH="15" VPOS="926" HPOS="560"/>
                  <String HEIGHT="39" WIDTH="104" VPOS="926" HPOS="515" CONTENT="est"/>
                  <SP HEIGHT="39" WIDTH="15" VPOS="926" HPOS="619"/>
                  <String HEIGHT="39"
                          WIDTH="149"
                          VPOS="926"
                          HPOS="575"
                          CONTENT="ventus"/>
                  <SP HEIGHT="39" WIDTH="15" VPOS="926" HPOS="723"/>
                  <String HEIGHT="39"
                          WIDTH="149"
                          VPOS="926"
                          HPOS="679"
                          CONTENT="vrens,"/>
                  <SP HEIGHT="39" WIDTH="15" VPOS="926" HPOS="827"/>
                  <String HEIGHT="39"
                          WIDTH="163"
                          VPOS="926"
                          HPOS="783"
                          CONTENT="siceans"/>
                  <SP HEIGHT="39" WIDTH="15" VPOS="926" HPOS="946"/>
                  <String HEIGHT="39"
                          WIDTH="149"
                          VPOS="926"
                          HPOS="902"
                          CONTENT="fontem"/>
                  <SP HEIGHT="39" WIDTH="15" VPOS="926" HPOS="1050"/>
                  <String HEIGHT="39" WIDTH="74" VPOS="926" HPOS="991" CONTENT="pie"/>
               </TextLine>
               <TextLine ID="r2l39"
                         BASELINE="1015"
                         HEIGHT="50"
                         WIDTH="858"
                         VPOS="965"
                         HPOS="217">
                  <String HEIGHT="50"
                          WIDTH="141"
                          VPOS="965"
                          HPOS="203"
                          CONTENT="tatis,"/>
                  <SP HEIGHT="50" WIDTH="14" VPOS="965" HPOS="344"/>
                  <String HEIGHT="50"
                          WIDTH="141"
                          VPOS="965"
                          HPOS="301"
                          CONTENT="veniam"/>
                  <SP HEIGHT="50" WIDTH="14" VPOS="965" HPOS="442"/>
                  <String HEIGHT="50"
                          WIDTH="253"
                          VPOS="965"
                          HPOS="400"
                          CONTENT="misericordiae,"/>
                  <SP HEIGHT="50" WIDTH="14" VPOS="965" HPOS="653"/>
                  <String HEIGHT="50"
                          WIDTH="155"
                          VPOS="965"
                          HPOS="611"
                          CONTENT="fluenta"/>
                  <SP HEIGHT="50" WIDTH="14" VPOS="965" HPOS="766"/>
                  <String HEIGHT="50"
                          WIDTH="169"
                          VPOS="965"
                          HPOS="723"
                          CONTENT="gratiae."/>
                  <SP HEIGHT="50" WIDTH="14" VPOS="965" HPOS="892"/>
                  <String HEIGHT="50"
                          WIDTH="127"
                          VPOS="965"
                          HPOS="850"
                          CONTENT="Aliij"/>
                  <SP HEIGHT="50" WIDTH="14" VPOS="965" HPOS="977"/>
                  <String HEIGHT="50"
                          WIDTH="155"
                          VPOS="965"
                          HPOS="920"
                          CONTENT="attendunt"/>
               </TextLine>
               <TextLine ID="r2l41"
                         BASELINE="1049"
                         HEIGHT="51"
                         WIDTH="857"
                         VPOS="998"
                         HPOS="215">
                  <String HEIGHT="51"
                          WIDTH="146"
                          VPOS="998"
                          HPOS="199"
                          CONTENT="solum"/>
                  <SP HEIGHT="51" WIDTH="16" VPOS="998" HPOS="344"/>
                  <String HEIGHT="51" WIDTH="113" VPOS="998" HPOS="296" CONTENT="Dei"/>
                  <SP HEIGHT="51" WIDTH="16" VPOS="998" HPOS="409"/>
                  <String HEIGHT="51"
                          WIDTH="275"
                          VPOS="998"
                          HPOS="361"
                          CONTENT="misericordiam"/>
                  <SP HEIGHT="51" WIDTH="16" VPOS="998" HPOS="635"/>
                  <String HEIGHT="51" WIDTH="97" VPOS="998" HPOS="587" CONTENT="in"/>
                  <SP HEIGHT="51" WIDTH="16" VPOS="998" HPOS="684"/>
                  <String HEIGHT="51"
                          WIDTH="146"
                          VPOS="998"
                          HPOS="635"
                          CONTENT="nullo"/>
                  <SP HEIGHT="51" WIDTH="16" VPOS="998" HPOS="781"/>
                  <String HEIGHT="51"
                          WIDTH="243"
                          VPOS="998"
                          HPOS="732"
                          CONTENT="formidantes"/>
                  <SP HEIGHT="51" WIDTH="16" VPOS="998" HPOS="975"/>
                  <String HEIGHT="51"
                          WIDTH="129"
                          VPOS="998"
                          HPOS="926"
                          CONTENT="eius"/>
                  <SP HEIGHT="51" WIDTH="16" VPOS="998" HPOS="1056"/>
                  <String HEIGHT="51"
                          WIDTH="81"
                          VPOS="998"
                          HPOS="991"
                          CONTENT="iu"
                          SUBS_TYPE="HypPart1"
                          SUBS_CONTENT="iustitiam,"/>
                  <HYP CONTENT="-"/>
               </TextLine>
               <TextLine ID="r2l43"
                         BASELINE="1094"
                         HEIGHT="52"
                         WIDTH="858"
                         VPOS="1042"
                         HPOS="215">
                  <String HEIGHT="52"
                          WIDTH="187"
                          VPOS="1042"
                          HPOS="199"
                          CONTENT="stitiam,"
                          SUBS_TYPE="HypPart2"
                          SUBS_CONTENT="iustitiam,"/>
                  <SP HEIGHT="52" WIDTH="16" VPOS="1042" HPOS="387"/>
                  <String HEIGHT="52" WIDTH="78" VPOS="1042" HPOS="340" CONTENT="&amp;"/>
                  <SP HEIGHT="52" WIDTH="16" VPOS="1042" HPOS="418"/>
                  <String HEIGHT="52"
                          WIDTH="172"
                          VPOS="1042"
                          HPOS="371"
                          CONTENT="istorum"/>
                  <SP HEIGHT="52" WIDTH="16" VPOS="1042" HPOS="543"/>
                  <String HEIGHT="52"
                          WIDTH="187"
                          VPOS="1042"
                          HPOS="496"
                          CONTENT="peccatum"/>
                  <SP HEIGHT="52" WIDTH="16" VPOS="1042" HPOS="683"/>
                  <String HEIGHT="52"
                          WIDTH="109"
                          VPOS="1042"
                          HPOS="636"
                          CONTENT="est"/>
                  <SP HEIGHT="52" WIDTH="16" VPOS="1042" HPOS="745"/>
                  <String HEIGHT="52"
                          WIDTH="250"
                          VPOS="1042"
                          HPOS="699"
                          CONTENT="praesumptio:"/>
                  <SP HEIGHT="52" WIDTH="16" VPOS="1042" HPOS="948"/>
                  <String HEIGHT="52"
                          WIDTH="140"
                          VPOS="1042"
                          HPOS="901"
                          CONTENT="nimis"/>
                  <SP HEIGHT="52" WIDTH="16" VPOS="1042" HPOS="1042"/>
                  <String HEIGHT="52"
                          WIDTH="94"
                          VPOS="1042"
                          HPOS="979"
                          CONTENT="enim"/>
               </TextLine>
               <TextLine ID="r2l46"
                         BASELINE="1125"
                         HEIGHT="43"
                         WIDTH="721"
                         VPOS="1082"
                         HPOS="228">
                  <String HEIGHT="43"
                          WIDTH="206"
                          VPOS="1082"
                          HPOS="213"
                          CONTENT="praesumit,"/>
                  <SP HEIGHT="43" WIDTH="15" VPOS="1082" HPOS="419"/>
                  <String HEIGHT="43"
                          WIDTH="103"
                          VPOS="1082"
                          HPOS="375"
                          CONTENT="qui"/>
                  <SP HEIGHT="43" WIDTH="15" VPOS="1082" HPOS="478"/>
                  <String HEIGHT="43"
                          WIDTH="132"
                          VPOS="1082"
                          HPOS="434"
                          CONTENT="tanti"/>
                  <SP HEIGHT="43" WIDTH="15" VPOS="1082" HPOS="566"/>
                  <String HEIGHT="43"
                          WIDTH="132"
                          VPOS="1082"
                          HPOS="522"
                          CONTENT="regis"/>
                  <SP HEIGHT="43" WIDTH="15" VPOS="1082" HPOS="655"/>
                  <String HEIGHT="43"
                          WIDTH="191"
                          VPOS="1082"
                          HPOS="611"
                          CONTENT="iustitiam"/>
                  <SP HEIGHT="43" WIDTH="15" VPOS="1082" HPOS="802"/>
                  <String HEIGHT="43"
                          WIDTH="103"
                          VPOS="1082"
                          HPOS="758"
                          CONTENT="non"/>
                  <SP HEIGHT="43" WIDTH="15" VPOS="1082" HPOS="861"/>
                  <String HEIGHT="43"
                          WIDTH="147"
                          VPOS="1082"
                          HPOS="802"
                          CONTENT="formidat"/>
               </TextLine>
               <TextLine ID="r2l48"
                         BASELINE="1172"
                         HEIGHT="53"
                         WIDTH="813"
                         VPOS="1119"
                         HPOS="257">
                  <String HEIGHT="53"
                          WIDTH="184"
                          VPOS="1119"
                          HPOS="242"
                          CONTENT="Respectu"/>
                  <SP HEIGHT="53" WIDTH="15" VPOS="1119" HPOS="426"/>
                  <String HEIGHT="53"
                          WIDTH="215"
                          VPOS="1119"
                          HPOS="380"
                          CONTENT="medicinae,"/>
                  <SP HEIGHT="53" WIDTH="15" VPOS="1119" HPOS="594"/>
                  <String HEIGHT="53"
                          WIDTH="123"
                          VPOS="1119"
                          HPOS="548"
                          CONTENT="quae"/>
                  <SP HEIGHT="53" WIDTH="15" VPOS="1119" HPOS="671"/>
                  <String HEIGHT="53"
                          WIDTH="153"
                          VPOS="1119"
                          HPOS="625"
                          CONTENT="quidem"/>
                  <SP HEIGHT="53" WIDTH="15" VPOS="1119" HPOS="779"/>
                  <String HEIGHT="53"
                          WIDTH="184"
                          VPOS="1119"
                          HPOS="733"
                          CONTENT="medicina"/>
                  <SP HEIGHT="53" WIDTH="15" VPOS="1119" HPOS="917"/>
                  <String HEIGHT="53"
                          WIDTH="107"
                          VPOS="1119"
                          HPOS="871"
                          CONTENT="est"/>
                  <SP HEIGHT="53" WIDTH="15" VPOS="1119" HPOS="978"/>
                  <String HEIGHT="53"
                          WIDTH="138"
                          VPOS="1119"
                          HPOS="932"
                          CONTENT="fides"/>
                  <SP HEIGHT="53" WIDTH="15" VPOS="1119" HPOS="1070"/>
                  <String HEIGHT="53" WIDTH="77" VPOS="1119" HPOS="1024" CONTENT="&amp;"/>
                  <SP HEIGHT="53" WIDTH="15" VPOS="1119" HPOS="1101"/>
                  <String HEIGHT="53" WIDTH="31" VPOS="1119" HPOS="1039" CONTENT=""/>
               </TextLine>
               <TextLine ID="r2l50"
                         BASELINE="1205"
                         HEIGHT="45"
                         WIDTH="840"
                         VPOS="1160"
                         HPOS="228">
                  <String HEIGHT="45"
                          WIDTH="168"
                          VPOS="1160"
                          HPOS="213"
                          CONTENT="gratia,"/>
                  <SP HEIGHT="45" WIDTH="15" VPOS="1160" HPOS="381"/>
                  <String HEIGHT="45"
                          WIDTH="183"
                          VPOS="1160"
                          HPOS="335"
                          CONTENT="sumuntur"/>
                  <SP HEIGHT="45" WIDTH="15" VPOS="1160" HPOS="518"/>
                  <String HEIGHT="45"
                          WIDTH="122"
                          VPOS="1160"
                          HPOS="472"
                          CONTENT="alia"/>
                  <SP HEIGHT="45" WIDTH="15" VPOS="1160" HPOS="595"/>
                  <String HEIGHT="45"
                          WIDTH="122"
                          VPOS="1160"
                          HPOS="549"
                          CONTENT="duo."/>
                  <SP HEIGHT="45" WIDTH="15" VPOS="1160" HPOS="671"/>
                  <String HEIGHT="45"
                          WIDTH="107"
                          VPOS="1160"
                          HPOS="625"
                          CONTENT="Nam"/>
                  <SP HEIGHT="45" WIDTH="15" VPOS="1160" HPOS="732"/>
                  <String HEIGHT="45"
                          WIDTH="229"
                          VPOS="1160"
                          HPOS="686"
                          CONTENT="impugnantes"/>
                  <SP HEIGHT="45" WIDTH="15" VPOS="1160" HPOS="915"/>
                  <String HEIGHT="45"
                          WIDTH="137"
                          VPOS="1160"
                          HPOS="869"
                          CONTENT="fidei"/>
                  <SP HEIGHT="45" WIDTH="15" VPOS="1160" HPOS="1007"/>
                  <String HEIGHT="45"
                          WIDTH="122"
                          VPOS="1160"
                          HPOS="946"
                          CONTENT="verita"/>
               </TextLine>
               <TextLine ID="r2l52"
                         BASELINE="1245"
                         HEIGHT="42"
                         WIDTH="855"
                         VPOS="1203"
                         HPOS="218">
                  <String HEIGHT="42"
                          WIDTH="122"
                          VPOS="1203"
                          HPOS="203"
                          CONTENT="tem,"/>
                  <SP HEIGHT="42" WIDTH="15" VPOS="1203" HPOS="325"/>
                  <String HEIGHT="42" WIDTH="76" VPOS="1203" HPOS="279" CONTENT="&amp;"/>
                  <SP HEIGHT="42" WIDTH="15" VPOS="1203" HPOS="355"/>
                  <String HEIGHT="42"
                          WIDTH="214"
                          VPOS="1203"
                          HPOS="310"
                          CONTENT="inuidentes"/>
                  <SP HEIGHT="42" WIDTH="15" VPOS="1203" HPOS="523"/>
                  <String HEIGHT="42"
                          WIDTH="168"
                          VPOS="1203"
                          HPOS="478"
                          CONTENT="gratiae"/>
                  <SP HEIGHT="42" WIDTH="15" VPOS="1203" HPOS="646"/>
                  <String HEIGHT="42"
                          WIDTH="153"
                          VPOS="1203"
                          HPOS="600"
                          CONTENT="gratum"/>
                  <SP HEIGHT="42" WIDTH="15" VPOS="1203" HPOS="752"/>
                  <String HEIGHT="42"
                          WIDTH="183"
                          VPOS="1203"
                          HPOS="707"
                          CONTENT="facienti"/>
                  <SP HEIGHT="42" WIDTH="15" VPOS="1203" HPOS="890"/>
                  <String HEIGHT="42"
                          WIDTH="198"
                          VPOS="1203"
                          HPOS="844"
                          CONTENT="fratribus"/>
                  <SP HEIGHT="42" WIDTH="15" VPOS="1203" HPOS="1042"/>
                  <String HEIGHT="42"
                          WIDTH="92"
                          VPOS="1203"
                          HPOS="981"
                          CONTENT="com"
                          SUBS_TYPE="HypPart1"
                          SUBS_CONTENT="communicatae,"/>
                  <HYP CONTENT="-"/>
               </TextLine>
               <TextLine ID="r2l54"
                         BASELINE="1288"
                         HEIGHT="51"
                         WIDTH="854"
                         VPOS="1237"
                         HPOS="222">
                  <String HEIGHT="51"
                          WIDTH="221"
                          VPOS="1237"
                          HPOS="206"
                          CONTENT="municatae,"
                          SUBS_TYPE="HypPart2"
                          SUBS_CONTENT="communicatae,"/>
                  <SP HEIGHT="51" WIDTH="16" VPOS="1237" HPOS="428"/>
                  <String HEIGHT="51"
                          WIDTH="190"
                          VPOS="1237"
                          HPOS="380"
                          CONTENT="inutilem"/>
                  <SP HEIGHT="51" WIDTH="16" VPOS="1237" HPOS="570"/>
                  <String HEIGHT="51"
                          WIDTH="174"
                          VPOS="1237"
                          HPOS="522"
                          CONTENT="faciunt"/>
                  <SP HEIGHT="51" WIDTH="16" VPOS="1237" HPOS="696"/>
                  <String HEIGHT="51"
                          WIDTH="127"
                          VPOS="1237"
                          HPOS="649"
                          CONTENT="sibi"/>
                  <SP HEIGHT="51" WIDTH="16" VPOS="1237" HPOS="776"/>
                  <String HEIGHT="51"
                          WIDTH="206"
                          VPOS="1237"
                          HPOS="728"
                          CONTENT="medicinam"/>
                  <SP HEIGHT="51" WIDTH="16" VPOS="1237" HPOS="934"/>
                  <String HEIGHT="51"
                          WIDTH="158"
                          VPOS="1237"
                          HPOS="886"
                          CONTENT="suorum"/>
                  <SP HEIGHT="51" WIDTH="16" VPOS="1237" HPOS="1044"/>
                  <String HEIGHT="51"
                          WIDTH="95"
                          VPOS="1237"
                          HPOS="981"
                          CONTENT="pec"
                          SUBS_TYPE="HypPart1"
                          SUBS_CONTENT="pecratorum,"/>
                  <HYP CONTENT="-"/>
               </TextLine>
               <TextLine ID="r2l56"
                         BASELINE="1326"
                         HEIGHT="48"
                         WIDTH="575"
                         VPOS="1278"
                         HPOS="231">
                  <String HEIGHT="48"
                          WIDTH="168"
                          VPOS="1278"
                          HPOS="217"
                          CONTENT="ratorum,"
                          SUBS_TYPE="HypPart2"
                          SUBS_CONTENT="pecratorum,"/>
                  <SP HEIGHT="48" WIDTH="14" VPOS="1278" HPOS="385"/>
                  <String HEIGHT="48"
                          WIDTH="112"
                          VPOS="1278"
                          HPOS="343"
                          CONTENT="quae"/>
                  <SP HEIGHT="48" WIDTH="14" VPOS="1278" HPOS="455"/>
                  <String HEIGHT="48"
                          WIDTH="182"
                          VPOS="1278"
                          HPOS="413"
                          CONTENT="consistit"/>
                  <SP HEIGHT="48" WIDTH="14" VPOS="1278" HPOS="596"/>
                  <String HEIGHT="48" WIDTH="84" VPOS="1278" HPOS="554" CONTENT="in"/>
                  <SP HEIGHT="48" WIDTH="14" VPOS="1278" HPOS="638"/>
                  <String HEIGHT="48"
                          WIDTH="112"
                          VPOS="1278"
                          HPOS="596"
                          CONTENT="fide"/>
                  <SP HEIGHT="48" WIDTH="14" VPOS="1278" HPOS="708"/>
                  <String HEIGHT="48" WIDTH="70" VPOS="1278" HPOS="666" CONTENT="&amp;"/>
                  <SP HEIGHT="48" WIDTH="14" VPOS="1278" HPOS="736"/>
                  <String HEIGHT="48"
                          WIDTH="126"
                          VPOS="1278"
                          HPOS="680"
                          CONTENT="gratia."/>
               </TextLine>
               <TextLine ID="r2l58"
                         BASELINE="1365"
                         HEIGHT="54"
                         WIDTH="803"
                         VPOS="1311"
                         HPOS="265">
                  <String HEIGHT="54" WIDTH="83" VPOS="1311" HPOS="251" CONTENT="Ex"/>
                  <SP HEIGHT="54" WIDTH="14" VPOS="1311" HPOS="334"/>
                  <String HEIGHT="54"
                          WIDTH="125"
                          VPOS="1311"
                          HPOS="293"
                          CONTENT="parte"/>
                  <SP HEIGHT="54" WIDTH="14" VPOS="1311" HPOS="417"/>
                  <String HEIGHT="54"
                          WIDTH="111"
                          VPOS="1311"
                          HPOS="376"
                          CONTENT="vero"/>
                  <SP HEIGHT="54" WIDTH="14" VPOS="1311" HPOS="487"/>
                  <String HEIGHT="54"
                          WIDTH="166"
                          VPOS="1311"
                          HPOS="445"
                          CONTENT="infirmi,"/>
                  <SP HEIGHT="54" WIDTH="14" VPOS="1311" HPOS="611"/>
                  <String HEIGHT="54"
                          WIDTH="166"
                          VPOS="1311"
                          HPOS="570"
                          CONTENT="scilicet"/>
                  <SP HEIGHT="54" WIDTH="14" VPOS="1311" HPOS="736"/>
                  <String HEIGHT="54"
                          WIDTH="208"
                          VPOS="1311"
                          HPOS="694"
                          CONTENT="peccatoris,"/>
                  <SP HEIGHT="54" WIDTH="14" VPOS="1311" HPOS="902"/>
                  <String HEIGHT="54" WIDTH="83" VPOS="1311" HPOS="860" CONTENT="se"/>
                  <SP HEIGHT="54" WIDTH="14" VPOS="1311" HPOS="943"/>
                  <String HEIGHT="54"
                          WIDTH="138"
                          VPOS="1311"
                          HPOS="902"
                          CONTENT="tenent"/>
                  <SP HEIGHT="54" WIDTH="14" VPOS="1311" HPOS="1040"/>
                  <String HEIGHT="54"
                          WIDTH="83"
                          VPOS="1311"
                          HPOS="985"
                          CONTENT="alia"/>
               </TextLine>
               <TextLine ID="r2l60"
                         BASELINE="1403"
                         HEIGHT="45"
                         WIDTH="846"
                         VPOS="1358"
                         HPOS="219">
                  <String HEIGHT="45"
                          WIDTH="128"
                          VPOS="1358"
                          HPOS="203"
                          CONTENT="duo:"/>
                  <SP HEIGHT="45" WIDTH="16" VPOS="1358" HPOS="331"/>
                  <String HEIGHT="45"
                          WIDTH="112"
                          VPOS="1358"
                          HPOS="283"
                          CONTENT="nam"/>
                  <SP HEIGHT="45" WIDTH="16" VPOS="1358" HPOS="395"/>
                  <String HEIGHT="45"
                          WIDTH="192"
                          VPOS="1358"
                          HPOS="347"
                          CONTENT="peccator"/>
                  <SP HEIGHT="45" WIDTH="16" VPOS="1358" HPOS="538"/>
                  <String HEIGHT="45" WIDTH="96" VPOS="1358" HPOS="490" CONTENT="ex"/>
                  <SP HEIGHT="45" WIDTH="16" VPOS="1358" HPOS="586"/>
                  <String HEIGHT="45"
                          WIDTH="128"
                          VPOS="1358"
                          HPOS="538"
                          CONTENT="hoc,"/>
                  <SP HEIGHT="45" WIDTH="16" VPOS="1358" HPOS="666"/>
                  <String HEIGHT="45"
                          WIDTH="128"
                          VPOS="1358"
                          HPOS="618"
                          CONTENT="quod"/>
                  <SP HEIGHT="45" WIDTH="16" VPOS="1358" HPOS="746"/>
                  <String HEIGHT="45"
                          WIDTH="160"
                          VPOS="1358"
                          HPOS="698"
                          CONTENT="omnino"/>
                  <SP HEIGHT="45" WIDTH="16" VPOS="1358" HPOS="857"/>
                  <String HEIGHT="45"
                          WIDTH="255"
                          VPOS="1358"
                          HPOS="810"
                          CONTENT="pertinaciter"/>
                  <SP HEIGHT="45" WIDTH="16" VPOS="1358" HPOS="1065"/>
                  <String HEIGHT="45" WIDTH="64" VPOS="1358" HPOS="1001" CONTENT="se"/>
               </TextLine>
               <TextLine ID="r2l62"
                         BASELINE="1448"
                         HEIGHT="44"
                         WIDTH="849"
                         VPOS="1404"
                         HPOS="218">
                  <String HEIGHT="44"
                          WIDTH="176"
                          VPOS="1404"
                          HPOS="203"
                          CONTENT="couertit"/>
                  <SP HEIGHT="44" WIDTH="15" VPOS="1404" HPOS="379"/>
                  <String HEIGHT="44" WIDTH="88" VPOS="1404" HPOS="335" CONTENT="ad"/>
                  <SP HEIGHT="44" WIDTH="15" VPOS="1404" HPOS="423"/>
                  <String HEIGHT="44"
                          WIDTH="220"
                          VPOS="1404"
                          HPOS="379"
                          CONTENT="commutabile"/>
                  <SP HEIGHT="44" WIDTH="15" VPOS="1404" HPOS="599"/>
                  <String HEIGHT="44"
                          WIDTH="146"
                          VPOS="1404"
                          HPOS="555"
                          CONTENT="bonum,"/>
                  <SP HEIGHT="44" WIDTH="15" VPOS="1404" HPOS="701"/>
                  <String HEIGHT="44"
                          WIDTH="161"
                          VPOS="1404"
                          HPOS="657"
                          CONTENT="dicitur"/>
                  <SP HEIGHT="44" WIDTH="15" VPOS="1404" HPOS="818"/>
                  <String HEIGHT="44"
                          WIDTH="234"
                          VPOS="1404"
                          HPOS="774"
                          CONTENT="obstinatus::"/>
                  <SP HEIGHT="44" WIDTH="15" VPOS="1404" HPOS="1008"/>
                  <String HEIGHT="44"
                          WIDTH="102"
                          VPOS="1404"
                          HPOS="965"
                          CONTENT="sed"/>
                  <SP HEIGHT="44" WIDTH="15" VPOS="1404" HPOS="1067"/>
                  <String HEIGHT="44" WIDTH="59" VPOS="1404" HPOS="1008" CONTENT="ex"/>
               </TextLine>
               <TextLine ID="r2l64"
                         BASELINE="1475"
                         HEIGHT="43"
                         WIDTH="857"
                         VPOS="1432"
                         HPOS="217">
                  <String HEIGHT="43"
                          WIDTH="132"
                          VPOS="1432"
                          HPOS="201"
                          CONTENT="hoc,"/>
                  <SP HEIGHT="43" WIDTH="16" VPOS="1432" HPOS="332"/>
                  <String HEIGHT="43"
                          WIDTH="132"
                          VPOS="1432"
                          HPOS="283"
                          CONTENT="quod"/>
                  <SP HEIGHT="43" WIDTH="16" VPOS="1432" HPOS="415"/>
                  <String HEIGHT="43"
                          WIDTH="165"
                          VPOS="1432"
                          HPOS="365"
                          CONTENT="omnino"/>
                  <SP HEIGHT="43" WIDTH="16" VPOS="1432" HPOS="530"/>
                  <String HEIGHT="43"
                          WIDTH="264"
                          VPOS="1432"
                          HPOS="481"
                          CONTENT="pertinaciter"/>
                  <SP HEIGHT="43" WIDTH="16" VPOS="1432" HPOS="744"/>
                  <String HEIGHT="43" WIDTH="99" VPOS="1432" HPOS="695" CONTENT="se"/>
                  <SP HEIGHT="43" WIDTH="16" VPOS="1432" HPOS="794"/>
                  <String HEIGHT="43"
                          WIDTH="181"
                          VPOS="1432"
                          HPOS="744"
                          CONTENT="auertit"/>
                  <SP HEIGHT="43" WIDTH="16" VPOS="1432" HPOS="926"/>
                  <String HEIGHT="43" WIDTH="99" VPOS="1432" HPOS="876" CONTENT="ab"/>
                  <SP HEIGHT="43" WIDTH="16" VPOS="1432" HPOS="975"/>
                  <String HEIGHT="43"
                          WIDTH="165"
                          VPOS="1432"
                          HPOS="909"
                          CONTENT="incommu"
                          SUBS_TYPE="HypPart1"
                          SUBS_CONTENT="incommutabili"/>
                  <HYP CONTENT="-"/>
               </TextLine>
               <TextLine ID="r2l66"
                         BASELINE="1521"
                         HEIGHT="47"
                         WIDTH="842"
                         VPOS="1474"
                         HPOS="233">
                  <String HEIGHT="47"
                          WIDTH="153"
                          VPOS="1474"
                          HPOS="218"
                          CONTENT="tabili"
                          SUBS_TYPE="HypPart2"
                          SUBS_CONTENT="incommutabili"/>
                  <SP HEIGHT="47" WIDTH="15" VPOS="1474" HPOS="371"/>
                  <String HEIGHT="47"
                          WIDTH="122"
                          VPOS="1474"
                          HPOS="325"
                          CONTENT="bono"/>
                  <SP HEIGHT="47" WIDTH="15" VPOS="1474" HPOS="447"/>
                  <String HEIGHT="47"
                          WIDTH="168"
                          VPOS="1474"
                          HPOS="401"
                          CONTENT="dicitur"/>
                  <SP HEIGHT="47" WIDTH="15" VPOS="1474" HPOS="570"/>
                  <String HEIGHT="47"
                          WIDTH="230"
                          VPOS="1474"
                          HPOS="524"
                          CONTENT="impoenitens"/>
                  <SP HEIGHT="47" WIDTH="15" VPOS="1474" HPOS="754"/>
                  <String HEIGHT="47" WIDTH="77" VPOS="1474" HPOS="708" CONTENT="."/>
                  <SP HEIGHT="47" WIDTH="15" VPOS="1474" HPOS="784"/>
                  <String HEIGHT="47"
                          WIDTH="107"
                          VPOS="1474"
                          HPOS="738"
                          CONTENT="non"/>
                  <SP HEIGHT="47" WIDTH="15" VPOS="1474" HPOS="845"/>
                  <String HEIGHT="47"
                          WIDTH="153"
                          VPOS="1474"
                          HPOS="799"
                          CONTENT="habere"/>
                  <SP HEIGHT="47" WIDTH="15" VPOS="1474" HPOS="953"/>
                  <String HEIGHT="47"
                          WIDTH="184"
                          VPOS="1474"
                          HPOS="891"
                          CONTENT="propositum"/>
               </TextLine>
               <TextLine ID="r2l68"
                         BASELINE="1563"
                         HEIGHT="48"
                         WIDTH="832"
                         VPOS="1515"
                         HPOS="231">
                  <String HEIGHT="48"
                          WIDTH="235"
                          VPOS="1515"
                          HPOS="215"
                          CONTENT="poenitendi,"/>
                  <SP HEIGHT="48" WIDTH="16" VPOS="1515" HPOS="451"/>
                  <String HEIGHT="48"
                          WIDTH="110"
                          VPOS="1515"
                          HPOS="404"
                          CONTENT="quo"/>
                  <SP HEIGHT="48" WIDTH="16" VPOS="1515" HPOS="514"/>
                  <String HEIGHT="48"
                          WIDTH="157"
                          VPOS="1515"
                          HPOS="466"
                          CONTENT="possit"/>
                  <SP HEIGHT="48" WIDTH="16" VPOS="1515" HPOS="623"/>
                  <String HEIGHT="48"
                          WIDTH="157"
                          VPOS="1515"
                          HPOS="576"
                          CONTENT="redire"/>
                  <SP HEIGHT="48" WIDTH="16" VPOS="1515" HPOS="733"/>
                  <String HEIGHT="48" WIDTH="94" VPOS="1515" HPOS="686" CONTENT="ad"/>
                  <SP HEIGHT="48" WIDTH="16" VPOS="1515" HPOS="780"/>
                  <String HEIGHT="48"
                          WIDTH="204"
                          VPOS="1515"
                          HPOS="733"
                          CONTENT="huiusmodi"/>
                  <SP HEIGHT="48" WIDTH="16" VPOS="1515" HPOS="937"/>
                  <String HEIGHT="48"
                          WIDTH="188"
                          VPOS="1515"
                          HPOS="875"
                          CONTENT="incommuta"
                          SUBS_TYPE="HypPart1"
                          SUBS_CONTENT="incommutabile"/>
                  <HYP CONTENT="-"/>
               </TextLine>
               <TextLine ID="r2l69"
                         BASELINE="1593"
                         HEIGHT="41"
                         WIDTH="853"
                         VPOS="1552"
                         HPOS="216">
                  <String HEIGHT="41"
                          WIDTH="126"
                          VPOS="1552"
                          HPOS="200"
                          CONTENT="bile"
                          SUBS_TYPE="HypPart2"
                          SUBS_CONTENT="incommutabile"/>
                  <SP HEIGHT="41" WIDTH="16" VPOS="1552" HPOS="327"/>
                  <String HEIGHT="41"
                          WIDTH="158"
                          VPOS="1552"
                          HPOS="279"
                          CONTENT="bonum."/>
                  <SP HEIGHT="41" WIDTH="16" VPOS="1552" HPOS="437"/>
                  <String HEIGHT="41"
                          WIDTH="111"
                          VPOS="1552"
                          HPOS="390"
                          CONTENT="Sed"/>
                  <SP HEIGHT="41" WIDTH="16" VPOS="1552" HPOS="500"/>
                  <String HEIGHT="41" WIDTH="95" VPOS="1552" HPOS="453" CONTENT="ex"/>
                  <SP HEIGHT="41" WIDTH="16" VPOS="1552" HPOS="548"/>
                  <String HEIGHT="41"
                          WIDTH="142"
                          VPOS="1552"
                          HPOS="500"
                          CONTENT="parte"/>
                  <SP HEIGHT="41" WIDTH="16" VPOS="1552" HPOS="643"/>
                  <String HEIGHT="41"
                          WIDTH="253"
                          VPOS="1552"
                          HPOS="595"
                          CONTENT="infirmitatis"/>
                  <SP HEIGHT="41" WIDTH="16" VPOS="1552" HPOS="848"/>
                  <String HEIGHT="41" WIDTH="95" VPOS="1552" HPOS="800" CONTENT="se"/>
                  <SP HEIGHT="41" WIDTH="16" VPOS="1552" HPOS="895"/>
                  <String HEIGHT="41"
                          WIDTH="158"
                          VPOS="1552"
                          HPOS="848"
                          CONTENT="tenent"/>
                  <SP HEIGHT="41" WIDTH="16" VPOS="1552" HPOS="1006"/>
                  <String HEIGHT="41"
                          WIDTH="126"
                          VPOS="1552"
                          HPOS="943"
                          CONTENT="vltima"/>
               </TextLine>
               <TextLine ID="r2l71"
                         BASELINE="1644"
                         HEIGHT="53"
                         WIDTH="855"
                         VPOS="1591"
                         HPOS="221">
                  <String HEIGHT="53"
                          WIDTH="122"
                          VPOS="1591"
                          HPOS="206"
                          CONTENT="duo;"/>
                  <SP HEIGHT="53" WIDTH="15" VPOS="1591" HPOS="328"/>
                  <String HEIGHT="53"
                          WIDTH="107"
                          VPOS="1591"
                          HPOS="282"
                          CONTENT="nam"/>
                  <SP HEIGHT="53" WIDTH="15" VPOS="1591" HPOS="389"/>
                  <String HEIGHT="53"
                          WIDTH="183"
                          VPOS="1591"
                          HPOS="343"
                          CONTENT="peccatum"/>
                  <SP HEIGHT="53" WIDTH="15" VPOS="1591" HPOS="526"/>
                  <String HEIGHT="53" WIDTH="92" VPOS="1591" HPOS="481" CONTENT="ex"/>
                  <SP HEIGHT="53" WIDTH="15" VPOS="1591" HPOS="572"/>
                  <String HEIGHT="53"
                          WIDTH="214"
                          VPOS="1591"
                          HPOS="526"
                          CONTENT="electione,"/>
                  <SP HEIGHT="53" WIDTH="15" VPOS="1591" HPOS="740"/>
                  <String HEIGHT="53"
                          WIDTH="107"
                          VPOS="1591"
                          HPOS="694"
                          CONTENT="seu"/>
                  <SP HEIGHT="53" WIDTH="15" VPOS="1591" HPOS="801"/>
                  <String HEIGHT="53" WIDTH="92" VPOS="1591" HPOS="755" CONTENT="ex"/>
                  <SP HEIGHT="53" WIDTH="15" VPOS="1591" HPOS="847"/>
                  <String HEIGHT="53"
                          WIDTH="137"
                          VPOS="1591"
                          HPOS="801"
                          CONTENT="certa"/>
                  <SP HEIGHT="53" WIDTH="15" VPOS="1591" HPOS="939"/>
                  <String HEIGHT="53"
                          WIDTH="168"
                          VPOS="1591"
                          HPOS="893"
                          CONTENT="malitia"/>
                  <SP HEIGHT="53" WIDTH="15" VPOS="1591" HPOS="1061"/>
                  <String HEIGHT="53"
                          WIDTH="76"
                          VPOS="1591"
                          HPOS="1000"
                          CONTENT="est"/>
               </TextLine>
               <TextLine ID="r2l72"
                         BASELINE="1676"
                         HEIGHT="45"
                         WIDTH="840"
                         VPOS="1631"
                         HPOS="231">
                  <String HEIGHT="45" WIDTH="85" VPOS="1631" HPOS="217" CONTENT="ex"/>
                  <SP HEIGHT="45" WIDTH="14" VPOS="1631" HPOS="302"/>
                  <String HEIGHT="45"
                          WIDTH="142"
                          VPOS="1631"
                          HPOS="259"
                          CONTENT="habitu"/>
                  <SP HEIGHT="45" WIDTH="14" VPOS="1631" HPOS="402"/>
                  <String HEIGHT="45"
                          WIDTH="171"
                          VPOS="1631"
                          HPOS="359"
                          CONTENT="vitioso,"/>
                  <SP HEIGHT="45" WIDTH="14" VPOS="1631" HPOS="530"/>
                  <String HEIGHT="45"
                          WIDTH="100"
                          VPOS="1631"
                          HPOS="487"
                          CONTENT="qui"/>
                  <SP HEIGHT="45" WIDTH="14" VPOS="1631" HPOS="587"/>
                  <String HEIGHT="45"
                          WIDTH="100"
                          VPOS="1631"
                          HPOS="544"
                          CONTENT="est"/>
                  <SP HEIGHT="45" WIDTH="14" VPOS="1631" HPOS="644"/>
                  <String HEIGHT="45"
                          WIDTH="199"
                          VPOS="1631"
                          HPOS="601"
                          CONTENT="turpissima"/>
                  <SP HEIGHT="45" WIDTH="14" VPOS="1631" HPOS="800"/>
                  <String HEIGHT="45"
                          WIDTH="142"
                          VPOS="1631"
                          HPOS="758"
                          CONTENT="mentis"/>
                  <SP HEIGHT="45" WIDTH="14" VPOS="1631" HPOS="900"/>
                  <String HEIGHT="45"
                          WIDTH="214"
                          VPOS="1631"
                          HPOS="857"
                          CONTENT="infirmitas."/>
                  <SP HEIGHT="45" WIDTH="14" VPOS="1631" HPOS="1071"/>
                  <String HEIGHT="45" WIDTH="57" VPOS="1631" HPOS="1014" CONTENT="Fi"/>
               </TextLine>
               <TextLine ID="r2l74"
                         BASELINE="1716"
                         HEIGHT="45"
                         WIDTH="835"
                         VPOS="1671"
                         HPOS="232">
                  <String HEIGHT="45"
                          WIDTH="134"
                          VPOS="1671"
                          HPOS="217"
                          CONTENT="nalis"/>
                  <SP HEIGHT="45" WIDTH="15" VPOS="1671" HPOS="351"/>
                  <String HEIGHT="45"
                          WIDTH="134"
                          VPOS="1671"
                          HPOS="307"
                          CONTENT="autem"/>
                  <SP HEIGHT="45" WIDTH="15" VPOS="1671" HPOS="441"/>
                  <String HEIGHT="45"
                          WIDTH="253"
                          VPOS="1671"
                          HPOS="396"
                          CONTENT="impoenitentia"/>
                  <SP HEIGHT="45" WIDTH="15" VPOS="1671" HPOS="649"/>
                  <String HEIGHT="45"
                          WIDTH="104"
                          VPOS="1671"
                          HPOS="605"
                          CONTENT="est"/>
                  <SP HEIGHT="45" WIDTH="15" VPOS="1671" HPOS="709"/>
                  <String HEIGHT="45"
                          WIDTH="194"
                          VPOS="1671"
                          HPOS="664"
                          CONTENT="huiusmodi"/>
                  <SP HEIGHT="45" WIDTH="15" VPOS="1671" HPOS="858"/>
                  <String HEIGHT="45"
                          WIDTH="253"
                          VPOS="1671"
                          HPOS="814"
                          CONTENT="infirmitatis,"/>
                  <SP HEIGHT="45" WIDTH="15" VPOS="1671" HPOS="1067"/>
                  <String HEIGHT="45" WIDTH="75" VPOS="1671" HPOS="1022" CONTENT="&amp;"/>
                  <SP HEIGHT="45" WIDTH="15" VPOS="1671" HPOS="1097"/>
                  <String HEIGHT="45" WIDTH="30" VPOS="1671" HPOS="1037" CONTENT=""/>
               </TextLine>
               <TextLine ID="r2l75"
                         BASELINE="1762"
                         HEIGHT="48"
                         WIDTH="842"
                         VPOS="1714"
                         HPOS="222">
                  <String HEIGHT="48"
                          WIDTH="140"
                          VPOS="1714"
                          HPOS="206"
                          CONTENT="morbi"/>
                  <SP HEIGHT="48" WIDTH="16" VPOS="1714" HPOS="347"/>
                  <String HEIGHT="48"
                          WIDTH="218"
                          VPOS="1714"
                          HPOS="300"
                          CONTENT="cuiuslibet"/>
                  <SP HEIGHT="48" WIDTH="16" VPOS="1714" HPOS="518"/>
                  <String HEIGHT="48"
                          WIDTH="187"
                          VPOS="1714"
                          HPOS="471"
                          CONTENT="mortalis"/>
                  <SP HEIGHT="48" WIDTH="16" VPOS="1714" HPOS="659"/>
                  <String HEIGHT="48"
                          WIDTH="172"
                          VPOS="1714"
                          HPOS="612"
                          CONTENT="peccati"/>
                  <SP HEIGHT="48" WIDTH="16" VPOS="1714" HPOS="783"/>
                  <String HEIGHT="48"
                          WIDTH="203"
                          VPOS="1714"
                          HPOS="737"
                          CONTENT="maledicta"/>
                  <SP HEIGHT="48" WIDTH="16" VPOS="1714" HPOS="939"/>
                  <String HEIGHT="48"
                          WIDTH="187"
                          VPOS="1714"
                          HPOS="877"
                          CONTENT="creticatio"/>
               </TextLine>
               <TextLine ID="r2l77"
                         BASELINE="1800"
                         HEIGHT="48"
                         WIDTH="452"
                         VPOS="1752"
                         HPOS="226">
                  <String HEIGHT="48"
                          WIDTH="184"
                          VPOS="1752"
                          HPOS="209"
                          CONTENT="tendens"/>
                  <SP HEIGHT="48" WIDTH="17" VPOS="1752" HPOS="393"/>
                  <String HEIGHT="48" WIDTH="100" VPOS="1752" HPOS="343" CONTENT="in"/>
                  <SP HEIGHT="48" WIDTH="17" VPOS="1752" HPOS="444"/>
                  <String HEIGHT="48"
                          WIDTH="167"
                          VPOS="1752"
                          HPOS="393"
                          CONTENT="mortem"/>
                  <SP HEIGHT="48" WIDTH="17" VPOS="1752" HPOS="561"/>
                  <String HEIGHT="48"
                          WIDTH="184"
                          VPOS="1752"
                          HPOS="494"
                          CONTENT="aeternam."/>
               </TextLine>
               <TextLine ID="r2l80"
                         BASELINE="1833"
                         HEIGHT="44"
                         WIDTH="801"
                         VPOS="1789"
                         HPOS="269">
                  <String HEIGHT="44"
                          WIDTH="117"
                          VPOS="1789"
                          HPOS="252"
                          CONTENT="Est"/>
                  <SP HEIGHT="44" WIDTH="17" VPOS="1789" HPOS="369"/>
                  <String HEIGHT="44"
                          WIDTH="150"
                          VPOS="1789"
                          HPOS="319"
                          CONTENT="tamen"/>
                  <SP HEIGHT="44" WIDTH="17" VPOS="1789" HPOS="469"/>
                  <String HEIGHT="44"
                          WIDTH="267"
                          VPOS="1789"
                          HPOS="419"
                          CONTENT="aduertendum,"/>
                  <SP HEIGHT="44" WIDTH="17" VPOS="1789" HPOS="686"/>
                  <String HEIGHT="44"
                          WIDTH="134"
                          VPOS="1789"
                          HPOS="636"
                          CONTENT="quod"/>
                  <SP HEIGHT="44" WIDTH="17" VPOS="1789" HPOS="770"/>
                  <String HEIGHT="44"
                          WIDTH="150"
                          VPOS="1789"
                          HPOS="720"
                          CONTENT="prima"/>
                  <SP HEIGHT="44" WIDTH="17" VPOS="1789" HPOS="870"/>
                  <String HEIGHT="44"
                          WIDTH="200"
                          VPOS="1789"
                          HPOS="820"
                          CONTENT="quattuor"/>
                  <SP HEIGHT="44" WIDTH="17" VPOS="1789" HPOS="1020"/>
                  <String HEIGHT="44"
                          WIDTH="117"
                          VPOS="1789"
                          HPOS="953"
                          CONTENT="magis"/>
               </TextLine>
               <TextLine ID="r2l83"
                         BASELINE="1876"
                         HEIGHT="45"
                         WIDTH="837"
                         VPOS="1831"
                         HPOS="233">
                  <String HEIGHT="45"
                          WIDTH="167"
                          VPOS="1831"
                          HPOS="218"
                          CONTENT="proprie"/>
                  <SP HEIGHT="45" WIDTH="15" VPOS="1831" HPOS="385"/>
                  <String HEIGHT="45"
                          WIDTH="183"
                          VPOS="1831"
                          HPOS="340"
                          CONTENT="dicuntur"/>
                  <SP HEIGHT="45" WIDTH="15" VPOS="1831" HPOS="522"/>
                  <String HEIGHT="45"
                          WIDTH="122"
                          VPOS="1831"
                          HPOS="476"
                          CONTENT="esse"/>
                  <SP HEIGHT="45" WIDTH="15" VPOS="1831" HPOS="598"/>
                  <String HEIGHT="45"
                          WIDTH="183"
                          VPOS="1831"
                          HPOS="553"
                          CONTENT="peccata,"/>
                  <SP HEIGHT="45" WIDTH="15" VPOS="1831" HPOS="735"/>
                  <String HEIGHT="45"
                          WIDTH="107"
                          VPOS="1831"
                          HPOS="690"
                          CONTENT="cum"/>
                  <SP HEIGHT="45" WIDTH="15" VPOS="1831" HPOS="796"/>
                  <String HEIGHT="45"
                          WIDTH="122"
                          VPOS="1831"
                          HPOS="750"
                          CONTENT="sint"/>
                  <SP HEIGHT="45" WIDTH="15" VPOS="1831" HPOS="872"/>
                  <String HEIGHT="45"
                          WIDTH="198"
                          VPOS="1831"
                          HPOS="827"
                          CONTENT="distincta"/>
                  <SP HEIGHT="45" WIDTH="15" VPOS="1831" HPOS="1024"/>
                  <String HEIGHT="45" WIDTH="76" VPOS="1831" HPOS="979" CONTENT="&amp;"/>
                  <SP HEIGHT="45" WIDTH="15" VPOS="1831" HPOS="1055"/>
                  <String HEIGHT="45"
                          WIDTH="76"
                          VPOS="1831"
                          HPOS="994"
                          CONTENT="de"
                          SUBS_TYPE="HypPart1"
                          SUBS_CONTENT="determinata"/>
                  <HYP CONTENT="-"/>
               </TextLine>
               <TextLine ID="r2l86"
                         BASELINE="1919"
                         HEIGHT="43"
                         WIDTH="846"
                         VPOS="1876"
                         HPOS="227">
                  <String HEIGHT="43"
                          WIDTH="216"
                          VPOS="1876"
                          HPOS="210"
                          CONTENT="terminata"
                          SUBS_TYPE="HypPart2"
                          SUBS_CONTENT="determinata"/>
                  <SP HEIGHT="43" WIDTH="17" VPOS="1876" HPOS="426"/>
                  <String HEIGHT="43"
                          WIDTH="166"
                          VPOS="1876"
                          HPOS="376"
                          CONTENT="genera"/>
                  <SP HEIGHT="43" WIDTH="17" VPOS="1876" HPOS="542"/>
                  <String HEIGHT="43"
                          WIDTH="232"
                          VPOS="1876"
                          HPOS="492"
                          CONTENT="peccatorum"/>
                  <SP HEIGHT="43" WIDTH="17" VPOS="1876" HPOS="725"/>
                  <String HEIGHT="43"
                          WIDTH="199"
                          VPOS="1876"
                          HPOS="675"
                          CONTENT="secundum"/>
                  <SP HEIGHT="43" WIDTH="17" VPOS="1876" HPOS="874"/>
                  <String HEIGHT="43"
                          WIDTH="232"
                          VPOS="1876"
                          HPOS="824"
                          CONTENT="distinctam"/>
                  <SP HEIGHT="43" WIDTH="17" VPOS="1876" HPOS="1056"/>
                  <String HEIGHT="43"
                          WIDTH="83"
                          VPOS="1876"
                          HPOS="990"
                          CONTENT="ma"
                          SUBS_TYPE="HypPart1"
                          SUBS_CONTENT="materiam."/>
                  <HYP CONTENT="-"/>
               </TextLine>
               <TextLine ID="r2l88"
                         BASELINE="1954"
                         HEIGHT="49"
                         WIDTH="830"
                         VPOS="1905"
                         HPOS="231">
                  <String HEIGHT="49"
                          WIDTH="163"
                          VPOS="1905"
                          HPOS="216"
                          CONTENT="teriam."
                          SUBS_TYPE="HypPart2"
                          SUBS_CONTENT="materiam."/>
                  <SP HEIGHT="49" WIDTH="15" VPOS="1905" HPOS="379"/>
                  <String HEIGHT="49"
                          WIDTH="119"
                          VPOS="1905"
                          HPOS="335"
                          CONTENT="Alia"/>
                  <SP HEIGHT="49" WIDTH="15" VPOS="1905" HPOS="453"/>
                  <String HEIGHT="49"
                          WIDTH="119"
                          VPOS="1905"
                          HPOS="409"
                          CONTENT="vero"/>
                  <SP HEIGHT="49" WIDTH="15" VPOS="1905" HPOS="527"/>
                  <String HEIGHT="49"
                          WIDTH="133"
                          VPOS="1905"
                          HPOS="483"
                          CONTENT="magis"/>
                  <SP HEIGHT="49" WIDTH="15" VPOS="1905" HPOS="616"/>
                  <String HEIGHT="49"
                          WIDTH="163"
                          VPOS="1905"
                          HPOS="572"
                          CONTENT="proprie"/>
                  <SP HEIGHT="49" WIDTH="15" VPOS="1905" HPOS="735"/>
                  <String HEIGHT="49"
                          WIDTH="163"
                          VPOS="1905"
                          HPOS="690"
                          CONTENT="possunt"/>
                  <SP HEIGHT="49" WIDTH="15" VPOS="1905" HPOS="854"/>
                  <String HEIGHT="49"
                          WIDTH="119"
                          VPOS="1905"
                          HPOS="809"
                          CONTENT="dici"/>
                  <SP HEIGHT="49" WIDTH="15" VPOS="1905" HPOS="928"/>
                  <String HEIGHT="49"
                          WIDTH="193"
                          VPOS="1905"
                          HPOS="868"
                          CONTENT="circumstan"
                          SUBS_TYPE="HypPart1"
                          SUBS_CONTENT="circumstantiae,"/>
                  <HYP CONTENT="-"/>
               </TextLine>
               <TextLine ID="r2l90"
                         BASELINE="1989"
                         HEIGHT="41"
                         WIDTH="834"
                         VPOS="1948"
                         HPOS="233">
                  <String HEIGHT="41"
                          WIDTH="132"
                          VPOS="1948"
                          HPOS="218"
                          CONTENT="tiae,"
                          SUBS_TYPE="HypPart2"
                          SUBS_CONTENT="circumstantiae,"/>
                  <SP HEIGHT="41" WIDTH="15" VPOS="1948" HPOS="350"/>
                  <String HEIGHT="41"
                          WIDTH="102"
                          VPOS="1948"
                          HPOS="306"
                          CONTENT="vel"/>
                  <SP HEIGHT="41" WIDTH="15" VPOS="1948" HPOS="409"/>
                  <String HEIGHT="41"
                          WIDTH="176"
                          VPOS="1948"
                          HPOS="365"
                          CONTENT="sequelae"/>
                  <SP HEIGHT="41" WIDTH="15" VPOS="1948" HPOS="540"/>
                  <String HEIGHT="41"
                          WIDTH="219"
                          VPOS="1948"
                          HPOS="496"
                          CONTENT="peccatorum:"/>
                  <SP HEIGHT="41" WIDTH="15" VPOS="1948" HPOS="716"/>
                  <String HEIGHT="41"
                          WIDTH="117"
                          VPOS="1948"
                          HPOS="672"
                          CONTENT="quia"/>
                  <SP HEIGHT="41" WIDTH="15" VPOS="1948" HPOS="789"/>
                  <String HEIGHT="41"
                          WIDTH="190"
                          VPOS="1948"
                          HPOS="745"
                          CONTENT="quodlibet"/>
                  <SP HEIGHT="41" WIDTH="15" VPOS="1948" HPOS="935"/>
                  <String HEIGHT="41"
                          WIDTH="161"
                          VPOS="1948"
                          HPOS="891"
                          CONTENT="istorum"/>
                  <SP HEIGHT="41" WIDTH="15" VPOS="1948" HPOS="1052"/>
                  <String HEIGHT="41" WIDTH="73" VPOS="1948" HPOS="994" CONTENT="non"/>
               </TextLine>
               <TextLine ID="r2l92"
                         BASELINE="2033"
                         HEIGHT="49"
                         WIDTH="840"
                         VPOS="1984"
                         HPOS="227">
                  <String HEIGHT="49"
                          WIDTH="143"
                          VPOS="1984"
                          HPOS="211"
                          CONTENT="habet"/>
                  <SP HEIGHT="49" WIDTH="16" VPOS="1984" HPOS="354"/>
                  <String HEIGHT="49"
                          WIDTH="190"
                          VPOS="1984"
                          HPOS="306"
                          CONTENT="materiam"/>
                  <SP HEIGHT="49" WIDTH="16" VPOS="1984" HPOS="496"/>
                  <String HEIGHT="49"
                          WIDTH="269"
                          VPOS="1984"
                          HPOS="449"
                          CONTENT="determinatam,"/>
                  <SP HEIGHT="49" WIDTH="16" VPOS="1984" HPOS="718"/>
                  <String HEIGHT="49"
                          WIDTH="111"
                          VPOS="1984"
                          HPOS="671"
                          CONTENT="sed"/>
                  <SP HEIGHT="49" WIDTH="16" VPOS="1984" HPOS="782"/>
                  <String HEIGHT="49"
                          WIDTH="254"
                          VPOS="1984"
                          HPOS="734"
                          CONTENT="applicabilia"/>
                  <SP HEIGHT="49" WIDTH="16" VPOS="1984" HPOS="988"/>
                  <String HEIGHT="49"
                          WIDTH="127"
                          VPOS="1984"
                          HPOS="940"
                          CONTENT="sunt"/>
                  <SP HEIGHT="49" WIDTH="16" VPOS="1984" HPOS="1067"/>
                  <String HEIGHT="49" WIDTH="63" VPOS="1984" HPOS="1004" CONTENT="ad"/>
               </TextLine>
               <TextLine ID="r2l95"
                         BASELINE="2069"
                         HEIGHT="45"
                         WIDTH="841"
                         VPOS="2024"
                         HPOS="225">
                  <String HEIGHT="45"
                          WIDTH="202"
                          VPOS="2024"
                          HPOS="209"
                          CONTENT="quodlibet"/>
                  <SP HEIGHT="45" WIDTH="16" VPOS="2024" HPOS="412"/>
                  <String HEIGHT="45"
                          WIDTH="140"
                          VPOS="2024"
                          HPOS="365"
                          CONTENT="genus"/>
                  <SP HEIGHT="45" WIDTH="16" VPOS="2024" HPOS="505"/>
                  <String HEIGHT="45"
                          WIDTH="187"
                          VPOS="2024"
                          HPOS="459"
                          CONTENT="mortalis"/>
                  <SP HEIGHT="45" WIDTH="16" VPOS="2024" HPOS="646"/>
                  <String HEIGHT="45"
                          WIDTH="187"
                          VPOS="2024"
                          HPOS="599"
                          CONTENT="peccati."/>
                  <SP HEIGHT="45" WIDTH="16" VPOS="2024" HPOS="786"/>
                  <String HEIGHT="45" WIDTH="93" VPOS="2024" HPOS="739" CONTENT="In"/>
                  <SP HEIGHT="45" WIDTH="16" VPOS="2024" HPOS="832"/>
                  <String HEIGHT="45"
                          WIDTH="187"
                          VPOS="2024"
                          HPOS="786"
                          CONTENT="quolibet"/>
                  <SP HEIGHT="45" WIDTH="16" VPOS="2024" HPOS="973"/>
                  <String HEIGHT="45"
                          WIDTH="125"
                          VPOS="2024"
                          HPOS="926"
                          CONTENT="enim"/>
                  <SP HEIGHT="45" WIDTH="16" VPOS="2024" HPOS="1050"/>
                  <String HEIGHT="45"
                          WIDTH="78"
                          VPOS="2024"
                          HPOS="988"
                          CONTENT="ge"
                          SUBS_TYPE="HypPart1"
                          SUBS_CONTENT="genere"/>
                  <HYP CONTENT="-"/>
               </TextLine>
               <TextLine ID="r2l97"
                         BASELINE="2113"
                         HEIGHT="41"
                         WIDTH="842"
                         VPOS="2072"
                         HPOS="234">
                  <String HEIGHT="41"
                          WIDTH="122"
                          VPOS="2072"
                          HPOS="219"
                          CONTENT="nere"
                          SUBS_TYPE="HypPart2"
                          SUBS_CONTENT="genere"/>
                  <SP HEIGHT="41" WIDTH="15" VPOS="2072" HPOS="341"/>
                  <String HEIGHT="41"
                          WIDTH="168"
                          VPOS="2072"
                          HPOS="295"
                          CONTENT="peccati"/>
                  <SP HEIGHT="41" WIDTH="15" VPOS="2072" HPOS="464"/>
                  <String HEIGHT="41"
                          WIDTH="122"
                          VPOS="2072"
                          HPOS="418"
                          CONTENT="homo"/>
                  <SP HEIGHT="41" WIDTH="15" VPOS="2072" HPOS="540"/>
                  <String HEIGHT="41"
                          WIDTH="153"
                          VPOS="2072"
                          HPOS="494"
                          CONTENT="potest"/>
                  <SP HEIGHT="41" WIDTH="15" VPOS="2072" HPOS="647"/>
                  <String HEIGHT="41"
                          WIDTH="138"
                          VPOS="2072"
                          HPOS="601"
                          CONTENT="fieri"/>
                  <SP HEIGHT="41" WIDTH="15" VPOS="2072" HPOS="739"/>
                  <String HEIGHT="41"
                          WIDTH="230"
                          VPOS="2072"
                          HPOS="693"
                          CONTENT="obstinatus,"/>
                  <SP HEIGHT="41" WIDTH="15" VPOS="2072" HPOS="923"/>
                  <String HEIGHT="41" WIDTH="77" VPOS="2072" HPOS="877" CONTENT="&amp;"/>
                  <SP HEIGHT="41" WIDTH="15" VPOS="2072" HPOS="954"/>
                  <String HEIGHT="41"
                          WIDTH="107"
                          VPOS="2072"
                          HPOS="908"
                          CONTENT="non"/>
                  <SP HEIGHT="41" WIDTH="15" VPOS="2072" HPOS="1015"/>
                  <String HEIGHT="41"
                          WIDTH="122"
                          VPOS="2072"
                          HPOS="954"
                          CONTENT="habere"/>
               </TextLine>
               <TextLine ID="r2l100"
                         BASELINE="2150"
                         HEIGHT="45"
                         WIDTH="830"
                         VPOS="2105"
                         HPOS="235">
                  <String HEIGHT="45"
                          WIDTH="215"
                          VPOS="2105"
                          HPOS="220"
                          CONTENT="propositum"/>
                  <SP HEIGHT="45" WIDTH="15" VPOS="2105" HPOS="435"/>
                  <String HEIGHT="45"
                          WIDTH="215"
                          VPOS="2105"
                          HPOS="389"
                          CONTENT="consitendi"/>
                  <SP HEIGHT="45" WIDTH="15" VPOS="2105" HPOS="604"/>
                  <String HEIGHT="45"
                          WIDTH="108"
                          VPOS="2105"
                          HPOS="558"
                          CONTENT="vel"/>
                  <SP HEIGHT="45" WIDTH="15" VPOS="2105" HPOS="665"/>
                  <String HEIGHT="45"
                          WIDTH="231"
                          VPOS="2105"
                          HPOS="619"
                          CONTENT="poenitendi,"/>
                  <SP HEIGHT="45" WIDTH="15" VPOS="2105" HPOS="850"/>
                  <String HEIGHT="45" WIDTH="77" VPOS="2105" HPOS="804" CONTENT="&amp;"/>
                  <SP HEIGHT="45" WIDTH="15" VPOS="2105" HPOS="881"/>
                  <String HEIGHT="45"
                          WIDTH="169"
                          VPOS="2105"
                          HPOS="834"
                          CONTENT="habitum"/>
                  <SP HEIGHT="45" WIDTH="15" VPOS="2105" HPOS="1004"/>
                  <String HEIGHT="45"
                          WIDTH="123"
                          VPOS="2105"
                          HPOS="942"
                          CONTENT="vitio"
                          SUBS_TYPE="HypPart1"
                          SUBS_CONTENT="vitiosum"/>
                  <HYP CONTENT="-"/>
               </TextLine>
               <TextLine ID="r2l102"
                         BASELINE="2186"
                         HEIGHT="42"
                         WIDTH="849"
                         VPOS="2144"
                         HPOS="226">
                  <String HEIGHT="42"
                          WIDTH="104"
                          VPOS="2144"
                          HPOS="211"
                          CONTENT="sum"
                          SUBS_TYPE="HypPart2"
                          SUBS_CONTENT="vitiosum"/>
                  <SP HEIGHT="42" WIDTH="15" VPOS="2144" HPOS="315"/>
                  <String HEIGHT="42"
                          WIDTH="194"
                          VPOS="2144"
                          HPOS="271"
                          CONTENT="acquirere"/>
                  <SP HEIGHT="42" WIDTH="15" VPOS="2144" HPOS="464"/>
                  <String HEIGHT="42" WIDTH="74" VPOS="2144" HPOS="420" CONTENT="&amp;"/>
                  <SP HEIGHT="42" WIDTH="15" VPOS="2144" HPOS="494"/>
                  <String HEIGHT="42"
                          WIDTH="119"
                          VPOS="2144"
                          HPOS="449"
                          CONTENT="sine"/>
                  <SP HEIGHT="42" WIDTH="15" VPOS="2144" HPOS="569"/>
                  <String HEIGHT="42"
                          WIDTH="223"
                          VPOS="2144"
                          HPOS="524"
                          CONTENT="poenitentia"/>
                  <SP HEIGHT="42" WIDTH="15" VPOS="2144" HPOS="747"/>
                  <String HEIGHT="42"
                          WIDTH="194"
                          VPOS="2144"
                          HPOS="703"
                          CONTENT="finaliter"/>
                  <SP HEIGHT="42" WIDTH="15" VPOS="2144" HPOS="896"/>
                  <String HEIGHT="42"
                          WIDTH="134"
                          VPOS="2144"
                          HPOS="852"
                          CONTENT="mori,"/>
                  <SP HEIGHT="42" WIDTH="15" VPOS="2144" HPOS="986"/>
                  <String HEIGHT="42"
                          WIDTH="104"
                          VPOS="2144"
                          HPOS="941"
                          CONTENT="seu"/>
                  <SP HEIGHT="42" WIDTH="15" VPOS="2144" HPOS="1045"/>
                  <String HEIGHT="42"
                          WIDTH="89"
                          VPOS="2144"
                          HPOS="986"
                          CONTENT="dece"/>
               </TextLine>
               <TextLine ID="r2l104"
                         BASELINE="2236"
                         HEIGHT="53"
                         WIDTH="851"
                         VPOS="2183"
                         HPOS="229">
                  <String HEIGHT="53"
                          WIDTH="142"
                          VPOS="2183"
                          HPOS="213"
                          CONTENT="dere."/>
                  <SP HEIGHT="53" WIDTH="16" VPOS="2183" HPOS="355"/>
                  <String HEIGHT="53" WIDTH="95" VPOS="2183" HPOS="308" CONTENT="Et"/>
                  <SP HEIGHT="53" WIDTH="16" VPOS="2183" HPOS="402"/>
                  <String HEIGHT="53"
                          WIDTH="126"
                          VPOS="2183"
                          HPOS="355"
                          CONTENT="ideo"/>
                  <SP HEIGHT="53" WIDTH="16" VPOS="2183" HPOS="481"/>
                  <String HEIGHT="53"
                          WIDTH="110"
                          VPOS="2183"
                          HPOS="434"
                          CONTENT="quo"/>
                  <SP HEIGHT="53" WIDTH="16" VPOS="2183" HPOS="544"/>
                  <String HEIGHT="53" WIDTH="95" VPOS="2183" HPOS="497" CONTENT="ad"/>
                  <SP HEIGHT="53" WIDTH="16" VPOS="2183" HPOS="591"/>
                  <String HEIGHT="53"
                          WIDTH="110"
                          VPOS="2183"
                          HPOS="544"
                          CONTENT="hoc"/>
                  <SP HEIGHT="53" WIDTH="16" VPOS="2183" HPOS="655"/>
                  <String HEIGHT="53"
                          WIDTH="142"
                          VPOS="2183"
                          HPOS="607"
                          CONTENT="magis"/>
                  <SP HEIGHT="53" WIDTH="16" VPOS="2183" HPOS="749"/>
                  <String HEIGHT="53"
                          WIDTH="205"
                          VPOS="2183"
                          HPOS="702"
                          CONTENT="approbabo"/>
                  <SP HEIGHT="53" WIDTH="16" VPOS="2183" HPOS="907"/>
                  <String HEIGHT="53"
                          WIDTH="221"
                          VPOS="2183"
                          HPOS="859"
                          CONTENT="sententiam"/>
                  <SP HEIGHT="53" WIDTH="16" VPOS="2183" HPOS="1080"/>
                  <String HEIGHT="53" WIDTH="63" VPOS="2183" HPOS="1017" CONTENT="il"/>
               </TextLine>
               <TextLine ID="r2l106"
                         BASELINE="2264"
                         HEIGHT="42"
                         WIDTH="850"
                         VPOS="2222"
                         HPOS="223">
                  <String HEIGHT="42"
                          WIDTH="142"
                          VPOS="2222"
                          HPOS="207"
                          CONTENT="lorum"/>
                  <SP HEIGHT="42" WIDTH="16" VPOS="2222" HPOS="349"/>
                  <String HEIGHT="42"
                          WIDTH="205"
                          VPOS="2222"
                          HPOS="302"
                          CONTENT="doctorum,"/>
                  <SP HEIGHT="42" WIDTH="16" VPOS="2222" HPOS="506"/>
                  <String HEIGHT="42"
                          WIDTH="110"
                          VPOS="2222"
                          HPOS="459"
                          CONTENT="qui"/>
                  <SP HEIGHT="42" WIDTH="16" VPOS="2222" HPOS="569"/>
                  <String HEIGHT="42"
                          WIDTH="189"
                          VPOS="2222"
                          HPOS="522"
                          CONTENT="quattuor"/>
                  <SP HEIGHT="42" WIDTH="16" VPOS="2222" HPOS="711"/>
                  <String HEIGHT="42"
                          WIDTH="157"
                          VPOS="2222"
                          HPOS="664"
                          CONTENT="dicunt"/>
                  <SP HEIGHT="42" WIDTH="16" VPOS="2222" HPOS="821"/>
                  <String HEIGHT="42"
                          WIDTH="126"
                          VPOS="2222"
                          HPOS="774"
                          CONTENT="esse"/>
                  <SP HEIGHT="42" WIDTH="16" VPOS="2222" HPOS="900"/>
                  <String HEIGHT="42"
                          WIDTH="157"
                          VPOS="2222"
                          HPOS="853"
                          CONTENT="genera"/>
                  <SP HEIGHT="42" WIDTH="16" VPOS="2222" HPOS="1010"/>
                  <String HEIGHT="42"
                          WIDTH="126"
                          VPOS="2222"
                          HPOS="947"
                          CONTENT="pocca"
                          SUBS_TYPE="HypPart1"
                          SUBS_CONTENT="poccatorum"/>
                  <HYP CONTENT="-"/>
               </TextLine>
               <TextLine ID="r2l108"
                         BASELINE="2314"
                         HEIGHT="57"
                         WIDTH="425"
                         VPOS="2257"
                         HPOS="224">
                  <String HEIGHT="57"
                          WIDTH="147"
                          VPOS="2257"
                          HPOS="208"
                          CONTENT="torum"
                          SUBS_TYPE="HypPart2"
                          SUBS_CONTENT="poccatorum"/>
                  <SP HEIGHT="57" WIDTH="16" VPOS="2257" HPOS="355"/>
                  <String HEIGHT="57" WIDTH="98" VPOS="2257" HPOS="306" CONTENT="in"/>
                  <SP HEIGHT="57" WIDTH="16" VPOS="2257" HPOS="404"/>
                  <String HEIGHT="57"
                          WIDTH="196"
                          VPOS="2257"
                          HPOS="355"
                          CONTENT="spiritum"/>
                  <SP HEIGHT="57" WIDTH="16" VPOS="2257" HPOS="551"/>
                  <String HEIGHT="57"
                          WIDTH="163"
                          VPOS="2257"
                          HPOS="486"
                          CONTENT="sanctum,"/>
               </TextLine>
               <TextLine ID="r2l115"
                         BASELINE="2447"
                         HEIGHT="60"
                         WIDTH="553"
                         VPOS="2387"
                         HPOS="382">
                  <String HEIGHT="60"
                          WIDTH="553"
                          VPOS="2387"
                          HPOS="339"
                          CONTENT="ARTICVLVS"/>
                  <SP HEIGHT="60" WIDTH="43" VPOS="2387" HPOS="892"/>
                  <String HEIGHT="60"
                          WIDTH="213"
                          VPOS="2387"
                          HPOS="722"
                          CONTENT="II."/>
               </TextLine>
               <TextLine ID="r2l121"
                         BASELINE="2543"
                         HEIGHT="83"
                         WIDTH="660"
                         VPOS="2460"
                         HPOS="318">
                  <String HEIGHT="83"
                          WIDTH="156"
                          VPOS="2460"
                          HPOS="301"
                          CONTENT="Vtrum"/>
                  <SP HEIGHT="83" WIDTH="17" VPOS="2460" HPOS="457"/>
                  <String HEIGHT="83"
                          WIDTH="208"
                          VPOS="2460"
                          HPOS="405"
                          CONTENT="peccatum"/>
                  <SP HEIGHT="83" WIDTH="17" VPOS="2460" HPOS="613"/>
                  <String HEIGHT="83" WIDTH="104" VPOS="2460" HPOS="561" CONTENT="in"/>
                  <SP HEIGHT="83" WIDTH="17" VPOS="2460" HPOS="665"/>
                  <String HEIGHT="83"
                          WIDTH="208"
                          VPOS="2460"
                          HPOS="613"
                          CONTENT="spiritum"/>
                  <SP HEIGHT="83" WIDTH="17" VPOS="2460" HPOS="822"/>
                  <String HEIGHT="83"
                          WIDTH="191"
                          VPOS="2460"
                          HPOS="770"
                          CONTENT="sanctum"/>
                  <SP HEIGHT="83" WIDTH="17" VPOS="2460" HPOS="961"/>
                  <String HEIGHT="83" WIDTH="87" VPOS="2460" HPOS="891" CONTENT="sit"/>
               </TextLine>
               <TextLine ID="r2l124"
                         BASELINE="2589"
                         HEIGHT="72"
                         WIDTH="215"
                         VPOS="2517"
                         HPOS="522">
                  <String HEIGHT="72"
                          WIDTH="246"
                          VPOS="2517"
                          HPOS="491"
                          CONTENT="rrremissibile"
                          SUBS_TYPE="HypPart1"
                          SUBS_CONTENT="rrremissibileVANTVM"/>
                  <HYP CONTENT="-"/>
               </TextLine>
               <TextLine ID="r2l128"
                         BASELINE="2699"
                         HEIGHT="77"
                         WIDTH="772"
                         VPOS="2622"
                         HPOS="317">
                  <String HEIGHT="77"
                          WIDTH="193"
                          VPOS="2622"
                          HPOS="298"
                          CONTENT="VANTVM"
                          SUBS_TYPE="HypPart2"
                          SUBS_CONTENT="rrremissibileVANTVM"/>
                  <SP HEIGHT="77" WIDTH="19" VPOS="2622" HPOS="491"/>
                  <String HEIGHT="77" WIDTH="116" VPOS="2622" HPOS="433" CONTENT="ad"/>
                  <SP HEIGHT="77" WIDTH="19" VPOS="2622" HPOS="549"/>
                  <String HEIGHT="77"
                          WIDTH="232"
                          VPOS="2622"
                          HPOS="491"
                          CONTENT="secundum"/>
                  <SP HEIGHT="77" WIDTH="19" VPOS="2622" HPOS="722"/>
                  <String HEIGHT="77"
                          WIDTH="251"
                          VPOS="2622"
                          HPOS="664"
                          CONTENT="artitulum"/>
                  <SP HEIGHT="77" WIDTH="19" VPOS="2622" HPOS="915"/>
                  <String HEIGHT="77"
                          WIDTH="174"
                          VPOS="2622"
                          HPOS="857"
                          CONTENT="dico,"/>
                  <SP HEIGHT="77" WIDTH="19" VPOS="2622" HPOS="1031"/>
                  <String HEIGHT="77"
                          WIDTH="154"
                          VPOS="2622"
                          HPOS="973"
                          CONTENT="quod"/>
                  <SP HEIGHT="77" WIDTH="19" VPOS="2622" HPOS="1128"/>
                  <String HEIGHT="77" WIDTH="39" VPOS="2622" HPOS="1050" CONTENT=""/>
               </TextLine>
               <TextLine ID="r2l130"
                         BASELINE="2741"
                         HEIGHT="49"
                         WIDTH="732"
                         VPOS="2692"
                         HPOS="354">
                  <String HEIGHT="49"
                          WIDTH="191"
                          VPOS="2692"
                          HPOS="338"
                          CONTENT="respectu"/>
                  <SP HEIGHT="49" WIDTH="16" VPOS="2692" HPOS="529"/>
                  <String HEIGHT="49"
                          WIDTH="175"
                          VPOS="2692"
                          HPOS="481"
                          CONTENT="diuinae"/>
                  <SP HEIGHT="49" WIDTH="16" VPOS="2692" HPOS="656"/>
                  <String HEIGHT="49"
                          WIDTH="207"
                          VPOS="2692"
                          HPOS="609"
                          CONTENT="potentiae"/>
                  <SP HEIGHT="49" WIDTH="16" VPOS="2692" HPOS="815"/>
                  <String HEIGHT="49"
                          WIDTH="159"
                          VPOS="2692"
                          HPOS="768"
                          CONTENT="nullum"/>
                  <SP HEIGHT="49" WIDTH="16" VPOS="2692" HPOS="927"/>
                  <String HEIGHT="49"
                          WIDTH="191"
                          VPOS="2692"
                          HPOS="879"
                          CONTENT="peccatum"/>
                  <SP HEIGHT="49" WIDTH="16" VPOS="2692" HPOS="1070"/>
                  <String HEIGHT="49"
                          WIDTH="80"
                          VPOS="2692"
                          HPOS="1006"
                          CONTENT="est"/>
               </TextLine>
               <TextLine ID="r2l132"
                         BASELINE="2785"
                         HEIGHT="55"
                         WIDTH="199"
                         VPOS="2730"
                         HPOS="235">
                  <String HEIGHT="55"
                          WIDTH="227"
                          VPOS="2730"
                          HPOS="207"
                          CONTENT="irremissibile"
                          SUBS_TYPE="HypPart1"
                          SUBS_CONTENT="irremissibile1"/>
                  <HYP CONTENT="-"/>
               </TextLine>
               <TextLine ID="r2l134"
                         BASELINE="2823"
                         HEIGHT="47"
                         WIDTH="794"
                         VPOS="2776"
                         HPOS="286">
                  <String HEIGHT="47"
                          WIDTH="76"
                          VPOS="2776"
                          HPOS="271"
                          CONTENT="1"
                          SUBS_TYPE="HypPart2"
                          SUBS_CONTENT="irremissibile1"/>
                  <SP HEIGHT="47" WIDTH="15" VPOS="2776" HPOS="347"/>
                  <String HEIGHT="47"
                          WIDTH="153"
                          VPOS="2776"
                          HPOS="301"
                          CONTENT="Posset"/>
                  <SP HEIGHT="47" WIDTH="15" VPOS="2776" HPOS="454"/>
                  <String HEIGHT="47"
                          WIDTH="122"
                          VPOS="2776"
                          HPOS="408"
                          CONTENT="enim"/>
                  <SP HEIGHT="47" WIDTH="15" VPOS="2776" HPOS="530"/>
                  <String HEIGHT="47"
                          WIDTH="137"
                          VPOS="2776"
                          HPOS="485"
                          CONTENT="Deus,"/>
                  <SP HEIGHT="47" WIDTH="15" VPOS="2776" HPOS="622"/>
                  <String HEIGHT="47" WIDTH="92" VPOS="2776" HPOS="576" CONTENT="si"/>
                  <SP HEIGHT="47" WIDTH="15" VPOS="2776" HPOS="668"/>
                  <String HEIGHT="47"
                          WIDTH="168"
                          VPOS="2776"
                          HPOS="622"
                          CONTENT="vellet,"/>
                  <SP HEIGHT="47" WIDTH="15" VPOS="2776" HPOS="790"/>
                  <String HEIGHT="47"
                          WIDTH="199"
                          VPOS="2776"
                          HPOS="744"
                          CONTENT="remittere"/>
                  <SP HEIGHT="47" WIDTH="15" VPOS="2776" HPOS="943"/>
                  <String HEIGHT="47"
                          WIDTH="107"
                          VPOS="2776"
                          HPOS="897"
                          CONTENT="tam"/>
                  <SP HEIGHT="47" WIDTH="15" VPOS="2776" HPOS="1004"/>
                  <String HEIGHT="47"
                          WIDTH="137"
                          VPOS="2776"
                          HPOS="943"
                          CONTENT="viuorum"/>
               </TextLine>
               <TextLine ID="r2l136"
                         BASELINE="2860"
                         HEIGHT="52"
                         WIDTH="841"
                         VPOS="2808"
                         HPOS="246">
                  <String HEIGHT="52"
                          WIDTH="146"
                          VPOS="2808"
                          HPOS="228"
                          CONTENT="quam"/>
                  <SP HEIGHT="52" WIDTH="18" VPOS="2808" HPOS="374"/>
                  <String HEIGHT="52"
                          WIDTH="256"
                          VPOS="2808"
                          HPOS="319"
                          CONTENT="mortuorum,"/>
                  <SP HEIGHT="52" WIDTH="18" VPOS="2808" HPOS="575"/>
                  <String HEIGHT="52"
                          WIDTH="128"
                          VPOS="2808"
                          HPOS="520"
                          CONTENT="tam"/>
                  <SP HEIGHT="52" WIDTH="18" VPOS="2808" HPOS="648"/>
                  <String HEIGHT="52"
                          WIDTH="238"
                          VPOS="2808"
                          HPOS="593"
                          CONTENT="daemonum,"/>
                  <SP HEIGHT="52" WIDTH="18" VPOS="2808" HPOS="831"/>
                  <String HEIGHT="52"
                          WIDTH="146"
                          VPOS="2808"
                          HPOS="776"
                          CONTENT="quam"/>
                  <SP HEIGHT="52" WIDTH="18" VPOS="2808" HPOS="922"/>
                  <String HEIGHT="52"
                          WIDTH="201"
                          VPOS="2808"
                          HPOS="868"
                          CONTENT="hominum"/>
                  <SP HEIGHT="52" WIDTH="18" VPOS="2808" HPOS="1069"/>
                  <String HEIGHT="52" WIDTH="91" VPOS="2808" HPOS="996" CONTENT="pec"/>
               </TextLine>
               <TextLine ID="r2l138"
                         BASELINE="2900"
                         HEIGHT="44"
                         WIDTH="828"
                         VPOS="2856"
                         HPOS="245">
                  <String HEIGHT="44"
                          WIDTH="141"
                          VPOS="2856"
                          HPOS="229"
                          CONTENT="cata:"/>
                  <SP HEIGHT="44" WIDTH="16" VPOS="2856" HPOS="370"/>
                  <String HEIGHT="44"
                          WIDTH="109"
                          VPOS="2856"
                          HPOS="323"
                          CONTENT="sed"/>
                  <SP HEIGHT="44" WIDTH="16" VPOS="2856" HPOS="432"/>
                  <String HEIGHT="44"
                          WIDTH="172"
                          VPOS="2856"
                          HPOS="386"
                          CONTENT="vocando"/>
                  <SP HEIGHT="44" WIDTH="16" VPOS="2856" HPOS="557"/>
                  <String HEIGHT="44"
                          WIDTH="187"
                          VPOS="2856"
                          HPOS="511"
                          CONTENT="peccatum"/>
                  <SP HEIGHT="44" WIDTH="16" VPOS="2856" HPOS="698"/>
                  <String HEIGHT="44"
                          WIDTH="250"
                          VPOS="2856"
                          HPOS="651"
                          CONTENT="remissibile,"/>
                  <SP HEIGHT="44" WIDTH="16" VPOS="2856" HPOS="901"/>
                  <String HEIGHT="44"
                          WIDTH="125"
                          VPOS="2856"
                          HPOS="854"
                          CONTENT="quod"/>
                  <SP HEIGHT="44" WIDTH="16" VPOS="2856" HPOS="979"/>
                  <String HEIGHT="44"
                          WIDTH="156"
                          VPOS="2856"
                          HPOS="917"
                          CONTENT="derelin"
                          SUBS_TYPE="HypPart1"
                          SUBS_CONTENT="derelinquit"/>
                  <HYP CONTENT="-"/>
               </TextLine>
               <TextLine ID="r2l141"
                         BASELINE="2939"
                         HEIGHT="50"
                         WIDTH="821"
                         VPOS="2889"
                         HPOS="253">
                  <String HEIGHT="50"
                          WIDTH="119"
                          VPOS="2889"
                          HPOS="238"
                          CONTENT="quit"
                          SUBS_TYPE="HypPart2"
                          SUBS_CONTENT="derelinquit"/>
                  <SP HEIGHT="50" WIDTH="15" VPOS="2889" HPOS="357"/>
                  <String HEIGHT="50"
                          WIDTH="239"
                          VPOS="2889"
                          HPOS="313"
                          CONTENT="aptitudinem,"/>
                  <SP HEIGHT="50" WIDTH="15" VPOS="2889" HPOS="552"/>
                  <String HEIGHT="50"
                          WIDTH="104"
                          VPOS="2889"
                          HPOS="507"
                          CONTENT="seu"/>
                  <SP HEIGHT="50" WIDTH="15" VPOS="2889" HPOS="611"/>
                  <String HEIGHT="50"
                          WIDTH="194"
                          VPOS="2889"
                          HPOS="566"
                          CONTENT="concernit"/>
                  <SP HEIGHT="50" WIDTH="15" VPOS="2889" HPOS="761"/>
                  <String HEIGHT="50"
                          WIDTH="224"
                          VPOS="2889"
                          HPOS="716"
                          CONTENT="habilitatem"/>
                  <SP HEIGHT="50" WIDTH="15" VPOS="2889" HPOS="940"/>
                  <String HEIGHT="50" WIDTH="90" VPOS="2889" HPOS="895" CONTENT="ad"/>
                  <SP HEIGHT="50" WIDTH="15" VPOS="2889" HPOS="984"/>
                  <String HEIGHT="50"
                          WIDTH="119"
                          VPOS="2889"
                          HPOS="940"
                          CONTENT="hoc,"/>
                  <SP HEIGHT="50" WIDTH="15" VPOS="2889" HPOS="1059"/>
                  <String HEIGHT="50" WIDTH="75" VPOS="2889" HPOS="999" CONTENT="quo"/>
               </TextLine>
               <TextLine ID="r2l142"
                         BASELINE="2974"
                         HEIGHT="45"
                         WIDTH="847"
                         VPOS="2929"
                         HPOS="241">
                  <String HEIGHT="45"
                          WIDTH="235"
                          VPOS="2929"
                          HPOS="225"
                          CONTENT="remittatur,"/>
                  <SP HEIGHT="45" WIDTH="16" VPOS="2929" HPOS="461"/>
                  <String HEIGHT="45"
                          WIDTH="110"
                          VPOS="2929"
                          HPOS="414"
                          CONTENT="sic"/>
                  <SP HEIGHT="45" WIDTH="16" VPOS="2929" HPOS="523"/>
                  <String HEIGHT="45"
                          WIDTH="204"
                          VPOS="2929"
                          HPOS="476"
                          CONTENT="quodlibet"/>
                  <SP HEIGHT="45" WIDTH="16" VPOS="2929" HPOS="680"/>
                  <String HEIGHT="45"
                          WIDTH="188"
                          VPOS="2929"
                          HPOS="633"
                          CONTENT="peccatum"/>
                  <SP HEIGHT="45" WIDTH="16" VPOS="2929" HPOS="821"/>
                  <String HEIGHT="45" WIDTH="94" VPOS="2929" HPOS="774" CONTENT="in"/>
                  <SP HEIGHT="45" WIDTH="16" VPOS="2929" HPOS="868"/>
                  <String HEIGHT="45"
                          WIDTH="188"
                          VPOS="2929"
                          HPOS="821"
                          CONTENT="spiritum"/>
                  <SP HEIGHT="45" WIDTH="16" VPOS="2929" HPOS="1010"/>
                  <String HEIGHT="45"
                          WIDTH="141"
                          VPOS="2929"
                          HPOS="947"
                          CONTENT="sanctum"/>
               </TextLine>
               <TextLine ID="r2l145"
                         BASELINE="3021"
                         HEIGHT="52"
                         WIDTH="842"
                         VPOS="2969"
                         HPOS="240">
                  <String HEIGHT="52"
                          WIDTH="153"
                          VPOS="2969"
                          HPOS="225"
                          CONTENT="potest"/>
                  <SP HEIGHT="52" WIDTH="15" VPOS="2969" HPOS="378"/>
                  <String HEIGHT="52"
                          WIDTH="122"
                          VPOS="2969"
                          HPOS="332"
                          CONTENT="dici"/>
                  <SP HEIGHT="52" WIDTH="15" VPOS="2969" HPOS="454"/>
                  <String HEIGHT="52"
                          WIDTH="276"
                          VPOS="2969"
                          HPOS="408"
                          CONTENT="irremissibile:"/>
                  <SP HEIGHT="52" WIDTH="15" VPOS="2969" HPOS="684"/>
                  <String HEIGHT="52"
                          WIDTH="107"
                          VPOS="2969"
                          HPOS="638"
                          CONTENT="nam"/>
                  <SP HEIGHT="52" WIDTH="15" VPOS="2969" HPOS="745"/>
                  <String HEIGHT="52"
                          WIDTH="168"
                          VPOS="2969"
                          HPOS="699"
                          CONTENT="quamuis"/>
                  <SP HEIGHT="52" WIDTH="15" VPOS="2969" HPOS="868"/>
                  <String HEIGHT="52"
                          WIDTH="184"
                          VPOS="2969"
                          HPOS="822"
                          CONTENT="peccatum"/>
                  <SP HEIGHT="52" WIDTH="15" VPOS="2969" HPOS="1005"/>
                  <String HEIGHT="52" WIDTH="92" VPOS="2969" HPOS="960" CONTENT="ex"/>
                  <SP HEIGHT="52" WIDTH="15" VPOS="2969" HPOS="1051"/>
                  <String HEIGHT="52"
                          WIDTH="92"
                          VPOS="2969"
                          HPOS="990"
                          CONTENT="igno"/>
               </TextLine>
               <TextLine ID="r2l146"
                         BASELINE="3057"
                         HEIGHT="39"
                         WIDTH="837"
                         VPOS="3018"
                         HPOS="243">
                  <String HEIGHT="39"
                          WIDTH="162"
                          VPOS="3018"
                          HPOS="228"
                          CONTENT="rantia,"/>
                  <SP HEIGHT="39" WIDTH="15" VPOS="3018" HPOS="390"/>
                  <String HEIGHT="39"
                          WIDTH="103"
                          VPOS="3018"
                          HPOS="346"
                          CONTENT="vel"/>
                  <SP HEIGHT="39" WIDTH="15" VPOS="3018" HPOS="449"/>
                  <String HEIGHT="39" WIDTH="88" VPOS="3018" HPOS="405" CONTENT="ex"/>
                  <SP HEIGHT="39" WIDTH="15" VPOS="3018" HPOS="493"/>
                  <String HEIGHT="39"
                          WIDTH="191"
                          VPOS="3018"
                          HPOS="449"
                          CONTENT="passionis"/>
                  <SP HEIGHT="39" WIDTH="15" VPOS="3018" HPOS="639"/>
                  <String HEIGHT="39"
                          WIDTH="176"
                          VPOS="3018"
                          HPOS="595"
                          CONTENT="impulsu,"/>
                  <SP HEIGHT="39" WIDTH="15" VPOS="3018" HPOS="772"/>
                  <String HEIGHT="39"
                          WIDTH="103"
                          VPOS="3018"
                          HPOS="728"
                          CONTENT="vel"/>
                  <SP HEIGHT="39" WIDTH="15" VPOS="3018" HPOS="830"/>
                  <String HEIGHT="39"
                          WIDTH="206"
                          VPOS="3018"
                          HPOS="786"
                          CONTENT="impotentia"/>
                  <SP HEIGHT="39" WIDTH="15" VPOS="3018" HPOS="992"/>
                  <String HEIGHT="39"
                          WIDTH="147"
                          VPOS="3018"
                          HPOS="933"
                          CONTENT="aliquate"/>
               </TextLine>
               <TextLine ID="r2l149"
                         BASELINE="3097"
                         HEIGHT="45"
                         WIDTH="851"
                         VPOS="3052"
                         HPOS="237">
                  <String HEIGHT="45"
                          WIDTH="112"
                          VPOS="3052"
                          HPOS="221"
                          CONTENT="nus"/>
                  <SP HEIGHT="45" WIDTH="16" VPOS="3052" HPOS="333"/>
                  <String HEIGHT="45"
                          WIDTH="225"
                          VPOS="3052"
                          HPOS="285"
                          CONTENT="excusetur,"/>
                  <SP HEIGHT="45" WIDTH="16" VPOS="3052" HPOS="510"/>
                  <String HEIGHT="45" WIDTH="80" VPOS="3052" HPOS="462" CONTENT="&amp;"/>
                  <SP HEIGHT="45" WIDTH="16" VPOS="3052" HPOS="542"/>
                  <String HEIGHT="45"
                          WIDTH="112"
                          VPOS="3052"
                          HPOS="494"
                          CONTENT="per"/>
                  <SP HEIGHT="45" WIDTH="16" VPOS="3052" HPOS="606"/>
                  <String HEIGHT="45"
                          WIDTH="225"
                          VPOS="3052"
                          HPOS="558"
                          CONTENT="consequens"/>
                  <SP HEIGHT="45" WIDTH="16" VPOS="3052" HPOS="783"/>
                  <String HEIGHT="45"
                          WIDTH="209"
                          VPOS="3052"
                          HPOS="735"
                          CONTENT="concernat"/>
                  <SP HEIGHT="45" WIDTH="16" VPOS="3052" HPOS="943"/>
                  <String HEIGHT="45"
                          WIDTH="209"
                          VPOS="3052"
                          HPOS="879"
                          CONTENT="habilitatem"/>
               </TextLine>
               <TextLine ID="r2l151"
                         BASELINE="3134"
                         HEIGHT="47"
                         WIDTH="845"
                         VPOS="3087"
                         HPOS="243">
                  <String HEIGHT="47" WIDTH="99" VPOS="3087" HPOS="226" CONTENT="ad"/>
                  <SP HEIGHT="47" WIDTH="17" VPOS="3087" HPOS="326"/>
                  <String HEIGHT="47"
                          WIDTH="265"
                          VPOS="3087"
                          HPOS="276"
                          CONTENT="remissionem:"/>
                  <SP HEIGHT="47" WIDTH="17" VPOS="3087" HPOS="541"/>
                  <String HEIGHT="47"
                          WIDTH="149"
                          VPOS="3087"
                          HPOS="492"
                          CONTENT="tamen"/>
                  <SP HEIGHT="47" WIDTH="17" VPOS="3087" HPOS="641"/>
                  <String HEIGHT="47"
                          WIDTH="199"
                          VPOS="3087"
                          HPOS="591"
                          CONTENT="peccatum"/>
                  <SP HEIGHT="47" WIDTH="17" VPOS="3087" HPOS="790"/>
                  <String HEIGHT="47" WIDTH="99" VPOS="3087" HPOS="740" CONTENT="in"/>
                  <SP HEIGHT="47" WIDTH="17" VPOS="3087" HPOS="839"/>
                  <String HEIGHT="47"
                          WIDTH="199"
                          VPOS="3087"
                          HPOS="790"
                          CONTENT="spiritum"/>
                  <SP HEIGHT="47" WIDTH="17" VPOS="3087" HPOS="989"/>
                  <String HEIGHT="47"
                          WIDTH="182"
                          VPOS="3087"
                          HPOS="939"
                          CONTENT="sanctum"/>
                  <SP HEIGHT="47" WIDTH="17" VPOS="3087" HPOS="1121"/>
                  <String HEIGHT="47" WIDTH="33" VPOS="3087" HPOS="1055" CONTENT=""/>
               </TextLine>
               <TextLine ID="r2l154"
                         BASELINE="3174"
                         HEIGHT="49"
                         WIDTH="835"
                         VPOS="3125"
                         HPOS="247">
                  <String HEIGHT="49"
                          WIDTH="178"
                          VPOS="3125"
                          HPOS="229"
                          CONTENT="nullam"/>
                  <SP HEIGHT="49" WIDTH="18" VPOS="3125" HPOS="407"/>
                  <String HEIGHT="49"
                          WIDTH="160"
                          VPOS="3125"
                          HPOS="354"
                          CONTENT="habet"/>
                  <SP HEIGHT="49" WIDTH="18" VPOS="3125" HPOS="513"/>
                  <String HEIGHT="49"
                          WIDTH="178"
                          VPOS="3125"
                          HPOS="460"
                          CONTENT="causam"/>
                  <SP HEIGHT="49" WIDTH="18" VPOS="3125" HPOS="638"/>
                  <String HEIGHT="49"
                          WIDTH="195"
                          VPOS="3125"
                          HPOS="585"
                          CONTENT="annexam"/>
                  <SP HEIGHT="49" WIDTH="18" VPOS="3125" HPOS="780"/>
                  <String HEIGHT="49"
                          WIDTH="213"
                          VPOS="3125"
                          HPOS="727"
                          CONTENT="peccatum"/>
                  <SP HEIGHT="49" WIDTH="18" VPOS="3125" HPOS="940"/>
                  <String HEIGHT="49"
                          WIDTH="213"
                          VPOS="3125"
                          HPOS="869"
                          CONTENT="excusantem"/>
               </TextLine>
            </TextBlock>
            <TextBlock ID="TextRegion_1603039201700_2261"
                       HEIGHT="2975"
                       WIDTH="875"
                       VPOS="232"
                       HPOS="1102">
               <Shape>
                  <Polygon POINTS="1102,232 1977,232 1977,3207 1107,3207 1107,3090"/>
               </Shape>
               <TextLine ID="r2l4"
                         BASELINE="357"
                         HEIGHT="73"
                         WIDTH="858"
                         VPOS="284"
                         HPOS="1109">
                  <String HEIGHT="73"
                          WIDTH="113"
                          VPOS="284"
                          HPOS="1093"
                          CONTENT="sed"/>
                  <SP HEIGHT="73" WIDTH="16" VPOS="284" HPOS="1206"/>
                  <String HEIGHT="73"
                          WIDTH="146"
                          VPOS="284"
                          HPOS="1158"
                          CONTENT="solum"/>
                  <SP HEIGHT="73" WIDTH="16" VPOS="284" HPOS="1303"/>
                  <String HEIGHT="73"
                          WIDTH="259"
                          VPOS="284"
                          HPOS="1255"
                          CONTENT="aggrauantem;"/>
                  <SP HEIGHT="73" WIDTH="16" VPOS="284" HPOS="1514"/>
                  <String HEIGHT="73"
                          WIDTH="130"
                          VPOS="284"
                          HPOS="1465"
                          CONTENT="ideo"/>
                  <SP HEIGHT="73" WIDTH="16" VPOS="284" HPOS="1595"/>
                  <String HEIGHT="73"
                          WIDTH="162"
                          VPOS="284"
                          HPOS="1546"
                          CONTENT="nullam"/>
                  <SP HEIGHT="73" WIDTH="16" VPOS="284" HPOS="1708"/>
                  <String HEIGHT="73"
                          WIDTH="210"
                          VPOS="284"
                          HPOS="1659"
                          CONTENT="concernit"/>
                  <SP HEIGHT="73" WIDTH="16" VPOS="284" HPOS="1870"/>
                  <String HEIGHT="73"
                          WIDTH="162"
                          VPOS="284"
                          HPOS="1805"
                          CONTENT="aptitudi"/>
               </TextLine>
               <TextLine ID="r2l6"
                         BASELINE="396"
                         HEIGHT="56"
                         WIDTH="389"
                         VPOS="340"
                         HPOS="1129">
                  <String HEIGHT="56"
                          WIDTH="118"
                          VPOS="340"
                          HPOS="1112"
                          CONTENT="nem"/>
                  <SP HEIGHT="56" WIDTH="17" VPOS="340" HPOS="1230"/>
                  <String HEIGHT="56" WIDTH="101" VPOS="340" HPOS="1180" CONTENT="ad"/>
                  <SP HEIGHT="56" WIDTH="17" VPOS="340" HPOS="1281"/>
                  <String HEIGHT="56"
                          WIDTH="118"
                          VPOS="340"
                          HPOS="1230"
                          CONTENT="sui"/>
                  <SP HEIGHT="56" WIDTH="17" VPOS="340" HPOS="1349"/>
                  <String HEIGHT="56"
                          WIDTH="237"
                          VPOS="340"
                          HPOS="1281"
                          CONTENT="remissionem."/>
               </TextLine>
               <TextLine ID="r2l8"
                         BASELINE="438"
                         HEIGHT="52"
                         WIDTH="842"
                         VPOS="386"
                         HPOS="1116">
                  <String HEIGHT="52" WIDTH="75" VPOS="386" HPOS="1101" CONTENT="2"/>
                  <SP HEIGHT="52" WIDTH="15" VPOS="386" HPOS="1176"/>
                  <String HEIGHT="52"
                          WIDTH="211"
                          VPOS="386"
                          HPOS="1131"
                          CONTENT="Praeterea,"/>
                  <SP HEIGHT="52" WIDTH="15" VPOS="386" HPOS="1342"/>
                  <String HEIGHT="52"
                          WIDTH="135"
                          VPOS="386"
                          HPOS="1296"
                          CONTENT="sicut"/>
                  <SP HEIGHT="52" WIDTH="15" VPOS="386" HPOS="1432"/>
                  <String HEIGHT="52"
                          WIDTH="211"
                          VPOS="386"
                          HPOS="1387"
                          CONTENT="infirmitas"/>
                  <SP HEIGHT="52" WIDTH="15" VPOS="386" HPOS="1597"/>
                  <String HEIGHT="52"
                          WIDTH="211"
                          VPOS="386"
                          HPOS="1552"
                          CONTENT="corporalis"/>
                  <SP HEIGHT="52" WIDTH="15" VPOS="386" HPOS="1763"/>
                  <String HEIGHT="52"
                          WIDTH="165"
                          VPOS="386"
                          HPOS="1717"
                          CONTENT="dicitur"/>
                  <SP HEIGHT="52" WIDTH="15" VPOS="386" HPOS="1883"/>
                  <String HEIGHT="52" WIDTH="75" VPOS="386" HPOS="1838" CONTENT=":"/>
                  <SP HEIGHT="52" WIDTH="15" VPOS="386" HPOS="1913"/>
                  <String HEIGHT="52"
                          WIDTH="105"
                          VPOS="386"
                          HPOS="1853"
                          CONTENT="incu"
                          SUBS_TYPE="HypPart1"
                          SUBS_CONTENT="incurabilis,"/>
                  <HYP CONTENT="-"/>
               </TextLine>
               <TextLine ID="r2l10"
                         BASELINE="476"
                         HEIGHT="60"
                         WIDTH="846"
                         VPOS="416"
                         HPOS="1121">
                  <String HEIGHT="60"
                          WIDTH="181"
                          VPOS="416"
                          HPOS="1106"
                          CONTENT="rabilis,"
                          SUBS_TYPE="HypPart2"
                          SUBS_CONTENT="incurabilis,"/>
                  <SP HEIGHT="60" WIDTH="15" VPOS="416" HPOS="1287"/>
                  <String HEIGHT="60"
                          WIDTH="106"
                          VPOS="416"
                          HPOS="1242"
                          CONTENT="cum"/>
                  <SP HEIGHT="60" WIDTH="15" VPOS="416" HPOS="1348"/>
                  <String HEIGHT="60"
                          WIDTH="106"
                          VPOS="416"
                          HPOS="1302"
                          CONTENT="per"/>
                  <SP HEIGHT="60" WIDTH="15" VPOS="416" HPOS="1408"/>
                  <String HEIGHT="60"
                          WIDTH="136"
                          VPOS="416"
                          HPOS="1363"
                          CONTENT="ipsam"/>
                  <SP HEIGHT="60" WIDTH="15" VPOS="416" HPOS="1499"/>
                  <String HEIGHT="60"
                          WIDTH="106"
                          VPOS="416"
                          HPOS="1453"
                          CONTENT="sic"/>
                  <SP HEIGHT="60" WIDTH="15" VPOS="416" HPOS="1559"/>
                  <String HEIGHT="60"
                          WIDTH="212"
                          VPOS="416"
                          HPOS="1514"
                          CONTENT="disponitur"/>
                  <SP HEIGHT="60" WIDTH="15" VPOS="416" HPOS="1725"/>
                  <String HEIGHT="60"
                          WIDTH="196"
                          VPOS="416"
                          HPOS="1680"
                          CONTENT="infirmus,"/>
                  <SP HEIGHT="60" WIDTH="15" VPOS="416" HPOS="1876"/>
                  <String HEIGHT="60"
                          WIDTH="121"
                          VPOS="416"
                          HPOS="1831"
                          CONTENT="quod"/>
                  <SP HEIGHT="60" WIDTH="15" VPOS="416" HPOS="1952"/>
                  <String HEIGHT="60"
                          WIDTH="76"
                          VPOS="416"
                          HPOS="1891"
                          CONTENT="om"
                          SUBS_TYPE="HypPart1"
                          SUBS_CONTENT="omnem"/>
                  <HYP CONTENT="-"/>
               </TextLine>
               <TextLine ID="r2l12"
                         BASELINE="508"
                         HEIGHT="48"
                         WIDTH="840"
                         VPOS="460"
                         HPOS="1124">
                  <String HEIGHT="48"
                          WIDTH="123"
                          VPOS="460"
                          HPOS="1107"
                          CONTENT="nem"
                          SUBS_TYPE="HypPart2"
                          SUBS_CONTENT="omnem"/>
                  <SP HEIGHT="48" WIDTH="18" VPOS="460" HPOS="1229"/>
                  <String HEIGHT="48"
                          WIDTH="158"
                          VPOS="460"
                          HPOS="1177"
                          CONTENT="escam"/>
                  <SP HEIGHT="48" WIDTH="18" VPOS="460" HPOS="1334"/>
                  <String HEIGHT="48"
                          WIDTH="263"
                          VPOS="460"
                          HPOS="1282"
                          CONTENT="abominatur,"/>
                  <SP HEIGHT="48" WIDTH="18" VPOS="460" HPOS="1544"/>
                  <String HEIGHT="48" WIDTH="88" VPOS="460" HPOS="1492" CONTENT="&amp;"/>
                  <SP HEIGHT="48" WIDTH="18" VPOS="460" HPOS="1579"/>
                  <String HEIGHT="48"
                          WIDTH="158"
                          VPOS="460"
                          HPOS="1527"
                          CONTENT="omnem"/>
                  <SP HEIGHT="48" WIDTH="18" VPOS="460" HPOS="1684"/>
                  <String HEIGHT="48"
                          WIDTH="228"
                          VPOS="460"
                          HPOS="1632"
                          CONTENT="medicinam"/>
                  <SP HEIGHT="48" WIDTH="18" VPOS="460" HPOS="1859"/>
                  <String HEIGHT="48"
                          WIDTH="175"
                          VPOS="460"
                          HPOS="1789"
                          CONTENT="abhorret"/>
               </TextLine>
               <TextLine ID="r2l14"
                         BASELINE="557"
                         HEIGHT="57"
                         WIDTH="848"
                         VPOS="500"
                         HPOS="1116">
                  <String HEIGHT="57" WIDTH="79" VPOS="500" HPOS="1100" CONTENT="&amp;"/>
                  <SP HEIGHT="57" WIDTH="16" VPOS="500" HPOS="1179"/>
                  <String HEIGHT="57"
                          WIDTH="188"
                          VPOS="500"
                          HPOS="1132"
                          CONTENT="refutat,"/>
                  <SP HEIGHT="57" WIDTH="16" VPOS="500" HPOS="1320"/>
                  <String HEIGHT="57"
                          WIDTH="141"
                          VPOS="500"
                          HPOS="1273"
                          CONTENT="iuxta"/>
                  <SP HEIGHT="57" WIDTH="16" VPOS="500" HPOS="1414"/>
                  <String HEIGHT="57"
                          WIDTH="141"
                          VPOS="500"
                          HPOS="1367"
                          CONTENT="illud"/>
                  <SP HEIGHT="57" WIDTH="16" VPOS="500" HPOS="1509"/>
                  <String HEIGHT="57"
                          WIDTH="141"
                          VPOS="500"
                          HPOS="1461"
                          CONTENT="psal."/>
                  <SP HEIGHT="57" WIDTH="16" VPOS="500" HPOS="1603"/>
                  <String HEIGHT="57"
                          WIDTH="141"
                          VPOS="500"
                          HPOS="1556"
                          CONTENT="Omnem"/>
                  <SP HEIGHT="57" WIDTH="16" VPOS="500" HPOS="1697"/>
                  <String HEIGHT="57"
                          WIDTH="141"
                          VPOS="500"
                          HPOS="1650"
                          CONTENT="escam"/>
                  <SP HEIGHT="57" WIDTH="16" VPOS="500" HPOS="1791"/>
                  <String HEIGHT="57"
                          WIDTH="204"
                          VPOS="500"
                          HPOS="1744"
                          CONTENT="abominata"/>
                  <SP HEIGHT="57" WIDTH="16" VPOS="500" HPOS="1948"/>
                  <String HEIGHT="57" WIDTH="79" VPOS="500" HPOS="1885" CONTENT="est"/>
               </TextLine>
               <TextLine ID="r2l17"
                         BASELINE="596"
                         HEIGHT="61"
                         WIDTH="839"
                         VPOS="535"
                         HPOS="1116">
                  <String HEIGHT="61"
                          WIDTH="142"
                          VPOS="535"
                          HPOS="1100"
                          CONTENT="anima"/>
                  <SP HEIGHT="61" WIDTH="16" VPOS="535" HPOS="1243"/>
                  <String HEIGHT="61"
                          WIDTH="158"
                          VPOS="535"
                          HPOS="1195"
                          CONTENT="eorum,"/>
                  <SP HEIGHT="61" WIDTH="16" VPOS="535" HPOS="1353"/>
                  <String HEIGHT="61" WIDTH="79" VPOS="535" HPOS="1306" CONTENT="&amp;"/>
                  <SP HEIGHT="61" WIDTH="16" VPOS="535" HPOS="1385"/>
                  <String HEIGHT="61"
                          WIDTH="332"
                          VPOS="535"
                          HPOS="1338"
                          CONTENT="appropinquauerunt"/>
                  <SP HEIGHT="61" WIDTH="16" VPOS="535" HPOS="1670"/>
                  <String HEIGHT="61"
                          WIDTH="142"
                          VPOS="535"
                          HPOS="1623"
                          CONTENT="vsque"/>
                  <SP HEIGHT="61" WIDTH="16" VPOS="535" HPOS="1765"/>
                  <String HEIGHT="61" WIDTH="95" VPOS="535" HPOS="1718" CONTENT="ad"/>
                  <SP HEIGHT="61" WIDTH="16" VPOS="535" HPOS="1813"/>
                  <String HEIGHT="61"
                          WIDTH="158"
                          VPOS="535"
                          HPOS="1765"
                          CONTENT="portas"/>
                  <SP HEIGHT="61" WIDTH="16" VPOS="535" HPOS="1923"/>
                  <String HEIGHT="61"
                          WIDTH="95"
                          VPOS="535"
                          HPOS="1860"
                          CONTENT="mor"
                          SUBS_TYPE="HypPart1"
                          SUBS_CONTENT="mortis:"/>
                  <HYP CONTENT="-"/>
               </TextLine>
               <TextLine ID="r2l19"
                         BASELINE="631"
                         HEIGHT="54"
                         WIDTH="842"
                         VPOS="577"
                         HPOS="1119">
                  <String HEIGHT="54"
                          WIDTH="118"
                          VPOS="577"
                          HPOS="1104"
                          CONTENT="tis:"
                          SUBS_TYPE="HypPart2"
                          SUBS_CONTENT="mortis:"/>
                  <SP HEIGHT="54" WIDTH="15" VPOS="577" HPOS="1222"/>
                  <String HEIGHT="54"
                          WIDTH="103"
                          VPOS="577"
                          HPOS="1178"
                          CONTENT="Sic"/>
                  <SP HEIGHT="54" WIDTH="15" VPOS="577" HPOS="1281"/>
                  <String HEIGHT="54"
                          WIDTH="118"
                          VPOS="577"
                          HPOS="1237"
                          CONTENT="quia"/>
                  <SP HEIGHT="54" WIDTH="15" VPOS="577" HPOS="1355"/>
                  <String HEIGHT="54"
                          WIDTH="162"
                          VPOS="577"
                          HPOS="1311"
                          CONTENT="peccans"/>
                  <SP HEIGHT="54" WIDTH="15" VPOS="577" HPOS="1474"/>
                  <String HEIGHT="54" WIDTH="89" VPOS="577" HPOS="1429" CONTENT="in"/>
                  <SP HEIGHT="54" WIDTH="15" VPOS="577" HPOS="1518"/>
                  <String HEIGHT="54"
                          WIDTH="177"
                          VPOS="577"
                          HPOS="1474"
                          CONTENT="spiritum"/>
                  <SP HEIGHT="54" WIDTH="15" VPOS="577" HPOS="1651"/>
                  <String HEIGHT="54"
                          WIDTH="162"
                          VPOS="577"
                          HPOS="1606"
                          CONTENT="sanctum"/>
                  <SP HEIGHT="54" WIDTH="15" VPOS="577" HPOS="1769"/>
                  <String HEIGHT="54"
                          WIDTH="177"
                          VPOS="577"
                          HPOS="1725"
                          CONTENT="abhorret"/>
                  <SP HEIGHT="54" WIDTH="15" VPOS="577" HPOS="1902"/>
                  <String HEIGHT="54"
                          WIDTH="118"
                          VPOS="577"
                          HPOS="1843"
                          CONTENT="spiri"
                          SUBS_TYPE="HypPart1"
                          SUBS_CONTENT="spiritualem"/>
                  <HYP CONTENT="-"/>
               </TextLine>
               <TextLine ID="r2l21"
                         BASELINE="666"
                         HEIGHT="48"
                         WIDTH="836"
                         VPOS="618"
                         HPOS="1113">
                  <String HEIGHT="48"
                          WIDTH="158"
                          VPOS="618"
                          HPOS="1097"
                          CONTENT="tualem"
                          SUBS_TYPE="HypPart2"
                          SUBS_CONTENT="spiritualem"/>
                  <SP HEIGHT="48" WIDTH="16" VPOS="618" HPOS="1255"/>
                  <String HEIGHT="48"
                          WIDTH="221"
                          VPOS="618"
                          HPOS="1208"
                          CONTENT="medicinam,"/>
                  <SP HEIGHT="48" WIDTH="16" VPOS="618" HPOS="1428"/>
                  <String HEIGHT="48" WIDTH="95" VPOS="618" HPOS="1381" CONTENT="vt"/>
                  <SP HEIGHT="48" WIDTH="16" VPOS="618" HPOS="1476"/>
                  <String HEIGHT="48"
                          WIDTH="142"
                          VPOS="618"
                          HPOS="1428"
                          CONTENT="patet"/>
                  <SP HEIGHT="48" WIDTH="16" VPOS="618" HPOS="1570"/>
                  <String HEIGHT="48" WIDTH="95" VPOS="618" HPOS="1523" CONTENT="ex"/>
                  <SP HEIGHT="48" WIDTH="16" VPOS="618" HPOS="1618"/>
                  <String HEIGHT="48"
                          WIDTH="300"
                          VPOS="618"
                          HPOS="1570"
                          CONTENT="praecedentibus:"/>
                  <SP HEIGHT="48" WIDTH="16" VPOS="618" HPOS="1870"/>
                  <String HEIGHT="48"
                          WIDTH="126"
                          VPOS="618"
                          HPOS="1823"
                          CONTENT="ergo"/>
                  <SP HEIGHT="48" WIDTH="16" VPOS="618" HPOS="1949"/>
                  <String HEIGHT="48" WIDTH="63" VPOS="618" HPOS="1886" CONTENT="&amp;c"/>
               </TextLine>
               <TextLine ID="r2l23"
                         BASELINE="707"
                         HEIGHT="45"
                         WIDTH="791"
                         VPOS="662"
                         HPOS="1163">
                  <String HEIGHT="45" WIDTH="63" VPOS="662" HPOS="1147" CONTENT=""/>
                  <SP HEIGHT="45" WIDTH="16" VPOS="662" HPOS="1210"/>
                  <String HEIGHT="45"
                          WIDTH="221"
                          VPOS="662"
                          HPOS="1163"
                          CONTENT="Praeterea,"/>
                  <SP HEIGHT="45" WIDTH="16" VPOS="662" HPOS="1384"/>
                  <String HEIGHT="45"
                          WIDTH="158"
                          VPOS="662"
                          HPOS="1337"
                          CONTENT="nullum"/>
                  <SP HEIGHT="45" WIDTH="16" VPOS="662" HPOS="1495"/>
                  <String HEIGHT="45"
                          WIDTH="190"
                          VPOS="662"
                          HPOS="1448"
                          CONTENT="peccatum"/>
                  <SP HEIGHT="45" WIDTH="16" VPOS="662" HPOS="1638"/>
                  <String HEIGHT="45"
                          WIDTH="174"
                          VPOS="662"
                          HPOS="1590"
                          CONTENT="mortale"/>
                  <SP HEIGHT="45" WIDTH="16" VPOS="662" HPOS="1764"/>
                  <String HEIGHT="45"
                          WIDTH="221"
                          VPOS="662"
                          HPOS="1717"
                          CONTENT="dimittitur"/>
                  <SP HEIGHT="45" WIDTH="16" VPOS="662" HPOS="1938"/>
                  <String HEIGHT="45"
                          WIDTH="79"
                          VPOS="662"
                          HPOS="1875"
                          CONTENT="si"
                          SUBS_TYPE="HypPart1"
                          SUBS_CONTENT="sine"/>
                  <HYP CONTENT="-"/>
               </TextLine>
               <TextLine ID="r2l25"
                         BASELINE="754"
                         HEIGHT="62"
                         WIDTH="839"
                         VPOS="692"
                         HPOS="1116">
                  <String HEIGHT="62"
                          WIDTH="92"
                          VPOS="692"
                          HPOS="1101"
                          CONTENT="ne"
                          SUBS_TYPE="HypPart2"
                          SUBS_CONTENT="sine"/>
                  <SP HEIGHT="62" WIDTH="15" VPOS="692" HPOS="1192"/>
                  <String HEIGHT="62"
                          WIDTH="244"
                          VPOS="692"
                          HPOS="1147"
                          CONTENT="poenitentia:"/>
                  <SP HEIGHT="62" WIDTH="15" VPOS="692" HPOS="1391"/>
                  <String HEIGHT="62"
                          WIDTH="107"
                          VPOS="692"
                          HPOS="1345"
                          CONTENT="sed"/>
                  <SP HEIGHT="62" WIDTH="15" VPOS="692" HPOS="1452"/>
                  <String HEIGHT="62"
                          WIDTH="198"
                          VPOS="692"
                          HPOS="1406"
                          CONTENT="quodlibet"/>
                  <SP HEIGHT="62" WIDTH="15" VPOS="692" HPOS="1604"/>
                  <String HEIGHT="62"
                          WIDTH="183"
                          VPOS="692"
                          HPOS="1558"
                          CONTENT="peccatum"/>
                  <SP HEIGHT="62" WIDTH="15" VPOS="692" HPOS="1741"/>
                  <String HEIGHT="62" WIDTH="92" VPOS="692" HPOS="1696" CONTENT="in"/>
                  <SP HEIGHT="62" WIDTH="15" VPOS="692" HPOS="1787"/>
                  <String HEIGHT="62"
                          WIDTH="183"
                          VPOS="692"
                          HPOS="1741"
                          CONTENT="spiritum"/>
                  <SP HEIGHT="62" WIDTH="15" VPOS="692" HPOS="1924"/>
                  <String HEIGHT="62"
                          WIDTH="92"
                          VPOS="692"
                          HPOS="1863"
                          CONTENT="san"
                          SUBS_TYPE="HypPart1"
                          SUBS_CONTENT="sanctum"/>
                  <HYP CONTENT="-"/>
               </TextLine>
               <TextLine ID="r2l27"
                         BASELINE="799"
                         HEIGHT="67"
                         WIDTH="829"
                         VPOS="732"
                         HPOS="1117">
                  <String HEIGHT="67"
                          WIDTH="130"
                          VPOS="732"
                          HPOS="1101"
                          CONTENT="ctum"
                          SUBS_TYPE="HypPart2"
                          SUBS_CONTENT="sanctum"/>
                  <SP HEIGHT="67" WIDTH="16" VPOS="732" HPOS="1231"/>
                  <String HEIGHT="67"
                          WIDTH="163"
                          VPOS="732"
                          HPOS="1182"
                          CONTENT="aliquo"/>
                  <SP HEIGHT="67" WIDTH="16" VPOS="732" HPOS="1345"/>
                  <String HEIGHT="67"
                          WIDTH="130"
                          VPOS="732"
                          HPOS="1296"
                          CONTENT="modo"/>
                  <SP HEIGHT="67" WIDTH="16" VPOS="732" HPOS="1426"/>
                  <String HEIGHT="67"
                          WIDTH="146"
                          VPOS="732"
                          HPOS="1377"
                          CONTENT="facit"/>
                  <SP HEIGHT="67" WIDTH="16" VPOS="732" HPOS="1523"/>
                  <String HEIGHT="67"
                          WIDTH="228"
                          VPOS="732"
                          HPOS="1475"
                          CONTENT="peccatorem"/>
                  <SP HEIGHT="67" WIDTH="16" VPOS="732" HPOS="1702"/>
                  <String HEIGHT="67"
                          WIDTH="260"
                          VPOS="732"
                          HPOS="1653"
                          CONTENT="impenitiuum:"/>
                  <SP HEIGHT="67" WIDTH="16" VPOS="732" HPOS="1913"/>
                  <String HEIGHT="67"
                          WIDTH="98"
                          VPOS="732"
                          HPOS="1848"
                          CONTENT="ergo"/>
               </TextLine>
               <TextLine ID="r2l29"
                         BASELINE="832"
                         HEIGHT="60"
                         WIDTH="558"
                         VPOS="772"
                         HPOS="1123">
                  <String HEIGHT="60"
                          WIDTH="202"
                          VPOS="772"
                          HPOS="1108"
                          CONTENT="quodlibet"/>
                  <SP HEIGHT="60" WIDTH="16" VPOS="772" HPOS="1309"/>
                  <String HEIGHT="60"
                          WIDTH="155"
                          VPOS="772"
                          HPOS="1263"
                          CONTENT="potest"/>
                  <SP HEIGHT="60" WIDTH="16" VPOS="772" HPOS="1418"/>
                  <String HEIGHT="60"
                          WIDTH="124"
                          VPOS="772"
                          HPOS="1371"
                          CONTENT="dici"/>
                  <SP HEIGHT="60" WIDTH="16" VPOS="772" HPOS="1495"/>
                  <String HEIGHT="60"
                          WIDTH="248"
                          VPOS="772"
                          HPOS="1433"
                          CONTENT="irremissibile"
                          SUBS_TYPE="HypPart1"
                          SUBS_CONTENT="irremissibileDicunt"/>
                  <HYP CONTENT="-"/>
               </TextLine>
               <TextLine ID="r2l31"
                         BASELINE="867"
                         HEIGHT="54"
                         WIDTH="813"
                         VPOS="813"
                         HPOS="1139">
                  <String HEIGHT="54"
                          WIDTH="163"
                          VPOS="813"
                          HPOS="1123"
                          CONTENT="Dicunt"
                          SUBS_TYPE="HypPart2"
                          SUBS_CONTENT="irremissibileDicunt"/>
                  <SP HEIGHT="54" WIDTH="16" VPOS="813" HPOS="1285"/>
                  <String HEIGHT="54"
                          WIDTH="146"
                          VPOS="813"
                          HPOS="1237"
                          CONTENT="autem"/>
                  <SP HEIGHT="54" WIDTH="16" VPOS="813" HPOS="1383"/>
                  <String HEIGHT="54"
                          WIDTH="163"
                          VPOS="813"
                          HPOS="1334"
                          CONTENT="quidam"/>
                  <SP HEIGHT="54" WIDTH="16" VPOS="813" HPOS="1497"/>
                  <String HEIGHT="54"
                          WIDTH="195"
                          VPOS="813"
                          HPOS="1448"
                          CONTENT="doctores"/>
                  <SP HEIGHT="54" WIDTH="16" VPOS="813" HPOS="1643"/>
                  <String HEIGHT="54" WIDTH="98" VPOS="813" HPOS="1594" CONTENT="in"/>
                  <SP HEIGHT="54" WIDTH="16" VPOS="813" HPOS="1692"/>
                  <String HEIGHT="54"
                          WIDTH="130"
                          VPOS="813"
                          HPOS="1643"
                          CONTENT="ista"/>
                  <SP HEIGHT="54" WIDTH="16" VPOS="813" HPOS="1773"/>
                  <String HEIGHT="54"
                          WIDTH="195"
                          VPOS="813"
                          HPOS="1724"
                          CONTENT="materia,"/>
                  <SP HEIGHT="54" WIDTH="16" VPOS="813" HPOS="1919"/>
                  <String HEIGHT="54"
                          WIDTH="98"
                          VPOS="813"
                          HPOS="1854"
                          CONTENT="quod"/>
               </TextLine>
               <TextLine ID="r2l34"
                         BASELINE="898"
                         HEIGHT="50"
                         WIDTH="849"
                         VPOS="848"
                         HPOS="1111">
                  <String HEIGHT="50" WIDTH="98" VPOS="848" HPOS="1095" CONTENT="si"/>
                  <SP HEIGHT="50" WIDTH="16" VPOS="848" HPOS="1193"/>
                  <String HEIGHT="50"
                          WIDTH="180"
                          VPOS="848"
                          HPOS="1144"
                          CONTENT="vocetur"/>
                  <SP HEIGHT="50" WIDTH="16" VPOS="848" HPOS="1323"/>
                  <String HEIGHT="50"
                          WIDTH="196"
                          VPOS="848"
                          HPOS="1274"
                          CONTENT="peccatum"/>
                  <SP HEIGHT="50" WIDTH="16" VPOS="848" HPOS="1470"/>
                  <String HEIGHT="50" WIDTH="98" VPOS="848" HPOS="1421" CONTENT="in"/>
                  <SP HEIGHT="50" WIDTH="16" VPOS="848" HPOS="1519"/>
                  <String HEIGHT="50"
                          WIDTH="196"
                          VPOS="848"
                          HPOS="1470"
                          CONTENT="spiritum"/>
                  <SP HEIGHT="50" WIDTH="16" VPOS="848" HPOS="1666"/>
                  <String HEIGHT="50"
                          WIDTH="180"
                          VPOS="848"
                          HPOS="1617"
                          CONTENT="sanctum"/>
                  <SP HEIGHT="50" WIDTH="16" VPOS="848" HPOS="1797"/>
                  <String HEIGHT="50"
                          WIDTH="196"
                          VPOS="848"
                          HPOS="1748"
                          CONTENT="peccatum"/>
                  <SP HEIGHT="50" WIDTH="16" VPOS="848" HPOS="1944"/>
                  <String HEIGHT="50" WIDTH="82" VPOS="848" HPOS="1878" CONTENT="mor"/>
               </TextLine>
               <TextLine ID="r2l36"
                         BASELINE="945"
                         HEIGHT="50"
                         WIDTH="850"
                         VPOS="895"
                         HPOS="1109">
                  <String HEIGHT="50"
                          WIDTH="113"
                          VPOS="895"
                          HPOS="1095"
                          CONTENT="tale"/>
                  <SP HEIGHT="50" WIDTH="14" VPOS="895" HPOS="1208"/>
                  <String HEIGHT="50" WIDTH="99" VPOS="895" HPOS="1166" CONTENT="cum"/>
                  <SP HEIGHT="50" WIDTH="14" VPOS="895" HPOS="1265"/>
                  <String HEIGHT="50"
                          WIDTH="142"
                          VPOS="895"
                          HPOS="1222"
                          CONTENT="finali"/>
                  <SP HEIGHT="50" WIDTH="14" VPOS="895" HPOS="1364"/>
                  <String HEIGHT="50"
                          WIDTH="241"
                          VPOS="895"
                          HPOS="1322"
                          CONTENT="impenitentia,"/>
                  <SP HEIGHT="50" WIDTH="14" VPOS="895" HPOS="1562"/>
                  <String HEIGHT="50" WIDTH="85" VPOS="895" HPOS="1520" CONTENT="vt"/>
                  <SP HEIGHT="50" WIDTH="14" VPOS="895" HPOS="1605"/>
                  <String HEIGHT="50"
                          WIDTH="184"
                          VPOS="895"
                          HPOS="1562"
                          CONTENT="accipitur"/>
                  <SP HEIGHT="50" WIDTH="14" VPOS="895" HPOS="1747"/>
                  <String HEIGHT="50"
                          WIDTH="170"
                          VPOS="895"
                          HPOS="1704"
                          CONTENT="peccatum"/>
                  <SP HEIGHT="50" WIDTH="14" VPOS="895" HPOS="1874"/>
                  <String HEIGHT="50" WIDTH="85" VPOS="895" HPOS="1832" CONTENT="in"/>
                  <SP HEIGHT="50" WIDTH="14" VPOS="895" HPOS="1917"/>
                  <String HEIGHT="50"
                          WIDTH="99"
                          VPOS="895"
                          HPOS="1860"
                          CONTENT="spiri"/>
               </TextLine>
               <TextLine ID="r2l38"
                         BASELINE="983"
                         HEIGHT="52"
                         WIDTH="864"
                         VPOS="931"
                         HPOS="1106">
                  <String HEIGHT="52"
                          WIDTH="106"
                          VPOS="931"
                          HPOS="1091"
                          CONTENT="tum"/>
                  <SP HEIGHT="52" WIDTH="15" VPOS="931" HPOS="1197"/>
                  <String HEIGHT="52"
                          WIDTH="167"
                          VPOS="931"
                          HPOS="1151"
                          CONTENT="sanctum"/>
                  <SP HEIGHT="52" WIDTH="15" VPOS="931" HPOS="1318"/>
                  <String HEIGHT="52" WIDTH="76" VPOS="931" HPOS="1273" CONTENT="a"/>
                  <SP HEIGHT="52" WIDTH="15" VPOS="931" HPOS="1349"/>
                  <String HEIGHT="52"
                          WIDTH="136"
                          VPOS="931"
                          HPOS="1303"
                          CONTENT="beato"/>
                  <SP HEIGHT="52" WIDTH="15" VPOS="931" HPOS="1439"/>
                  <String HEIGHT="52"
                          WIDTH="212"
                          VPOS="931"
                          HPOS="1394"
                          CONTENT="Augustino,"/>
                  <SP HEIGHT="52" WIDTH="15" VPOS="931" HPOS="1606"/>
                  <String HEIGHT="52"
                          WIDTH="106"
                          VPOS="931"
                          HPOS="1561"
                          CONTENT="sic"/>
                  <SP HEIGHT="52" WIDTH="15" VPOS="931" HPOS="1667"/>
                  <String HEIGHT="52"
                          WIDTH="227"
                          VPOS="931"
                          HPOS="1621"
                          CONTENT="simpliciter"/>
                  <SP HEIGHT="52" WIDTH="15" VPOS="931" HPOS="1849"/>
                  <String HEIGHT="52"
                          WIDTH="167"
                          VPOS="931"
                          HPOS="1803"
                          CONTENT="dicitur"/>
                  <SP HEIGHT="52" WIDTH="15" VPOS="931" HPOS="1970"/>
                  <String HEIGHT="52" WIDTH="61" VPOS="931" HPOS="1909" CONTENT="in"/>
               </TextLine>
               <TextLine ID="r2l40"
                         BASELINE="1017"
                         HEIGHT="42"
                         WIDTH="839"
                         VPOS="975"
                         HPOS="1113">
                  <String HEIGHT="42"
                          WIDTH="231"
                          VPOS="975"
                          HPOS="1099"
                          CONTENT="remissibile:"/>
                  <SP HEIGHT="42" WIDTH="14" VPOS="975" HPOS="1330"/>
                  <String HEIGHT="42"
                          WIDTH="116"
                          VPOS="975"
                          HPOS="1287"
                          CONTENT="quia"/>
                  <SP HEIGHT="42" WIDTH="14" VPOS="975" HPOS="1402"/>
                  <String HEIGHT="42"
                          WIDTH="159"
                          VPOS="975"
                          HPOS="1359"
                          CONTENT="numquam"/>
                  <SP HEIGHT="42" WIDTH="14" VPOS="975" HPOS="1518"/>
                  <String HEIGHT="42"
                          WIDTH="145"
                          VPOS="975"
                          HPOS="1475"
                          CONTENT="potest"/>
                  <SP HEIGHT="42" WIDTH="14" VPOS="975" HPOS="1619"/>
                  <String HEIGHT="42"
                          WIDTH="174"
                          VPOS="975"
                          HPOS="1576"
                          CONTENT="remitti,"/>
                  <SP HEIGHT="42" WIDTH="14" VPOS="975" HPOS="1749"/>
                  <String HEIGHT="42"
                          WIDTH="101"
                          VPOS="975"
                          HPOS="1706"
                          CONTENT="nec"/>
                  <SP HEIGHT="42" WIDTH="14" VPOS="975" HPOS="1807"/>
                  <String HEIGHT="42" WIDTH="87" VPOS="975" HPOS="1764" CONTENT="in"/>
                  <SP HEIGHT="42" WIDTH="14" VPOS="975" HPOS="1851"/>
                  <String HEIGHT="42"
                          WIDTH="116"
                          VPOS="975"
                          HPOS="1807"
                          CONTENT="vita"/>
                  <SP HEIGHT="42" WIDTH="14" VPOS="975" HPOS="1923"/>
                  <String HEIGHT="42"
                          WIDTH="87"
                          VPOS="975"
                          HPOS="1865"
                          CONTENT="ista"/>
               </TextLine>
               <TextLine ID="r2l42"
                         BASELINE="1057"
                         HEIGHT="46"
                         WIDTH="847"
                         VPOS="1011"
                         HPOS="1115">
                  <String HEIGHT="46"
                          WIDTH="198"
                          VPOS="1011"
                          HPOS="1101"
                          CONTENT="impediente"/>
                  <SP HEIGHT="46" WIDTH="14" VPOS="1011" HPOS="1299"/>
                  <String HEIGHT="46"
                          WIDTH="127"
                          VPOS="1011"
                          HPOS="1256"
                          CONTENT="fnali"/>
                  <SP HEIGHT="46" WIDTH="14" VPOS="1011" HPOS="1383"/>
                  <String HEIGHT="46"
                          WIDTH="254"
                          VPOS="1011"
                          HPOS="1341"
                          CONTENT="impoenitentia,"/>
                  <SP HEIGHT="46" WIDTH="14" VPOS="1011" HPOS="1595"/>
                  <String HEIGHT="46"
                          WIDTH="99"
                          VPOS="1011"
                          HPOS="1553"
                          CONTENT="nec"/>
                  <SP HEIGHT="46" WIDTH="14" VPOS="1011" HPOS="1651"/>
                  <String HEIGHT="46" WIDTH="85" VPOS="1011" HPOS="1609" CONTENT="in"/>
                  <SP HEIGHT="46" WIDTH="14" VPOS="1011" HPOS="1694"/>
                  <String HEIGHT="46"
                          WIDTH="113"
                          VPOS="1011"
                          HPOS="1651"
                          CONTENT="alia"/>
                  <SP HEIGHT="46" WIDTH="14" VPOS="1011" HPOS="1764"/>
                  <String HEIGHT="46"
                          WIDTH="127"
                          VPOS="1011"
                          HPOS="1722"
                          CONTENT="vita,"/>
                  <SP HEIGHT="46" WIDTH="14" VPOS="1011" HPOS="1849"/>
                  <String HEIGHT="46"
                          WIDTH="113"
                          VPOS="1011"
                          HPOS="1807"
                          CONTENT="quia"/>
                  <SP HEIGHT="46" WIDTH="14" VPOS="1011" HPOS="1920"/>
                  <String HEIGHT="46" WIDTH="85" VPOS="1011" HPOS="1877" CONTENT="in"/>
                  <SP HEIGHT="46" WIDTH="14" VPOS="1011" HPOS="1962"/>
                  <String HEIGHT="46" WIDTH="56" VPOS="1011" HPOS="1906" CONTENT="ea"/>
               </TextLine>
               <TextLine ID="r2l44"
                         BASELINE="1094"
                         HEIGHT="42"
                         WIDTH="539"
                         VPOS="1052"
                         HPOS="1116">
                  <String HEIGHT="42"
                          WIDTH="105"
                          VPOS="1052"
                          HPOS="1101"
                          CONTENT="non"/>
                  <SP HEIGHT="42" WIDTH="15" VPOS="1052" HPOS="1206"/>
                  <String HEIGHT="42"
                          WIDTH="120"
                          VPOS="1052"
                          HPOS="1161"
                          CONTENT="erit"/>
                  <SP HEIGHT="42" WIDTH="15" VPOS="1052" HPOS="1281"/>
                  <String HEIGHT="42"
                          WIDTH="150"
                          VPOS="1052"
                          HPOS="1236"
                          CONTENT="status"/>
                  <SP HEIGHT="42" WIDTH="15" VPOS="1052" HPOS="1386"/>
                  <String HEIGHT="42"
                          WIDTH="240"
                          VPOS="1052"
                          HPOS="1341"
                          CONTENT="remissionis:"/>
                  <SP HEIGHT="42" WIDTH="15" VPOS="1052" HPOS="1580"/>
                  <String HEIGHT="42"
                          WIDTH="120"
                          VPOS="1052"
                          HPOS="1535"
                          CONTENT="ergo"/>
                  <SP HEIGHT="42" WIDTH="15" VPOS="1052" HPOS="1655"/>
                  <String HEIGHT="42" WIDTH="60" VPOS="1052" HPOS="1595" CONTENT="&amp;c"/>
               </TextLine>
               <TextLine ID="line_1603039176079_2232"
                         BASELINE="1132"
                         HEIGHT="38"
                         WIDTH="864"
                         VPOS="1094"
                         HPOS="1119">
                  <String HEIGHT="38" WIDTH="77" VPOS="1094" HPOS="1104" CONTENT="1"/>
                  <SP HEIGHT="38" WIDTH="15" VPOS="1094" HPOS="1181"/>
                  <String HEIGHT="38"
                          WIDTH="108"
                          VPOS="1094"
                          HPOS="1134"
                          CONTENT="Sed"/>
                  <SP HEIGHT="38" WIDTH="15" VPOS="1094" HPOS="1242"/>
                  <String HEIGHT="38"
                          WIDTH="139"
                          VPOS="1094"
                          HPOS="1196"
                          CONTENT="istud"/>
                  <SP HEIGHT="38" WIDTH="15" VPOS="1094" HPOS="1335"/>
                  <String HEIGHT="38"
                          WIDTH="108"
                          VPOS="1094"
                          HPOS="1289"
                          CONTENT="non"/>
                  <SP HEIGHT="38" WIDTH="15" VPOS="1094" HPOS="1397"/>
                  <String HEIGHT="38"
                          WIDTH="170"
                          VPOS="1094"
                          HPOS="1350"
                          CONTENT="videtur"/>
                  <SP HEIGHT="38" WIDTH="15" VPOS="1094" HPOS="1520"/>
                  <String HEIGHT="38"
                          WIDTH="123"
                          VPOS="1094"
                          HPOS="1474"
                          CONTENT="esse"/>
                  <SP HEIGHT="38" WIDTH="15" VPOS="1094" HPOS="1597"/>
                  <String HEIGHT="38"
                          WIDTH="154"
                          VPOS="1094"
                          HPOS="1551"
                          CONTENT="verum:"/>
                  <SP HEIGHT="38" WIDTH="15" VPOS="1094" HPOS="1705"/>
                  <String HEIGHT="38"
                          WIDTH="123"
                          VPOS="1094"
                          HPOS="1659"
                          CONTENT="quia"/>
                  <SP HEIGHT="38" WIDTH="15" VPOS="1094" HPOS="1782"/>
                  <String HEIGHT="38"
                          WIDTH="185"
                          VPOS="1094"
                          HPOS="1736"
                          CONTENT="infinita"/>
                  <SP HEIGHT="38" WIDTH="15" VPOS="1094" HPOS="1921"/>
                  <String HEIGHT="38"
                          WIDTH="123"
                          VPOS="1094"
                          HPOS="1860"
                          CONTENT="potens"/>
               </TextLine>
               <TextLine ID="line_1603039176080_2234"
                         BASELINE="1182"
                         HEIGHT="52"
                         WIDTH="880"
                         VPOS="1130"
                         HPOS="1103">
                  <String HEIGHT="52"
                          WIDTH="121"
                          VPOS="1130"
                          HPOS="1086"
                          CONTENT="tia"/>
                  <SP HEIGHT="52" WIDTH="17" VPOS="1130" HPOS="1207"/>
                  <String HEIGHT="52"
                          WIDTH="121"
                          VPOS="1130"
                          HPOS="1155"
                          CONTENT="Dei"/>
                  <SP HEIGHT="52" WIDTH="17" VPOS="1130" HPOS="1276"/>
                  <String HEIGHT="52"
                          WIDTH="121"
                          VPOS="1130"
                          HPOS="1224"
                          CONTENT="non"/>
                  <SP HEIGHT="52" WIDTH="17" VPOS="1130" HPOS="1345"/>
                  <String HEIGHT="52"
                          WIDTH="242"
                          VPOS="1130"
                          HPOS="1293"
                          CONTENT="exhauritur"/>
                  <SP HEIGHT="52" WIDTH="17" VPOS="1130" HPOS="1534"/>
                  <String HEIGHT="52"
                          WIDTH="259"
                          VPOS="1130"
                          HPOS="1483"
                          CONTENT="magnitudine"/>
                  <SP HEIGHT="52" WIDTH="17" VPOS="1130" HPOS="1741"/>
                  <String HEIGHT="52"
                          WIDTH="259"
                          VPOS="1130"
                          HPOS="1690"
                          CONTENT="cuiuscumque"/>
                  <SP HEIGHT="52" WIDTH="17" VPOS="1130" HPOS="1948"/>
                  <String HEIGHT="52"
                          WIDTH="104"
                          VPOS="1130"
                          HPOS="1879"
                          CONTENT="pec"
                          SUBS_TYPE="HypPart1"
                          SUBS_CONTENT="peccati;"/>
                  <HYP CONTENT="-"/>
               </TextLine>
               <TextLine ID="r2l51"
                         BASELINE="1213"
                         HEIGHT="42"
                         WIDTH="746"
                         VPOS="1171"
                         HPOS="1107">
                  <String HEIGHT="42"
                          WIDTH="146"
                          VPOS="1171"
                          HPOS="1091"
                          CONTENT="cati;"
                          SUBS_TYPE="HypPart2"
                          SUBS_CONTENT="peccati;"/>
                  <SP HEIGHT="42" WIDTH="16" VPOS="1171" HPOS="1237"/>
                  <String HEIGHT="42"
                          WIDTH="130"
                          VPOS="1171"
                          HPOS="1188"
                          CONTENT="ergo"/>
                  <SP HEIGHT="42" WIDTH="16" VPOS="1171" HPOS="1318"/>
                  <String HEIGHT="42"
                          WIDTH="130"
                          VPOS="1171"
                          HPOS="1269"
                          CONTENT="Deus"/>
                  <SP HEIGHT="42" WIDTH="16" VPOS="1171" HPOS="1399"/>
                  <String HEIGHT="42"
                          WIDTH="130"
                          VPOS="1171"
                          HPOS="1350"
                          CONTENT="omne"/>
                  <SP HEIGHT="42" WIDTH="16" VPOS="1171" HPOS="1480"/>
                  <String HEIGHT="42"
                          WIDTH="195"
                          VPOS="1171"
                          HPOS="1431"
                          CONTENT="peccatum"/>
                  <SP HEIGHT="42" WIDTH="16" VPOS="1171" HPOS="1626"/>
                  <String HEIGHT="42"
                          WIDTH="162"
                          VPOS="1171"
                          HPOS="1577"
                          CONTENT="potest"/>
                  <SP HEIGHT="42" WIDTH="16" VPOS="1171" HPOS="1739"/>
                  <String HEIGHT="42"
                          WIDTH="178"
                          VPOS="1171"
                          HPOS="1675"
                          CONTENT="remittere"/>
               </TextLine>
               <TextLine ID="r2l53"
                         BASELINE="1251"
                         HEIGHT="48"
                         WIDTH="827"
                         VPOS="1203"
                         HPOS="1126">
                  <String HEIGHT="48" WIDTH="80" VPOS="1203" HPOS="1110" CONTENT="2"/>
                  <SP HEIGHT="48" WIDTH="16" VPOS="1203" HPOS="1190"/>
                  <String HEIGHT="48"
                          WIDTH="223"
                          VPOS="1203"
                          HPOS="1142"
                          CONTENT="Praeterea,"/>
                  <SP HEIGHT="48" WIDTH="16" VPOS="1203" HPOS="1365"/>
                  <String HEIGHT="48"
                          WIDTH="143"
                          VPOS="1203"
                          HPOS="1317"
                          CONTENT="satis"/>
                  <SP HEIGHT="48" WIDTH="16" VPOS="1203" HPOS="1460"/>
                  <String HEIGHT="48"
                          WIDTH="223"
                          VPOS="1203"
                          HPOS="1412"
                          CONTENT="communiter"/>
                  <SP HEIGHT="48" WIDTH="16" VPOS="1203" HPOS="1635"/>
                  <String HEIGHT="48"
                          WIDTH="175"
                          VPOS="1203"
                          HPOS="1587"
                          CONTENT="dicitur"/>
                  <SP HEIGHT="48" WIDTH="16" VPOS="1203" HPOS="1762"/>
                  <String HEIGHT="48" WIDTH="95" VPOS="1203" HPOS="1714" CONTENT="ad"/>
                  <SP HEIGHT="48" WIDTH="16" VPOS="1203" HPOS="1810"/>
                  <String HEIGHT="48"
                          WIDTH="159"
                          VPOS="1203"
                          HPOS="1762"
                          CONTENT="preces"/>
                  <SP HEIGHT="48" WIDTH="16" VPOS="1203" HPOS="1921"/>
                  <String HEIGHT="48"
                          WIDTH="95"
                          VPOS="1203"
                          HPOS="1858"
                          CONTENT="Ore"
                          SUBS_TYPE="HypPart1"
                          SUBS_CONTENT="Oregorii"/>
                  <HYP CONTENT="-"/>
               </TextLine>
               <TextLine ID="line_1603039176081_2236"
                         BASELINE="1300"
                         HEIGHT="56"
                         WIDTH="867"
                         VPOS="1244"
                         HPOS="1115">
                  <String HEIGHT="56"
                          WIDTH="139"
                          VPOS="1244"
                          HPOS="1100"
                          CONTENT="gorii"
                          SUBS_TYPE="HypPart2"
                          SUBS_CONTENT="Oregorii"/>
                  <SP HEIGHT="56" WIDTH="15" VPOS="1244" HPOS="1239"/>
                  <String HEIGHT="56"
                          WIDTH="186"
                          VPOS="1244"
                          HPOS="1192"
                          CONTENT="Traianum"/>
                  <SP HEIGHT="56" WIDTH="15" VPOS="1244" HPOS="1378"/>
                  <String HEIGHT="56"
                          WIDTH="155"
                          VPOS="1244"
                          HPOS="1332"
                          CONTENT="fuisse"/>
                  <SP HEIGHT="56" WIDTH="15" VPOS="1244" HPOS="1487"/>
                  <String HEIGHT="56" WIDTH="93" VPOS="1244" HPOS="1440" CONTENT="ab"/>
                  <SP HEIGHT="56" WIDTH="15" VPOS="1244" HPOS="1533"/>
                  <String HEIGHT="56"
                          WIDTH="170"
                          VPOS="1244"
                          HPOS="1487"
                          CONTENT="inferno"/>
                  <SP HEIGHT="56" WIDTH="15" VPOS="1244" HPOS="1657"/>
                  <String HEIGHT="56"
                          WIDTH="217"
                          VPOS="1244"
                          HPOS="1610"
                          CONTENT="liberatum,"/>
                  <SP HEIGHT="56" WIDTH="15" VPOS="1244" HPOS="1827"/>
                  <String HEIGHT="56" WIDTH="77" VPOS="1244" HPOS="1781" CONTENT="&amp;"/>
                  <SP HEIGHT="56" WIDTH="15" VPOS="1244" HPOS="1858"/>
                  <String HEIGHT="56" WIDTH="93" VPOS="1244" HPOS="1812" CONTENT="ad"/>
                  <SP HEIGHT="56" WIDTH="15" VPOS="1244" HPOS="1905"/>
                  <String HEIGHT="56"
                          WIDTH="139"
                          VPOS="1244"
                          HPOS="1843"
                          CONTENT="agendum"/>
               </TextLine>
               <TextLine ID="line_1603039176082_2238"
                         BASELINE="1334"
                         HEIGHT="47"
                         WIDTH="856"
                         VPOS="1287"
                         HPOS="1126">
                  <String HEIGHT="47"
                          WIDTH="252"
                          VPOS="1287"
                          HPOS="1109"
                          CONTENT="oenitentiam"/>
                  <SP HEIGHT="47" WIDTH="17" VPOS="1287" HPOS="1361"/>
                  <String HEIGHT="47"
                          WIDTH="101"
                          VPOS="1287"
                          HPOS="1311"
                          CONTENT="de"/>
                  <SP HEIGHT="47" WIDTH="17" VPOS="1287" HPOS="1411"/>
                  <String HEIGHT="47"
                          WIDTH="185"
                          VPOS="1287"
                          HPOS="1361"
                          CONTENT="mortuis"/>
                  <SP HEIGHT="47" WIDTH="17" VPOS="1287" HPOS="1546"/>
                  <String HEIGHT="47"
                          WIDTH="285"
                          VPOS="1287"
                          HPOS="1495"
                          CONTENT="resuscitatum:"/>
                  <SP HEIGHT="47" WIDTH="17" VPOS="1287" HPOS="1781"/>
                  <String HEIGHT="47" WIDTH="84" VPOS="1287" HPOS="1730" CONTENT="&amp;"/>
                  <SP HEIGHT="47" WIDTH="17" VPOS="1287" HPOS="1814"/>
                  <String HEIGHT="47"
                          WIDTH="151"
                          VPOS="1287"
                          HPOS="1764"
                          CONTENT="tamen"/>
                  <SP HEIGHT="47" WIDTH="17" VPOS="1287" HPOS="1915"/>
                  <String HEIGHT="47"
                          WIDTH="134"
                          VPOS="1287"
                          HPOS="1848"
                          CONTENT="planum"/>
               </TextLine>
               <TextLine ID="line_1603039176082_2240"
                         BASELINE="1381"
                         HEIGHT="54"
                         WIDTH="879"
                         VPOS="1327"
                         HPOS="1104">
                  <String HEIGHT="54"
                          WIDTH="121"
                          VPOS="1327"
                          HPOS="1089"
                          CONTENT="est,"/>
                  <SP HEIGHT="54" WIDTH="15" VPOS="1327" HPOS="1210"/>
                  <String HEIGHT="54"
                          WIDTH="121"
                          VPOS="1327"
                          HPOS="1165"
                          CONTENT="quod"/>
                  <SP HEIGHT="54" WIDTH="15" VPOS="1327" HPOS="1286"/>
                  <String HEIGHT="54"
                          WIDTH="182"
                          VPOS="1327"
                          HPOS="1240"
                          CONTENT="Traianus"/>
                  <SP HEIGHT="54" WIDTH="15" VPOS="1327" HPOS="1422"/>
                  <String HEIGHT="54" WIDTH="91" VPOS="1327" HPOS="1377" CONTENT="in"/>
                  <SP HEIGHT="54" WIDTH="15" VPOS="1327" HPOS="1468"/>
                  <String HEIGHT="54"
                          WIDTH="152"
                          VPOS="1327"
                          HPOS="1422"
                          CONTENT="multis"/>
                  <SP HEIGHT="54" WIDTH="15" VPOS="1327" HPOS="1574"/>
                  <String HEIGHT="54"
                          WIDTH="182"
                          VPOS="1327"
                          HPOS="1528"
                          CONTENT="peccatis"/>
                  <SP HEIGHT="54" WIDTH="15" VPOS="1327" HPOS="1710"/>
                  <String HEIGHT="54"
                          WIDTH="212"
                          VPOS="1327"
                          HPOS="1665"
                          CONTENT="mortalibus"/>
                  <SP HEIGHT="54" WIDTH="15" VPOS="1327" HPOS="1877"/>
                  <String HEIGHT="54"
                          WIDTH="167"
                          VPOS="1327"
                          HPOS="1816"
                          CONTENT="decessits"/>
               </TextLine>
               <TextLine ID="line_1603039176083_2242"
                         BASELINE="1413"
                         HEIGHT="47"
                         WIDTH="860"
                         VPOS="1366"
                         HPOS="1122">
                  <String HEIGHT="47"
                          WIDTH="166"
                          VPOS="1366"
                          HPOS="1107"
                          CONTENT="propter"/>
                  <SP HEIGHT="47" WIDTH="15" VPOS="1366" HPOS="1273"/>
                  <String HEIGHT="47"
                          WIDTH="151"
                          VPOS="1366"
                          HPOS="1228"
                          CONTENT="multas"/>
                  <SP HEIGHT="47" WIDTH="15" VPOS="1366" HPOS="1378"/>
                  <String HEIGHT="47"
                          WIDTH="181"
                          VPOS="1366"
                          HPOS="1333"
                          CONTENT="martvrum"/>
                  <SP HEIGHT="47" WIDTH="15" VPOS="1366" HPOS="1514"/>
                  <String HEIGHT="47"
                          WIDTH="181"
                          VPOS="1366"
                          HPOS="1469"
                          CONTENT="strages,"/>
                  <SP HEIGHT="47" WIDTH="15" VPOS="1366" HPOS="1650"/>
                  <String HEIGHT="47"
                          WIDTH="121"
                          VPOS="1366"
                          HPOS="1605"
                          CONTENT="quas"/>
                  <SP HEIGHT="47" WIDTH="15" VPOS="1366" HPOS="1726"/>
                  <String HEIGHT="47"
                          WIDTH="151"
                          VPOS="1366"
                          HPOS="1680"
                          CONTENT="fecit,"/>
                  <SP HEIGHT="47" WIDTH="15" VPOS="1366" HPOS="1831"/>
                  <String HEIGHT="47" WIDTH="75" VPOS="1366" HPOS="1786" CONTENT="&amp;"/>
                  <SP HEIGHT="47" WIDTH="15" VPOS="1366" HPOS="1861"/>
                  <String HEIGHT="47"
                          WIDTH="106"
                          VPOS="1366"
                          HPOS="1816"
                          CONTENT="cum"/>
                  <SP HEIGHT="47" WIDTH="15" VPOS="1366" HPOS="1922"/>
                  <String HEIGHT="47"
                          WIDTH="121"
                          VPOS="1366"
                          HPOS="1861"
                          CONTENT="finali"/>
               </TextLine>
               <TextLine ID="r2l63"
                         BASELINE="1453"
                         HEIGHT="53"
                         WIDTH="845"
                         VPOS="1400"
                         HPOS="1116">
                  <String HEIGHT="53"
                          WIDTH="233"
                          VPOS="1400"
                          HPOS="1101"
                          CONTENT="mpoenitentia"/>
                  <SP HEIGHT="53" WIDTH="15" VPOS="1400" HPOS="1335"/>
                  <String HEIGHT="53"
                          WIDTH="189"
                          VPOS="1400"
                          HPOS="1291"
                          CONTENT="decessit,"/>
                  <SP HEIGHT="53" WIDTH="15" VPOS="1400" HPOS="1480"/>
                  <String HEIGHT="53"
                          WIDTH="117"
                          VPOS="1400"
                          HPOS="1437"
                          CONTENT="quia"/>
                  <SP HEIGHT="53" WIDTH="15" VPOS="1400" HPOS="1553"/>
                  <String HEIGHT="53" WIDTH="87" VPOS="1400" HPOS="1509" CONTENT="si"/>
                  <SP HEIGHT="53" WIDTH="15" VPOS="1400" HPOS="1597"/>
                  <String HEIGHT="53"
                          WIDTH="233"
                          VPOS="1400"
                          HPOS="1553"
                          CONTENT="poenitentiam"/>
                  <SP HEIGHT="53" WIDTH="15" VPOS="1400" HPOS="1786"/>
                  <String HEIGHT="53"
                          WIDTH="175"
                          VPOS="1400"
                          HPOS="1742"
                          CONTENT="egisset,"/>
                  <SP HEIGHT="53" WIDTH="15" VPOS="1400" HPOS="1917"/>
                  <String HEIGHT="53"
                          WIDTH="102"
                          VPOS="1400"
                          HPOS="1859"
                          CONTENT="ante"
                          SUBS_TYPE="HypPart1"
                          SUBS_CONTENT="antequam"/>
                  <HYP CONTENT="-"/>
               </TextLine>
               <TextLine ID="r2l65"
                         BASELINE="1492"
                         HEIGHT="48"
                         WIDTH="845"
                         VPOS="1444"
                         HPOS="1112">
                  <String HEIGHT="48"
                          WIDTH="119"
                          VPOS="1444"
                          HPOS="1097"
                          CONTENT="quam"
                          SUBS_TYPE="HypPart2"
                          SUBS_CONTENT="antequam"/>
                  <SP HEIGHT="48" WIDTH="15" VPOS="1444" HPOS="1216"/>
                  <String HEIGHT="48"
                          WIDTH="237"
                          VPOS="1444"
                          HPOS="1171"
                          CONTENT="decessisset,"/>
                  <SP HEIGHT="48" WIDTH="15" VPOS="1444" HPOS="1408"/>
                  <String HEIGHT="48"
                          WIDTH="119"
                          VPOS="1444"
                          HPOS="1364"
                          CONTENT="tunc"/>
                  <SP HEIGHT="48" WIDTH="15" VPOS="1444" HPOS="1483"/>
                  <String HEIGHT="48"
                          WIDTH="104"
                          VPOS="1444"
                          HPOS="1438"
                          CONTENT="pro"/>
                  <SP HEIGHT="48" WIDTH="15" VPOS="1444" HPOS="1542"/>
                  <String HEIGHT="48"
                          WIDTH="119"
                          VPOS="1444"
                          HPOS="1497"
                          CONTENT="suis"/>
                  <SP HEIGHT="48" WIDTH="15" VPOS="1444" HPOS="1616"/>
                  <String HEIGHT="48"
                          WIDTH="178"
                          VPOS="1444"
                          HPOS="1572"
                          CONTENT="peccatis"/>
                  <SP HEIGHT="48" WIDTH="15" VPOS="1444" HPOS="1749"/>
                  <String HEIGHT="48"
                          WIDTH="104"
                          VPOS="1444"
                          HPOS="1705"
                          CONTENT="non"/>
                  <SP HEIGHT="48" WIDTH="15" VPOS="1444" HPOS="1809"/>
                  <String HEIGHT="48"
                          WIDTH="163"
                          VPOS="1444"
                          HPOS="1764"
                          CONTENT="fuisset"/>
                  <SP HEIGHT="48" WIDTH="15" VPOS="1444" HPOS="1927"/>
                  <String HEIGHT="48"
                          WIDTH="89"
                          VPOS="1444"
                          HPOS="1868"
                          CONTENT="dam"
                          SUBS_TYPE="HypPart1"
                          SUBS_CONTENT="damnatus,"/>
                  <HYP CONTENT="-"/>
               </TextLine>
               <TextLine ID="r2l67"
                         BASELINE="1530"
                         HEIGHT="50"
                         WIDTH="792"
                         VPOS="1480"
                         HPOS="1115">
                  <String HEIGHT="50"
                          WIDTH="144"
                          VPOS="1480"
                          HPOS="1101"
                          CONTENT="natus,"
                          SUBS_TYPE="HypPart2"
                          SUBS_CONTENT="damnatus,"/>
                  <SP HEIGHT="50" WIDTH="14" VPOS="1480" HPOS="1245"/>
                  <String HEIGHT="50"
                          WIDTH="101"
                          VPOS="1480"
                          HPOS="1201"
                          CONTENT="nec"/>
                  <SP HEIGHT="50" WIDTH="14" VPOS="1480" HPOS="1302"/>
                  <String HEIGHT="50"
                          WIDTH="101"
                          VPOS="1480"
                          HPOS="1259"
                          CONTENT="pro"/>
                  <SP HEIGHT="50" WIDTH="14" VPOS="1480" HPOS="1360"/>
                  <String HEIGHT="50"
                          WIDTH="144"
                          VPOS="1480"
                          HPOS="1317"
                          CONTENT="agenda"/>
                  <SP HEIGHT="50" WIDTH="14" VPOS="1480" HPOS="1461"/>
                  <String HEIGHT="50"
                          WIDTH="216"
                          VPOS="1480"
                          HPOS="1417"
                          CONTENT="poenitentia"/>
                  <SP HEIGHT="50" WIDTH="14" VPOS="1480" HPOS="1633"/>
                  <String HEIGHT="50"
                          WIDTH="158"
                          VPOS="1480"
                          HPOS="1590"
                          CONTENT="fuisset"/>
                  <SP HEIGHT="50" WIDTH="14" VPOS="1480" HPOS="1749"/>
                  <String HEIGHT="50"
                          WIDTH="216"
                          VPOS="1480"
                          HPOS="1691"
                          CONTENT="resuscitatus."/>
               </TextLine>
               <TextLine ID="r2l70"
                         BASELINE="1633"
                         HEIGHT="79"
                         WIDTH="579"
                         VPOS="1554"
                         HPOS="1260">
                  <String HEIGHT="79"
                          WIDTH="627"
                          VPOS="1554"
                          HPOS="1212"
                          CONTENT="ARTICVLVS"/>
                  <SP HEIGHT="79" WIDTH="48" VPOS="1554" HPOS="1839"/>
                  <String HEIGHT="79"
                          WIDTH="193"
                          VPOS="1554"
                          HPOS="1646"
                          CONTENT="II"/>
               </TextLine>
               <TextLine ID="r2l73"
                         BASELINE="1720"
                         HEIGHT="80"
                         WIDTH="565"
                         VPOS="1640"
                         HPOS="1243">
                  <String HEIGHT="80"
                          WIDTH="159"
                          VPOS="1640"
                          HPOS="1225"
                          CONTENT="Vtrum"/>
                  <SP HEIGHT="80" WIDTH="18" VPOS="1640" HPOS="1384"/>
                  <String HEIGHT="80"
                          WIDTH="159"
                          VPOS="1640"
                          HPOS="1331"
                          CONTENT="omnis"/>
                  <SP HEIGHT="80" WIDTH="18" VPOS="1640" HPOS="1490"/>
                  <String HEIGHT="80"
                          WIDTH="212"
                          VPOS="1640"
                          HPOS="1437"
                          CONTENT="potentia"/>
                  <SP HEIGHT="80" WIDTH="18" VPOS="1640" HPOS="1649"/>
                  <String HEIGHT="80"
                          WIDTH="230"
                          VPOS="1640"
                          HPOS="1578"
                          CONTENT="peccandisit"/>
               </TextLine>
               <TextLine ID="r2l76"
                         BASELINE="1771"
                         HEIGHT="65"
                         WIDTH="106"
                         VPOS="1706"
                         HPOS="1483">
                  <String HEIGHT="65" WIDTH="88" VPOS="1706" HPOS="1465" CONTENT="4"/>
                  <SP HEIGHT="65" WIDTH="18" VPOS="1706" HPOS="1554"/>
                  <String HEIGHT="65"
                          WIDTH="106"
                          VPOS="1706"
                          HPOS="1483"
                          CONTENT="Deo."/>
               </TextLine>
               <TextLine ID="line_1603039176087_2244"
                         BASELINE="1842"
                         HEIGHT="49"
                         WIDTH="789"
                         VPOS="1793"
                         HPOS="1193">
                  <String HEIGHT="49"
                          WIDTH="183"
                          VPOS="1793"
                          HPOS="1175"
                          CONTENT="VANTVM"/>
                  <SP HEIGHT="49" WIDTH="18" VPOS="1793" HPOS="1358"/>
                  <String HEIGHT="49"
                          WIDTH="110"
                          VPOS="1793"
                          HPOS="1303"
                          CONTENT="ad"/>
                  <SP HEIGHT="49" WIDTH="18" VPOS="1793" HPOS="1413"/>
                  <String HEIGHT="49"
                          WIDTH="202"
                          VPOS="1793"
                          HPOS="1358"
                          CONTENT="tertium"/>
                  <SP HEIGHT="49" WIDTH="18" VPOS="1793" HPOS="1560"/>
                  <String HEIGHT="49"
                          WIDTH="239"
                          VPOS="1793"
                          HPOS="1505"
                          CONTENT="articulum"/>
                  <SP HEIGHT="49" WIDTH="18" VPOS="1793" HPOS="1743"/>
                  <String HEIGHT="49"
                          WIDTH="165"
                          VPOS="1793"
                          HPOS="1688"
                          CONTENT="dico,"/>
                  <SP HEIGHT="49" WIDTH="18" VPOS="1793" HPOS="1854"/>
                  <String HEIGHT="49"
                          WIDTH="147"
                          VPOS="1793"
                          HPOS="1799"
                          CONTENT="quod"/>
                  <SP HEIGHT="49" WIDTH="18" VPOS="1793" HPOS="1945"/>
                  <String HEIGHT="49"
                          WIDTH="110"
                          VPOS="1793"
                          HPOS="1872"
                          CONTENT="pote"/>
               </TextLine>
               <TextLine ID="r2l85"
                         BASELINE="1883"
                         HEIGHT="52"
                         WIDTH="338"
                         VPOS="1831"
                         HPOS="1231">
                  <String HEIGHT="52"
                          WIDTH="99"
                          VPOS="1831"
                          HPOS="1217"
                          CONTENT="tia"/>
                  <SP HEIGHT="52" WIDTH="14" VPOS="1831" HPOS="1316"/>
                  <String HEIGHT="52"
                          WIDTH="169"
                          VPOS="1831"
                          HPOS="1273"
                          CONTENT="peccandi"/>
                  <SP HEIGHT="52" WIDTH="14" VPOS="1831" HPOS="1442"/>
                  <String HEIGHT="52"
                          WIDTH="99"
                          VPOS="1831"
                          HPOS="1400"
                          CONTENT="est"/>
                  <SP HEIGHT="52" WIDTH="14" VPOS="1831" HPOS="1499"/>
                  <String HEIGHT="52" WIDTH="70" VPOS="1831" HPOS="1456" CONTENT="a"/>
                  <SP HEIGHT="52" WIDTH="14" VPOS="1831" HPOS="1527"/>
                  <String HEIGHT="52"
                          WIDTH="113"
                          VPOS="1831"
                          HPOS="1485"
                          CONTENT="Deo."/>
                  <SP HEIGHT="52" WIDTH="14" VPOS="1831" HPOS="1597"/>
                  <String HEIGHT="52" WIDTH="28" VPOS="1831" HPOS="1541" CONTENT=""/>
               </TextLine>
               <TextLine ID="r2l87"
                         BASELINE="1929"
                         HEIGHT="85"
                         WIDTH="833"
                         VPOS="1844"
                         HPOS="1121">
                  <String HEIGHT="85" WIDTH="80" VPOS="1844" HPOS="1105" CONTENT="1"/>
                  <SP HEIGHT="85" WIDTH="16" VPOS="1844" HPOS="1185"/>
                  <String HEIGHT="85"
                          WIDTH="128"
                          VPOS="1844"
                          HPOS="1137"
                          CONTENT="Quia"/>
                  <SP HEIGHT="85" WIDTH="16" VPOS="1844" HPOS="1265"/>
                  <String HEIGHT="85"
                          WIDTH="128"
                          VPOS="1844"
                          HPOS="1217"
                          CONTENT="omne"/>
                  <SP HEIGHT="85" WIDTH="16" VPOS="1844" HPOS="1345"/>
                  <String HEIGHT="85"
                          WIDTH="112"
                          VPOS="1844"
                          HPOS="1297"
                          CONTENT="ens"/>
                  <SP HEIGHT="85" WIDTH="16" VPOS="1844" HPOS="1409"/>
                  <String HEIGHT="85"
                          WIDTH="112"
                          VPOS="1844"
                          HPOS="1361"
                          CONTENT="est"/>
                  <SP HEIGHT="85" WIDTH="16" VPOS="1844" HPOS="1473"/>
                  <String HEIGHT="85" WIDTH="80" VPOS="1844" HPOS="1425" CONTENT="a"/>
                  <SP HEIGHT="85" WIDTH="16" VPOS="1844" HPOS="1505"/>
                  <String HEIGHT="85"
                          WIDTH="128"
                          VPOS="1844"
                          HPOS="1457"
                          CONTENT="Deo,"/>
                  <SP HEIGHT="85" WIDTH="16" VPOS="1844" HPOS="1586"/>
                  <String HEIGHT="85"
                          WIDTH="192"
                          VPOS="1844"
                          HPOS="1538"
                          CONTENT="potentia"/>
                  <SP HEIGHT="85" WIDTH="16" VPOS="1844" HPOS="1730"/>
                  <String HEIGHT="85"
                          WIDTH="192"
                          VPOS="1844"
                          HPOS="1682"
                          CONTENT="peccandi"/>
                  <SP HEIGHT="85" WIDTH="16" VPOS="1844" HPOS="1874"/>
                  <String HEIGHT="85"
                          WIDTH="112"
                          VPOS="1844"
                          HPOS="1826"
                          CONTENT="est"/>
                  <SP HEIGHT="85" WIDTH="16" VPOS="1844" HPOS="1938"/>
                  <String HEIGHT="85"
                          WIDTH="80"
                          VPOS="1844"
                          HPOS="1874"
                          CONTENT="ali"/>
               </TextLine>
               <TextLine ID="line_1603039176088_2246"
                         BASELINE="1959"
                         HEIGHT="47"
                         WIDTH="866"
                         VPOS="1912"
                         HPOS="1117">
                  <String HEIGHT="47"
                          WIDTH="119"
                          VPOS="1912"
                          HPOS="1102"
                          CONTENT="quod"/>
                  <SP HEIGHT="47" WIDTH="15" VPOS="1912" HPOS="1222"/>
                  <String HEIGHT="47"
                          WIDTH="119"
                          VPOS="1912"
                          HPOS="1177"
                          CONTENT="ens:"/>
                  <SP HEIGHT="47" WIDTH="15" VPOS="1912" HPOS="1296"/>
                  <String HEIGHT="47"
                          WIDTH="119"
                          VPOS="1912"
                          HPOS="1251"
                          CONTENT="ergo"/>
                  <SP HEIGHT="47" WIDTH="15" VPOS="1912" HPOS="1371"/>
                  <String HEIGHT="47"
                          WIDTH="105"
                          VPOS="1912"
                          HPOS="1326"
                          CONTENT="&amp;c."/>
                  <SP HEIGHT="47" WIDTH="15" VPOS="1912" HPOS="1431"/>
                  <String HEIGHT="47"
                          WIDTH="134"
                          VPOS="1912"
                          HPOS="1386"
                          CONTENT="Maior"/>
                  <SP HEIGHT="47" WIDTH="15" VPOS="1912" HPOS="1520"/>
                  <String HEIGHT="47"
                          WIDTH="134"
                          VPOS="1912"
                          HPOS="1475"
                          CONTENT="patet"/>
                  <SP HEIGHT="47" WIDTH="15" VPOS="1912" HPOS="1610"/>
                  <String HEIGHT="47" WIDTH="90" VPOS="1912" HPOS="1565" CONTENT="ex"/>
                  <SP HEIGHT="47" WIDTH="15" VPOS="1912" HPOS="1655"/>
                  <String HEIGHT="47"
                          WIDTH="134"
                          VPOS="1912"
                          HPOS="1610"
                          CONTENT="fide:"/>
                  <SP HEIGHT="47" WIDTH="15" VPOS="1912" HPOS="1744"/>
                  <String HEIGHT="47"
                          WIDTH="119"
                          VPOS="1912"
                          HPOS="1699"
                          CONTENT="quia"/>
                  <SP HEIGHT="47" WIDTH="15" VPOS="1912" HPOS="1819"/>
                  <String HEIGHT="47"
                          WIDTH="119"
                          VPOS="1912"
                          HPOS="1774"
                          CONTENT="sine"/>
                  <SP HEIGHT="47" WIDTH="15" VPOS="1912" HPOS="1893"/>
                  <String HEIGHT="47"
                          WIDTH="119"
                          VPOS="1912"
                          HPOS="1849"
                          CONTENT="ipso"/>
                  <SP HEIGHT="47" WIDTH="15" VPOS="1912" HPOS="1968"/>
                  <String HEIGHT="47"
                          WIDTH="75"
                          VPOS="1912"
                          HPOS="1908"
                          CONTENT="fa"
                          SUBS_TYPE="HypPart1"
                          SUBS_CONTENT="factum"/>
                  <HYP CONTENT="-"/>
               </TextLine>
               <TextLine ID="r2l91"
                         BASELINE="2009"
                         HEIGHT="60"
                         WIDTH="842"
                         VPOS="1949"
                         HPOS="1113">
                  <String HEIGHT="60"
                          WIDTH="132"
                          VPOS="1949"
                          HPOS="1096"
                          CONTENT="ctum"
                          SUBS_TYPE="HypPart2"
                          SUBS_CONTENT="factum"/>
                  <SP HEIGHT="60" WIDTH="17" VPOS="1949" HPOS="1229"/>
                  <String HEIGHT="60"
                          WIDTH="116"
                          VPOS="1949"
                          HPOS="1179"
                          CONTENT="est"/>
                  <SP HEIGHT="60" WIDTH="17" VPOS="1949" HPOS="1295"/>
                  <String HEIGHT="60"
                          WIDTH="149"
                          VPOS="1949"
                          HPOS="1245"
                          CONTENT="nihil"/>
                  <SP HEIGHT="60" WIDTH="17" VPOS="1949" HPOS="1394"/>
                  <String HEIGHT="60"
                          WIDTH="149"
                          VPOS="1949"
                          HPOS="1344"
                          CONTENT="Probo"/>
                  <SP HEIGHT="60" WIDTH="17" VPOS="1949" HPOS="1493"/>
                  <String HEIGHT="60"
                          WIDTH="198"
                          VPOS="1949"
                          HPOS="1443"
                          CONTENT="minorem:"/>
                  <SP HEIGHT="60" WIDTH="17" VPOS="1949" HPOS="1641"/>
                  <String HEIGHT="60"
                          WIDTH="132"
                          VPOS="1949"
                          HPOS="1592"
                          CONTENT="quia"/>
                  <SP HEIGHT="60" WIDTH="17" VPOS="1949" HPOS="1724"/>
                  <String HEIGHT="60"
                          WIDTH="132"
                          VPOS="1949"
                          HPOS="1674"
                          CONTENT="quod"/>
                  <SP HEIGHT="60" WIDTH="17" VPOS="1949" HPOS="1806"/>
                  <String HEIGHT="60"
                          WIDTH="149"
                          VPOS="1949"
                          HPOS="1757"
                          CONTENT="purum"/>
                  <SP HEIGHT="60" WIDTH="17" VPOS="1949" HPOS="1905"/>
                  <String HEIGHT="60"
                          WIDTH="116"
                          VPOS="1949"
                          HPOS="1839"
                          CONTENT="nihil"/>
               </TextLine>
               <TextLine ID="r2l93"
                         BASELINE="2042"
                         HEIGHT="55"
                         WIDTH="340"
                         VPOS="1987"
                         HPOS="1111">
                  <String HEIGHT="55"
                          WIDTH="118"
                          VPOS="1987"
                          HPOS="1096"
                          CONTENT="est,"/>
                  <SP HEIGHT="55" WIDTH="15" VPOS="1987" HPOS="1214"/>
                  <String HEIGHT="55"
                          WIDTH="133"
                          VPOS="1987"
                          HPOS="1170"
                          CONTENT="nulla"/>
                  <SP HEIGHT="55" WIDTH="15" VPOS="1987" HPOS="1303"/>
                  <String HEIGHT="55"
                          WIDTH="177"
                          VPOS="1987"
                          HPOS="1259"
                          CONTENT="potentia"/>
                  <SP HEIGHT="55" WIDTH="15" VPOS="1987" HPOS="1436"/>
                  <String HEIGHT="55"
                          WIDTH="74"
                          VPOS="1987"
                          HPOS="1377"
                          CONTENT="est"/>
               </TextLine>
               <TextLine ID="r2l96"
                         BASELINE="2082"
                         HEIGHT="48"
                         WIDTH="806"
                         VPOS="2034"
                         HPOS="1146">
                  <String HEIGHT="48" WIDTH="79" VPOS="2034" HPOS="1130" CONTENT="2"/>
                  <SP HEIGHT="48" WIDTH="16" VPOS="2034" HPOS="1209"/>
                  <String HEIGHT="48"
                          WIDTH="205"
                          VPOS="2034"
                          HPOS="1162"
                          CONTENT="Praeterea"/>
                  <SP HEIGHT="48" WIDTH="16" VPOS="2034" HPOS="1367"/>
                  <String HEIGHT="48"
                          WIDTH="190"
                          VPOS="2034"
                          HPOS="1320"
                          CONTENT="potentia"/>
                  <SP HEIGHT="48" WIDTH="16" VPOS="2034" HPOS="1509"/>
                  <String HEIGHT="48"
                          WIDTH="253"
                          VPOS="2034"
                          HPOS="1462"
                          CONTENT="benefaciendi"/>
                  <SP HEIGHT="48" WIDTH="16" VPOS="2034" HPOS="1715"/>
                  <String HEIGHT="48"
                          WIDTH="111"
                          VPOS="2034"
                          HPOS="1668"
                          CONTENT="est"/>
                  <SP HEIGHT="48" WIDTH="16" VPOS="2034" HPOS="1778"/>
                  <String HEIGHT="48" WIDTH="79" VPOS="2034" HPOS="1731" CONTENT="a"/>
                  <SP HEIGHT="48" WIDTH="16" VPOS="2034" HPOS="1810"/>
                  <String HEIGHT="48"
                          WIDTH="126"
                          VPOS="2034"
                          HPOS="1762"
                          CONTENT="Deo:"/>
                  <SP HEIGHT="48" WIDTH="16" VPOS="2034" HPOS="1889"/>
                  <String HEIGHT="48"
                          WIDTH="126"
                          VPOS="2034"
                          HPOS="1841"
                          CONTENT="ergo"/>
                  <SP HEIGHT="48" WIDTH="16" VPOS="2034" HPOS="1968"/>
                  <String HEIGHT="48" WIDTH="47" VPOS="2034" HPOS="1905" CONTENT="&amp;"/>
               </TextLine>
               <TextLine ID="r2l98"
                         BASELINE="2110"
                         HEIGHT="41"
                         WIDTH="830"
                         VPOS="2069"
                         HPOS="1128">
                  <String HEIGHT="41"
                          WIDTH="183"
                          VPOS="2069"
                          HPOS="1111"
                          CONTENT="otentia"/>
                  <SP HEIGHT="41" WIDTH="17" VPOS="2069" HPOS="1294"/>
                  <String HEIGHT="41"
                          WIDTH="216"
                          VPOS="2069"
                          HPOS="1244"
                          CONTENT="peccandi."/>
                  <SP HEIGHT="41" WIDTH="17" VPOS="2069" HPOS="1460"/>
                  <String HEIGHT="41"
                          WIDTH="232"
                          VPOS="2069"
                          HPOS="1410"
                          CONTENT="Antecedens"/>
                  <SP HEIGHT="41" WIDTH="17" VPOS="2069" HPOS="1643"/>
                  <String HEIGHT="41"
                          WIDTH="166"
                          VPOS="2069"
                          HPOS="1593"
                          CONTENT="patet."/>
                  <SP HEIGHT="41" WIDTH="17" VPOS="2069" HPOS="1759"/>
                  <String HEIGHT="41"
                          WIDTH="282"
                          VPOS="2069"
                          HPOS="1709"
                          CONTENT="Consequentiam"/>
                  <SP HEIGHT="41" WIDTH="17" VPOS="2069" HPOS="1991"/>
                  <String HEIGHT="41" WIDTH="33" VPOS="2069" HPOS="1925" CONTENT=""/>
               </TextLine>
               <TextLine ID="r2l101"
                         BASELINE="2154"
                         HEIGHT="44"
                         WIDTH="841"
                         VPOS="2110"
                         HPOS="1120">
                  <String HEIGHT="44"
                          WIDTH="165"
                          VPOS="2110"
                          HPOS="1104"
                          CONTENT="probo:"/>
                  <SP HEIGHT="44" WIDTH="16" VPOS="2110" HPOS="1268"/>
                  <String HEIGHT="44"
                          WIDTH="132"
                          VPOS="2110"
                          HPOS="1219"
                          CONTENT="quia"/>
                  <SP HEIGHT="44" WIDTH="16" VPOS="2110" HPOS="1351"/>
                  <String HEIGHT="44"
                          WIDTH="148"
                          VPOS="2110"
                          HPOS="1301"
                          CONTENT="eadem"/>
                  <SP HEIGHT="44" WIDTH="16" VPOS="2110" HPOS="1450"/>
                  <String HEIGHT="44"
                          WIDTH="115"
                          VPOS="2110"
                          HPOS="1400"
                          CONTENT="est"/>
                  <SP HEIGHT="44" WIDTH="16" VPOS="2110" HPOS="1516"/>
                  <String HEIGHT="44"
                          WIDTH="198"
                          VPOS="2110"
                          HPOS="1466"
                          CONTENT="potentia"/>
                  <SP HEIGHT="44" WIDTH="16" VPOS="2110" HPOS="1664"/>
                  <String HEIGHT="44"
                          WIDTH="181"
                          VPOS="2110"
                          HPOS="1615"
                          CONTENT="merendi"/>
                  <SP HEIGHT="44" WIDTH="16" VPOS="2110" HPOS="1796"/>
                  <String HEIGHT="44" WIDTH="82" VPOS="2110" HPOS="1747" CONTENT="&amp;"/>
                  <SP HEIGHT="44" WIDTH="16" VPOS="2110" HPOS="1829"/>
                  <String HEIGHT="44"
                          WIDTH="198"
                          VPOS="2110"
                          HPOS="1763"
                          CONTENT="demerendi;"/>
               </TextLine>
               <TextLine ID="r2l103"
                         BASELINE="2198"
                         HEIGHT="49"
                         WIDTH="823"
                         VPOS="2149"
                         HPOS="1126">
                  <String HEIGHT="49"
                          WIDTH="120"
                          VPOS="2149"
                          HPOS="1111"
                          CONTENT="quod"/>
                  <SP HEIGHT="49" WIDTH="15" VPOS="2149" HPOS="1231"/>
                  <String HEIGHT="49"
                          WIDTH="180"
                          VPOS="2149"
                          HPOS="1186"
                          CONTENT="probatur"/>
                  <SP HEIGHT="49" WIDTH="15" VPOS="2149" HPOS="1365"/>
                  <String HEIGHT="49"
                          WIDTH="120"
                          VPOS="2149"
                          HPOS="1321"
                          CONTENT="sic:"/>
                  <SP HEIGHT="49" WIDTH="15" VPOS="2149" HPOS="1440"/>
                  <String HEIGHT="49"
                          WIDTH="120"
                          VPOS="2149"
                          HPOS="1395"
                          CONTENT="quia"/>
                  <SP HEIGHT="49" WIDTH="15" VPOS="2149" HPOS="1515"/>
                  <String HEIGHT="49"
                          WIDTH="180"
                          VPOS="2149"
                          HPOS="1470"
                          CONTENT="potentia"/>
                  <SP HEIGHT="49" WIDTH="15" VPOS="2149" HPOS="1650"/>
                  <String HEIGHT="49"
                          WIDTH="195"
                          VPOS="2149"
                          HPOS="1605"
                          CONTENT="rationali"/>
                  <SP HEIGHT="49" WIDTH="15" VPOS="2149" HPOS="1799"/>
                  <String HEIGHT="49"
                          WIDTH="180"
                          VPOS="2149"
                          HPOS="1754"
                          CONTENT="possumus"/>
                  <SP HEIGHT="49" WIDTH="15" VPOS="2149" HPOS="1934"/>
                  <String HEIGHT="49"
                          WIDTH="75"
                          VPOS="2149"
                          HPOS="1874"
                          CONTENT="be"
                          SUBS_TYPE="HypPart1"
                          SUBS_CONTENT="benefacere"/>
                  <HYP CONTENT="-"/>
               </TextLine>
               <TextLine ID="r2l105"
                         BASELINE="2232"
                         HEIGHT="43"
                         WIDTH="845"
                         VPOS="2189"
                         HPOS="1117">
                  <String HEIGHT="43"
                          WIDTH="181"
                          VPOS="2189"
                          HPOS="1102"
                          CONTENT="nefacere"
                          SUBS_TYPE="HypPart2"
                          SUBS_CONTENT="benefacere"/>
                  <SP HEIGHT="43" WIDTH="15" VPOS="2189" HPOS="1283"/>
                  <String HEIGHT="43" WIDTH="91" VPOS="2189" HPOS="1238" CONTENT="&amp;,"/>
                  <SP HEIGHT="43" WIDTH="15" VPOS="2189" HPOS="1328"/>
                  <String HEIGHT="43"
                          WIDTH="166"
                          VPOS="2189"
                          HPOS="1283"
                          CONTENT="mereri,"/>
                  <SP HEIGHT="43" WIDTH="15" VPOS="2189" HPOS="1449"/>
                  <String HEIGHT="43"
                          WIDTH="106"
                          VPOS="2189"
                          HPOS="1404"
                          CONTENT="sed"/>
                  <SP HEIGHT="43" WIDTH="15" VPOS="2189" HPOS="1509"/>
                  <String HEIGHT="43"
                          WIDTH="196"
                          VPOS="2189"
                          HPOS="1464"
                          CONTENT="potentiae"/>
                  <SP HEIGHT="43" WIDTH="15" VPOS="2189" HPOS="1660"/>
                  <String HEIGHT="43"
                          WIDTH="211"
                          VPOS="2189"
                          HPOS="1615"
                          CONTENT="rationales"/>
                  <SP HEIGHT="43" WIDTH="15" VPOS="2189" HPOS="1826"/>
                  <String HEIGHT="43"
                          WIDTH="121"
                          VPOS="2189"
                          HPOS="1781"
                          CONTENT="sunt"/>
                  <SP HEIGHT="43" WIDTH="15" VPOS="2189" HPOS="1902"/>
                  <String HEIGHT="43" WIDTH="91" VPOS="2189" HPOS="1856" CONTENT="ad"/>
                  <SP HEIGHT="43" WIDTH="15" VPOS="2189" HPOS="1947"/>
                  <String HEIGHT="43"
                          WIDTH="75"
                          VPOS="2189"
                          HPOS="1887"
                          CONTENT="op"
                          SUBS_TYPE="HypPart1"
                          SUBS_CONTENT="opposita:"/>
                  <HYP CONTENT="-"/>
               </TextLine>
               <TextLine ID="r2l107"
                         BASELINE="2277"
                         HEIGHT="52"
                         WIDTH="828"
                         VPOS="2225"
                         HPOS="1128">
                  <String HEIGHT="52"
                          WIDTH="172"
                          VPOS="2225"
                          HPOS="1112"
                          CONTENT="posita:"
                          SUBS_TYPE="HypPart2"
                          SUBS_CONTENT="opposita:"/>
                  <SP HEIGHT="52" WIDTH="16" VPOS="2225" HPOS="1284"/>
                  <String HEIGHT="52"
                          WIDTH="141"
                          VPOS="2225"
                          HPOS="1237"
                          CONTENT="eadem"/>
                  <SP HEIGHT="52" WIDTH="16" VPOS="2225" HPOS="1378"/>
                  <String HEIGHT="52"
                          WIDTH="125"
                          VPOS="2225"
                          HPOS="1331"
                          CONTENT="ergo"/>
                  <SP HEIGHT="52" WIDTH="16" VPOS="2225" HPOS="1456"/>
                  <String HEIGHT="52"
                          WIDTH="187"
                          VPOS="2225"
                          HPOS="1409"
                          CONTENT="potentia"/>
                  <SP HEIGHT="52" WIDTH="16" VPOS="2225" HPOS="1597"/>
                  <String HEIGHT="52"
                          WIDTH="187"
                          VPOS="2225"
                          HPOS="1550"
                          CONTENT="possumus"/>
                  <SP HEIGHT="52" WIDTH="16" VPOS="2225" HPOS="1737"/>
                  <String HEIGHT="52"
                          WIDTH="219"
                          VPOS="2225"
                          HPOS="1690"
                          CONTENT="malefacere"/>
                  <SP HEIGHT="52" WIDTH="16" VPOS="2225" HPOS="1909"/>
                  <String HEIGHT="52" WIDTH="78" VPOS="2225" HPOS="1862" CONTENT="&amp;"/>
                  <SP HEIGHT="52" WIDTH="16" VPOS="2225" HPOS="1940"/>
                  <String HEIGHT="52"
                          WIDTH="78"
                          VPOS="2225"
                          HPOS="1878"
                          CONTENT="de"
                          SUBS_TYPE="HypPart1"
                          SUBS_CONTENT="demereri,"/>
                  <HYP CONTENT="-"/>
               </TextLine>
               <TextLine ID="r2l109"
                         BASELINE="2309"
                         HEIGHT="44"
                         WIDTH="485"
                         VPOS="2265"
                         HPOS="1122">
                  <String HEIGHT="44"
                          WIDTH="162"
                          VPOS="2265"
                          HPOS="1107"
                          CONTENT="mereri,"
                          SUBS_TYPE="HypPart2"
                          SUBS_CONTENT="demereri,"/>
                  <SP HEIGHT="44" WIDTH="15" VPOS="2265" HPOS="1269"/>
                  <String HEIGHT="44"
                          WIDTH="118"
                          VPOS="2265"
                          HPOS="1225"
                          CONTENT="quod"/>
                  <SP HEIGHT="44" WIDTH="15" VPOS="2265" HPOS="1342"/>
                  <String HEIGHT="44"
                          WIDTH="162"
                          VPOS="2265"
                          HPOS="1298"
                          CONTENT="proprie"/>
                  <SP HEIGHT="44" WIDTH="15" VPOS="2265" HPOS="1460"/>
                  <String HEIGHT="44"
                          WIDTH="103"
                          VPOS="2265"
                          HPOS="1416"
                          CONTENT="est"/>
                  <SP HEIGHT="44" WIDTH="15" VPOS="2265" HPOS="1519"/>
                  <String HEIGHT="44"
                          WIDTH="147"
                          VPOS="2265"
                          HPOS="1460"
                          CONTENT="peccare."/>
               </TextLine>
               <TextLine ID="r2l111"
                         BASELINE="2353"
                         HEIGHT="56"
                         WIDTH="823"
                         VPOS="2297"
                         HPOS="1153">
                  <String HEIGHT="56" WIDTH="76" VPOS="2297" HPOS="1138" CONTENT="3"/>
                  <SP HEIGHT="56" WIDTH="15" VPOS="2297" HPOS="1214"/>
                  <String HEIGHT="56"
                          WIDTH="213"
                          VPOS="2297"
                          HPOS="1168"
                          CONTENT="Praeterea,"/>
                  <SP HEIGHT="56" WIDTH="15" VPOS="2297" HPOS="1382"/>
                  <String HEIGHT="56"
                          WIDTH="122"
                          VPOS="2297"
                          HPOS="1336"
                          CONTENT="sola"/>
                  <SP HEIGHT="56" WIDTH="15" VPOS="2297" HPOS="1458"/>
                  <String HEIGHT="56"
                          WIDTH="183"
                          VPOS="2297"
                          HPOS="1412"
                          CONTENT="voluntas"/>
                  <SP HEIGHT="56" WIDTH="15" VPOS="2297" HPOS="1595"/>
                  <String HEIGHT="56"
                          WIDTH="107"
                          VPOS="2297"
                          HPOS="1549"
                          CONTENT="est"/>
                  <SP HEIGHT="56" WIDTH="15" VPOS="2297" HPOS="1656"/>
                  <String HEIGHT="56"
                          WIDTH="168"
                          VPOS="2297"
                          HPOS="1610"
                          CONTENT="proprie"/>
                  <SP HEIGHT="56" WIDTH="15" VPOS="2297" HPOS="1778"/>
                  <String HEIGHT="56"
                          WIDTH="183"
                          VPOS="2297"
                          HPOS="1732"
                          CONTENT="potentia"/>
                  <SP HEIGHT="56" WIDTH="15" VPOS="2297" HPOS="1915"/>
                  <String HEIGHT="56"
                          WIDTH="122"
                          VPOS="2297"
                          HPOS="1854"
                          CONTENT="peccan"/>
               </TextLine>
               <TextLine ID="r2l112"
                         BASELINE="2392"
                         HEIGHT="52"
                         WIDTH="848"
                         VPOS="2340"
                         HPOS="1116">
                  <String HEIGHT="52"
                          WIDTH="101"
                          VPOS="2340"
                          HPOS="1102"
                          CONTENT="di,"/>
                  <SP HEIGHT="52" WIDTH="14" VPOS="2340" HPOS="1202"/>
                  <String HEIGHT="52" WIDTH="86" VPOS="2340" HPOS="1159" CONTENT="vt"/>
                  <SP HEIGHT="52" WIDTH="14" VPOS="2340" HPOS="1245"/>
                  <String HEIGHT="52"
                          WIDTH="129"
                          VPOS="2340"
                          HPOS="1202"
                          CONTENT="patet"/>
                  <SP HEIGHT="52" WIDTH="14" VPOS="2340" HPOS="1332"/>
                  <String HEIGHT="52"
                          WIDTH="101"
                          VPOS="2340"
                          HPOS="1288"
                          CONTENT="per"/>
                  <SP HEIGHT="52" WIDTH="14" VPOS="2340" HPOS="1389"/>
                  <String HEIGHT="52"
                          WIDTH="144"
                          VPOS="2340"
                          HPOS="1346"
                          CONTENT="Aug:2."/>
                  <SP HEIGHT="52" WIDTH="14" VPOS="2340" HPOS="1490"/>
                  <String HEIGHT="52" WIDTH="86" VPOS="2340" HPOS="1447" CONTENT="de"/>
                  <SP HEIGHT="52" WIDTH="14" VPOS="2340" HPOS="1533"/>
                  <String HEIGHT="52"
                          WIDTH="101"
                          VPOS="2340"
                          HPOS="1490"
                          CONTENT="lib"/>
                  <SP HEIGHT="52" WIDTH="14" VPOS="2340" HPOS="1590"/>
                  <String HEIGHT="52"
                          WIDTH="187"
                          VPOS="2340"
                          HPOS="1547"
                          CONTENT="arbitrio,"/>
                  <SP HEIGHT="52" WIDTH="14" VPOS="2340" HPOS="1734"/>
                  <String HEIGHT="52"
                          WIDTH="101"
                          VPOS="2340"
                          HPOS="1691"
                          CONTENT="sed"/>
                  <SP HEIGHT="52" WIDTH="14" VPOS="2340" HPOS="1792"/>
                  <String HEIGHT="52"
                          WIDTH="172"
                          VPOS="2340"
                          HPOS="1748"
                          CONTENT="voluntas"/>
                  <SP HEIGHT="52" WIDTH="14" VPOS="2340" HPOS="1921"/>
                  <String HEIGHT="52"
                          WIDTH="101"
                          VPOS="2340"
                          HPOS="1878"
                          CONTENT="est"/>
                  <SP HEIGHT="52" WIDTH="14" VPOS="2340" HPOS="1978"/>
                  <String HEIGHT="52" WIDTH="43" VPOS="2340" HPOS="1921" CONTENT="a"/>
               </TextLine>
               <TextLine ID="r2l113"
                         BASELINE="2436"
                         HEIGHT="57"
                         WIDTH="206"
                         VPOS="2379"
                         HPOS="1115">
                  <String HEIGHT="57"
                          WIDTH="127"
                          VPOS="2379"
                          HPOS="1099"
                          CONTENT="Deo:"/>
                  <SP HEIGHT="57" WIDTH="16" VPOS="2379" HPOS="1226"/>
                  <String HEIGHT="57"
                          WIDTH="127"
                          VPOS="2379"
                          HPOS="1178"
                          CONTENT="ergo"/>
                  <SP HEIGHT="57" WIDTH="16" VPOS="2379" HPOS="1305"/>
                  <String HEIGHT="57"
                          WIDTH="79"
                          VPOS="2379"
                          HPOS="1242"
                          CONTENT="&amp;c."/>
               </TextLine>
               <TextLine ID="r2l116"
                         BASELINE="2472"
                         HEIGHT="47"
                         WIDTH="805"
                         VPOS="2425"
                         HPOS="1147">
                  <String HEIGHT="47" WIDTH="77" VPOS="2425" HPOS="1132" CONTENT="4"/>
                  <SP HEIGHT="47" WIDTH="15" VPOS="2425" HPOS="1209"/>
                  <String HEIGHT="47"
                          WIDTH="217"
                          VPOS="2425"
                          HPOS="1162"
                          CONTENT="Praeterea,"/>
                  <SP HEIGHT="47" WIDTH="15" VPOS="2425" HPOS="1379"/>
                  <String HEIGHT="47"
                          WIDTH="124"
                          VPOS="2425"
                          HPOS="1333"
                          CONTENT="omne"/>
                  <SP HEIGHT="47" WIDTH="15" VPOS="2425" HPOS="1457"/>
                  <String HEIGHT="47"
                          WIDTH="139"
                          VPOS="2425"
                          HPOS="1410"
                          CONTENT="bonum"/>
                  <SP HEIGHT="47" WIDTH="15" VPOS="2425" HPOS="1550"/>
                  <String HEIGHT="47"
                          WIDTH="108"
                          VPOS="2425"
                          HPOS="1503"
                          CONTENT="est"/>
                  <SP HEIGHT="47" WIDTH="15" VPOS="2425" HPOS="1611"/>
                  <String HEIGHT="47" WIDTH="77" VPOS="2425" HPOS="1565" CONTENT="a"/>
                  <SP HEIGHT="47" WIDTH="15" VPOS="2425" HPOS="1642"/>
                  <String HEIGHT="47"
                          WIDTH="124"
                          VPOS="2425"
                          HPOS="1596"
                          CONTENT="Deo:"/>
                  <SP HEIGHT="47" WIDTH="15" VPOS="2425" HPOS="1720"/>
                  <String HEIGHT="47"
                          WIDTH="108"
                          VPOS="2425"
                          HPOS="1673"
                          CONTENT="sed"/>
                  <SP HEIGHT="47" WIDTH="15" VPOS="2425" HPOS="1782"/>
                  <String HEIGHT="47"
                          WIDTH="201"
                          VPOS="2425"
                          HPOS="1735"
                          CONTENT="potentiae"/>
                  <SP HEIGHT="47" WIDTH="15" VPOS="2425" HPOS="1937"/>
                  <String HEIGHT="47"
                          WIDTH="77"
                          VPOS="2425"
                          HPOS="1875"
                          CONTENT="ma"
                          SUBS_TYPE="HypPart1"
                          SUBS_CONTENT="malorum"/>
                  <HYP CONTENT="-"/>
               </TextLine>
               <TextLine ID="r2l118"
                         BASELINE="2509"
                         HEIGHT="53"
                         WIDTH="653"
                         VPOS="2456"
                         HPOS="1117">
                  <String HEIGHT="53"
                          WIDTH="125"
                          VPOS="2456"
                          HPOS="1103"
                          CONTENT="lorum"
                          SUBS_TYPE="HypPart2"
                          SUBS_CONTENT="malorum"/>
                  <SP HEIGHT="53" WIDTH="14" VPOS="2456" HPOS="1228"/>
                  <String HEIGHT="53"
                          WIDTH="111"
                          VPOS="2456"
                          HPOS="1186"
                          CONTENT="sunt"/>
                  <SP HEIGHT="53" WIDTH="14" VPOS="2456" HPOS="1298"/>
                  <String HEIGHT="53"
                          WIDTH="139"
                          VPOS="2456"
                          HPOS="1256"
                          CONTENT="bonae,"/>
                  <SP HEIGHT="53" WIDTH="14" VPOS="2456" HPOS="1395"/>
                  <String HEIGHT="53" WIDTH="83" VPOS="2456" HPOS="1353" CONTENT="vt"/>
                  <SP HEIGHT="53" WIDTH="14" VPOS="2456" HPOS="1437"/>
                  <String HEIGHT="53"
                          WIDTH="167"
                          VPOS="2456"
                          HPOS="1395"
                          CONTENT="dicitur."/>
                  <SP HEIGHT="53" WIDTH="14" VPOS="2456" HPOS="1562"/>
                  <String HEIGHT="53" WIDTH="83" VPOS="2456" HPOS="1520" CONTENT="3."/>
                  <SP HEIGHT="53" WIDTH="14" VPOS="2456" HPOS="1603"/>
                  <String HEIGHT="53"
                          WIDTH="125"
                          VPOS="2456"
                          HPOS="1562"
                          CONTENT="ropi."/>
                  <SP HEIGHT="53" WIDTH="14" VPOS="2456" HPOS="1687"/>
                  <String HEIGHT="53"
                          WIDTH="111"
                          VPOS="2456"
                          HPOS="1645"
                          CONTENT="ergo"/>
                  <SP HEIGHT="53" WIDTH="14" VPOS="2456" HPOS="1756"/>
                  <String HEIGHT="53"
                          WIDTH="69"
                          VPOS="2456"
                          HPOS="1701"
                          CONTENT="&amp;c."/>
               </TextLine>
               <TextLine ID="r2l122"
                         BASELINE="2552"
                         HEIGHT="54"
                         WIDTH="784"
                         VPOS="2498"
                         HPOS="1164">
                  <String HEIGHT="54"
                          WIDTH="108"
                          VPOS="2498"
                          HPOS="1149"
                          CONTENT="ped"/>
                  <SP HEIGHT="54" WIDTH="15" VPOS="2498" HPOS="1256"/>
                  <String HEIGHT="54"
                          WIDTH="154"
                          VPOS="2498"
                          HPOS="1210"
                          CONTENT="quidam"/>
                  <SP HEIGHT="54" WIDTH="15" VPOS="2498" HPOS="1364"/>
                  <String HEIGHT="54"
                          WIDTH="184"
                          VPOS="2498"
                          HPOS="1318"
                          CONTENT="doctores"/>
                  <SP HEIGHT="54" WIDTH="15" VPOS="2498" HPOS="1502"/>
                  <String HEIGHT="54"
                          WIDTH="138"
                          VPOS="2498"
                          HPOS="1456"
                          CONTENT="circa"/>
                  <SP HEIGHT="54" WIDTH="15" VPOS="2498" HPOS="1594"/>
                  <String HEIGHT="54"
                          WIDTH="138"
                          VPOS="2498"
                          HPOS="1548"
                          CONTENT="istam"/>
                  <SP HEIGHT="54" WIDTH="15" VPOS="2498" HPOS="1687"/>
                  <String HEIGHT="54"
                          WIDTH="184"
                          VPOS="2498"
                          HPOS="1641"
                          CONTENT="materiam"/>
                  <SP HEIGHT="54" WIDTH="15" VPOS="2498" HPOS="1825"/>
                  <String HEIGHT="54"
                          WIDTH="184"
                          VPOS="2498"
                          HPOS="1764"
                          CONTENT="respondent"/>
               </TextLine>
               <TextLine ID="r2l125"
                         BASELINE="2579"
                         HEIGHT="38"
                         WIDTH="828"
                         VPOS="2541"
                         HPOS="1125">
                  <String HEIGHT="38"
                          WIDTH="107"
                          VPOS="2541"
                          HPOS="1110"
                          CONTENT="per"/>
                  <SP HEIGHT="38" WIDTH="15" VPOS="2541" HPOS="1217"/>
                  <String HEIGHT="38"
                          WIDTH="276"
                          VPOS="2541"
                          HPOS="1171"
                          CONTENT="distinctionem."/>
                  <SP HEIGHT="38" WIDTH="15" VPOS="2541" HPOS="1447"/>
                  <String HEIGHT="38"
                          WIDTH="153"
                          VPOS="2541"
                          HPOS="1401"
                          CONTENT="Dicunt"/>
                  <SP HEIGHT="38" WIDTH="15" VPOS="2541" HPOS="1554"/>
                  <String HEIGHT="38"
                          WIDTH="138"
                          VPOS="2541"
                          HPOS="1508"
                          CONTENT="enim,"/>
                  <SP HEIGHT="38" WIDTH="15" VPOS="2541" HPOS="1646"/>
                  <String HEIGHT="38"
                          WIDTH="123"
                          VPOS="2541"
                          HPOS="1600"
                          CONTENT="quod"/>
                  <SP HEIGHT="38" WIDTH="15" VPOS="2541" HPOS="1723"/>
                  <String HEIGHT="38"
                          WIDTH="184"
                          VPOS="2541"
                          HPOS="1677"
                          CONTENT="potentia"/>
                  <SP HEIGHT="38" WIDTH="15" VPOS="2541" HPOS="1861"/>
                  <String HEIGHT="38"
                          WIDTH="153"
                          VPOS="2541"
                          HPOS="1800"
                          CONTENT="peccandi"/>
               </TextLine>
               <TextLine ID="r2l126"
                         BASELINE="2625"
                         HEIGHT="46"
                         WIDTH="842"
                         VPOS="2579"
                         HPOS="1128">
                  <String HEIGHT="46"
                          WIDTH="148"
                          VPOS="2579"
                          HPOS="1113"
                          CONTENT="potest"/>
                  <SP HEIGHT="46" WIDTH="15" VPOS="2579" HPOS="1261"/>
                  <String HEIGHT="46"
                          WIDTH="207"
                          VPOS="2579"
                          HPOS="1217"
                          CONTENT="dupliciter"/>
                  <SP HEIGHT="46" WIDTH="15" VPOS="2579" HPOS="1423"/>
                  <String HEIGHT="46"
                          WIDTH="236"
                          VPOS="2579"
                          HPOS="1379"
                          CONTENT="considerari."/>
                  <SP HEIGHT="46" WIDTH="15" VPOS="2579" HPOS="1615"/>
                  <String HEIGHT="46"
                          WIDTH="103"
                          VPOS="2579"
                          HPOS="1571"
                          CONTENT="Vno"/>
                  <SP HEIGHT="46" WIDTH="15" VPOS="2579" HPOS="1675"/>
                  <String HEIGHT="46"
                          WIDTH="133"
                          VPOS="2579"
                          HPOS="1630"
                          CONTENT="modo,"/>
                  <SP HEIGHT="46" WIDTH="15" VPOS="2579" HPOS="1763"/>
                  <String HEIGHT="46"
                          WIDTH="133"
                          VPOS="2579"
                          HPOS="1719"
                          CONTENT="prout"/>
                  <SP HEIGHT="46" WIDTH="15" VPOS="2579" HPOS="1852"/>
                  <String HEIGHT="46"
                          WIDTH="103"
                          VPOS="2579"
                          HPOS="1808"
                          CONTENT="est"/>
                  <SP HEIGHT="46" WIDTH="15" VPOS="2579" HPOS="1911"/>
                  <String HEIGHT="46"
                          WIDTH="118"
                          VPOS="2579"
                          HPOS="1852"
                          CONTENT="princi"/>
               </TextLine>
               <TextLine ID="r2l127"
                         BASELINE="2662"
                         HEIGHT="41"
                         WIDTH="828"
                         VPOS="2621"
                         HPOS="1124">
                  <String HEIGHT="41"
                          WIDTH="125"
                          VPOS="2621"
                          HPOS="1108"
                          CONTENT="pium"/>
                  <SP HEIGHT="41" WIDTH="16" VPOS="2621" HPOS="1233"/>
                  <String HEIGHT="41"
                          WIDTH="156"
                          VPOS="2621"
                          HPOS="1186"
                          CONTENT="actus."/>
                  <SP HEIGHT="41" WIDTH="16" VPOS="2621" HPOS="1343"/>
                  <String HEIGHT="41"
                          WIDTH="125"
                          VPOS="2621"
                          HPOS="1296"
                          CONTENT="Alio"/>
                  <SP HEIGHT="41" WIDTH="16" VPOS="2621" HPOS="1421"/>
                  <String HEIGHT="41"
                          WIDTH="141"
                          VPOS="2621"
                          HPOS="1374"
                          CONTENT="modo,"/>
                  <SP HEIGHT="41" WIDTH="16" VPOS="2621" HPOS="1515"/>
                  <String HEIGHT="41" WIDTH="94" VPOS="2621" HPOS="1468" CONTENT="vt"/>
                  <SP HEIGHT="41" WIDTH="16" VPOS="2621" HPOS="1561"/>
                  <String HEIGHT="41"
                          WIDTH="156"
                          VPOS="2621"
                          HPOS="1515"
                          CONTENT="potest"/>
                  <SP HEIGHT="41" WIDTH="16" VPOS="2621" HPOS="1671"/>
                  <String HEIGHT="41"
                          WIDTH="203"
                          VPOS="2621"
                          HPOS="1624"
                          CONTENT="deficere."/>
                  <SP HEIGHT="41" WIDTH="16" VPOS="2621" HPOS="1827"/>
                  <String HEIGHT="41"
                          WIDTH="141"
                          VPOS="2621"
                          HPOS="1780"
                          CONTENT="Primo"/>
                  <SP HEIGHT="41" WIDTH="16" VPOS="2621" HPOS="1921"/>
                  <String HEIGHT="41"
                          WIDTH="94"
                          VPOS="2621"
                          HPOS="1858"
                          CONTENT="modo"/>
               </TextLine>
               <TextLine ID="r2l129"
                         BASELINE="2705"
                         HEIGHT="45"
                         WIDTH="847"
                         VPOS="2660"
                         HPOS="1129">
                  <String HEIGHT="45"
                          WIDTH="108"
                          VPOS="2660"
                          HPOS="1114"
                          CONTENT="est"/>
                  <SP HEIGHT="45" WIDTH="15" VPOS="2660" HPOS="1221"/>
                  <String HEIGHT="45" WIDTH="77" VPOS="2660" HPOS="1175" CONTENT="a"/>
                  <SP HEIGHT="45" WIDTH="15" VPOS="2660" HPOS="1252"/>
                  <String HEIGHT="45"
                          WIDTH="123"
                          VPOS="2660"
                          HPOS="1206"
                          CONTENT="Deo:"/>
                  <SP HEIGHT="45" WIDTH="15" VPOS="2660" HPOS="1329"/>
                  <String HEIGHT="45"
                          WIDTH="139"
                          VPOS="2660"
                          HPOS="1283"
                          CONTENT="quia,"/>
                  <SP HEIGHT="45" WIDTH="15" VPOS="2660" HPOS="1422"/>
                  <String HEIGHT="45"
                          WIDTH="185"
                          VPOS="2660"
                          HPOS="1375"
                          CONTENT="quicquid"/>
                  <SP HEIGHT="45" WIDTH="15" VPOS="2660" HPOS="1560"/>
                  <String HEIGHT="45"
                          WIDTH="139"
                          VPOS="2660"
                          HPOS="1514"
                          CONTENT="habet"/>
                  <SP HEIGHT="45" WIDTH="15" VPOS="2660" HPOS="1653"/>
                  <String HEIGHT="45"
                          WIDTH="169"
                          VPOS="2660"
                          HPOS="1606"
                          CONTENT="naturam"/>
                  <SP HEIGHT="45" WIDTH="15" VPOS="2660" HPOS="1776"/>
                  <String HEIGHT="45"
                          WIDTH="139"
                          VPOS="2660"
                          HPOS="1730"
                          CONTENT="entis"/>
                  <SP HEIGHT="45" WIDTH="15" VPOS="2660" HPOS="1868"/>
                  <String HEIGHT="45"
                          WIDTH="169"
                          VPOS="2660"
                          HPOS="1807"
                          CONTENT="positiui,"/>
               </TextLine>
               <TextLine ID="r2l131"
                         BASELINE="2750"
                         HEIGHT="50"
                         WIDTH="850"
                         VPOS="2700"
                         HPOS="1128">
                  <String HEIGHT="50"
                          WIDTH="189"
                          VPOS="2700"
                          HPOS="1112"
                          CONTENT="oportet,"/>
                  <SP HEIGHT="50" WIDTH="16" VPOS="2700" HPOS="1301"/>
                  <String HEIGHT="50"
                          WIDTH="126"
                          VPOS="2700"
                          HPOS="1254"
                          CONTENT="quod"/>
                  <SP HEIGHT="50" WIDTH="16" VPOS="2700" HPOS="1380"/>
                  <String HEIGHT="50"
                          WIDTH="205"
                          VPOS="2700"
                          HPOS="1333"
                          CONTENT="reducatur"/>
                  <SP HEIGHT="50" WIDTH="16" VPOS="2700" HPOS="1537"/>
                  <String HEIGHT="50" WIDTH="94" VPOS="2700" HPOS="1490" CONTENT="ad"/>
                  <SP HEIGHT="50" WIDTH="16" VPOS="2700" HPOS="1584"/>
                  <String HEIGHT="50"
                          WIDTH="142"
                          VPOS="2700"
                          HPOS="1537"
                          CONTENT="Deum,"/>
                  <SP HEIGHT="50" WIDTH="16" VPOS="2700" HPOS="1679"/>
                  <String HEIGHT="50"
                          WIDTH="142"
                          VPOS="2700"
                          HPOS="1632"
                          CONTENT="sicut"/>
                  <SP HEIGHT="50" WIDTH="16" VPOS="2700" HPOS="1773"/>
                  <String HEIGHT="50" WIDTH="94" VPOS="2700" HPOS="1726" CONTENT="ad"/>
                  <SP HEIGHT="50" WIDTH="16" VPOS="2700" HPOS="1821"/>
                  <String HEIGHT="50"
                          WIDTH="173"
                          VPOS="2700"
                          HPOS="1773"
                          CONTENT="causam."/>
                  <SP HEIGHT="50" WIDTH="16" VPOS="2700" HPOS="1947"/>
                  <String HEIGHT="50"
                          WIDTH="94"
                          VPOS="2700"
                          HPOS="1884"
                          CONTENT="pri"
                          SUBS_TYPE="HypPart1"
                          SUBS_CONTENT="primam."/>
                  <HYP CONTENT="-"/>
               </TextLine>
               <TextLine ID="r2l133"
                         BASELINE="2778"
                         HEIGHT="42"
                         WIDTH="860"
                         VPOS="2736"
                         HPOS="1116">
                  <String HEIGHT="42"
                          WIDTH="127"
                          VPOS="2736"
                          HPOS="1100"
                          CONTENT="mam."
                          SUBS_TYPE="HypPart2"
                          SUBS_CONTENT="primam."/>
                  <SP HEIGHT="42" WIDTH="16" VPOS="2736" HPOS="1227"/>
                  <String HEIGHT="42"
                          WIDTH="111"
                          VPOS="2736"
                          HPOS="1180"
                          CONTENT="Sed"/>
                  <SP HEIGHT="42" WIDTH="16" VPOS="2736" HPOS="1291"/>
                  <String HEIGHT="42"
                          WIDTH="175"
                          VPOS="2736"
                          HPOS="1243"
                          CONTENT="secundo"/>
                  <SP HEIGHT="42" WIDTH="16" VPOS="2736" HPOS="1419"/>
                  <String HEIGHT="42"
                          WIDTH="127"
                          VPOS="2736"
                          HPOS="1371"
                          CONTENT="modo"/>
                  <SP HEIGHT="42" WIDTH="16" VPOS="2736" HPOS="1498"/>
                  <String HEIGHT="42"
                          WIDTH="111"
                          VPOS="2736"
                          HPOS="1450"
                          CONTENT="non"/>
                  <SP HEIGHT="42" WIDTH="16" VPOS="2736" HPOS="1562"/>
                  <String HEIGHT="42"
                          WIDTH="111"
                          VPOS="2736"
                          HPOS="1514"
                          CONTENT="est"/>
                  <SP HEIGHT="42" WIDTH="16" VPOS="2736" HPOS="1626"/>
                  <String HEIGHT="42" WIDTH="80" VPOS="2736" HPOS="1578" CONTENT="a"/>
                  <SP HEIGHT="42" WIDTH="16" VPOS="2736" HPOS="1657"/>
                  <String HEIGHT="42"
                          WIDTH="127"
                          VPOS="2736"
                          HPOS="1610"
                          CONTENT="Deo:"/>
                  <SP HEIGHT="42" WIDTH="16" VPOS="2736" HPOS="1737"/>
                  <String HEIGHT="42"
                          WIDTH="127"
                          VPOS="2736"
                          HPOS="1689"
                          CONTENT="quia"/>
                  <SP HEIGHT="42" WIDTH="16" VPOS="2736" HPOS="1817"/>
                  <String HEIGHT="42"
                          WIDTH="223"
                          VPOS="2736"
                          HPOS="1753"
                          CONTENT="defectibili"
                          SUBS_TYPE="HypPart1"
                          SUBS_CONTENT="defectibilitas"/>
                  <HYP CONTENT="-"/>
               </TextLine>
               <TextLine ID="r2l135"
                         BASELINE="2820"
                         HEIGHT="43"
                         WIDTH="847"
                         VPOS="2777"
                         HPOS="1119">
                  <String HEIGHT="43"
                          WIDTH="94"
                          VPOS="2777"
                          HPOS="1106"
                          CONTENT="tas"
                          SUBS_TYPE="HypPart2"
                          SUBS_CONTENT="defectibilitas"/>
                  <SP HEIGHT="43" WIDTH="13" VPOS="2777" HPOS="1200"/>
                  <String HEIGHT="43"
                          WIDTH="161"
                          VPOS="2777"
                          HPOS="1159"
                          CONTENT="conuenit"/>
                  <SP HEIGHT="43" WIDTH="13" VPOS="2777" HPOS="1321"/>
                  <String HEIGHT="43"
                          WIDTH="94"
                          VPOS="2777"
                          HPOS="1280"
                          CONTENT="rei"/>
                  <SP HEIGHT="43" WIDTH="13" VPOS="2777" HPOS="1374"/>
                  <String HEIGHT="43"
                          WIDTH="148"
                          VPOS="2777"
                          HPOS="1334"
                          CONTENT="creatae"/>
                  <SP HEIGHT="43" WIDTH="13" VPOS="2777" HPOS="1482"/>
                  <String HEIGHT="43" WIDTH="81" VPOS="2777" HPOS="1442" CONTENT="ex"/>
                  <SP HEIGHT="43" WIDTH="13" VPOS="2777" HPOS="1522"/>
                  <String HEIGHT="43"
                          WIDTH="94"
                          VPOS="2777"
                          HPOS="1482"
                          CONTENT="eo,"/>
                  <SP HEIGHT="43" WIDTH="13" VPOS="2777" HPOS="1576"/>
                  <String HEIGHT="43"
                          WIDTH="108"
                          VPOS="2777"
                          HPOS="1536"
                          CONTENT="quod"/>
                  <SP HEIGHT="43" WIDTH="13" VPOS="2777" HPOS="1643"/>
                  <String HEIGHT="43"
                          WIDTH="94"
                          VPOS="2777"
                          HPOS="1603"
                          CONTENT="est"/>
                  <SP HEIGHT="43" WIDTH="13" VPOS="2777" HPOS="1697"/>
                  <String HEIGHT="43" WIDTH="81" VPOS="2777" HPOS="1657" CONTENT="ex"/>
                  <SP HEIGHT="43" WIDTH="13" VPOS="2777" HPOS="1737"/>
                  <String HEIGHT="43"
                          WIDTH="148"
                          VPOS="2777"
                          HPOS="1697"
                          CONTENT="nihilo,"/>
                  <SP HEIGHT="43" WIDTH="13" VPOS="2777" HPOS="1845"/>
                  <String HEIGHT="43" WIDTH="81" VPOS="2777" HPOS="1805" CONTENT="vt"/>
                  <SP HEIGHT="43" WIDTH="13" VPOS="2777" HPOS="1885"/>
                  <String HEIGHT="43"
                          WIDTH="94"
                          VPOS="2777"
                          HPOS="1845"
                          CONTENT="ait"/>
                  <SP HEIGHT="43" WIDTH="13" VPOS="2777" HPOS="1939"/>
                  <String HEIGHT="43"
                          WIDTH="81"
                          VPOS="2777"
                          HPOS="1885"
                          CONTENT="Dam."/>
               </TextLine>
               <TextLine ID="r2l137"
                         BASELINE="2860"
                         HEIGHT="45"
                         WIDTH="829"
                         VPOS="2815"
                         HPOS="1129">
                  <String HEIGHT="45"
                          WIDTH="123"
                          VPOS="2815"
                          HPOS="1114"
                          CONTENT="esse"/>
                  <SP HEIGHT="45" WIDTH="15" VPOS="2815" HPOS="1236"/>
                  <String HEIGHT="45"
                          WIDTH="138"
                          VPOS="2815"
                          HPOS="1190"
                          CONTENT="autem"/>
                  <SP HEIGHT="45" WIDTH="15" VPOS="2815" HPOS="1329"/>
                  <String HEIGHT="45" WIDTH="92" VPOS="2815" HPOS="1283" CONTENT="ex"/>
                  <SP HEIGHT="45" WIDTH="15" VPOS="2815" HPOS="1375"/>
                  <String HEIGHT="45"
                          WIDTH="154"
                          VPOS="2815"
                          HPOS="1329"
                          CONTENT="nihilo"/>
                  <SP HEIGHT="45" WIDTH="15" VPOS="2815" HPOS="1482"/>
                  <String HEIGHT="45"
                          WIDTH="184"
                          VPOS="2815"
                          HPOS="1436"
                          CONTENT="conuenit"/>
                  <SP HEIGHT="45" WIDTH="15" VPOS="2815" HPOS="1620"/>
                  <String HEIGHT="45"
                          WIDTH="107"
                          VPOS="2815"
                          HPOS="1574"
                          CONTENT="rei"/>
                  <SP HEIGHT="45" WIDTH="15" VPOS="2815" HPOS="1682"/>
                  <String HEIGHT="45"
                          WIDTH="169"
                          VPOS="2815"
                          HPOS="1636"
                          CONTENT="creatae"/>
                  <SP HEIGHT="45" WIDTH="15" VPOS="2815" HPOS="1804"/>
                  <String HEIGHT="45"
                          WIDTH="184"
                          VPOS="2815"
                          HPOS="1758"
                          CONTENT="secundum"/>
                  <SP HEIGHT="45" WIDTH="15" VPOS="2815" HPOS="1943"/>
                  <String HEIGHT="45"
                          WIDTH="77"
                          VPOS="2815"
                          HPOS="1881"
                          CONTENT="se:"/>
               </TextLine>
               <TextLine ID="r2l139"
                         BASELINE="2902"
                         HEIGHT="49"
                         WIDTH="839"
                         VPOS="2853"
                         HPOS="1127">
                  <String HEIGHT="49"
                          WIDTH="122"
                          VPOS="2853"
                          HPOS="1112"
                          CONTENT="quia"/>
                  <SP HEIGHT="49" WIDTH="15" VPOS="2853" HPOS="1234"/>
                  <String HEIGHT="49"
                          WIDTH="122"
                          VPOS="2853"
                          HPOS="1188"
                          CONTENT="sibi"/>
                  <SP HEIGHT="49" WIDTH="15" VPOS="2853" HPOS="1310"/>
                  <String HEIGHT="49"
                          WIDTH="198"
                          VPOS="2853"
                          HPOS="1264"
                          CONTENT="derelicta"/>
                  <SP HEIGHT="49" WIDTH="15" VPOS="2853" HPOS="1463"/>
                  <String HEIGHT="49"
                          WIDTH="153"
                          VPOS="2853"
                          HPOS="1417"
                          CONTENT="tendit"/>
                  <SP HEIGHT="49" WIDTH="15" VPOS="2853" HPOS="1569"/>
                  <String HEIGHT="49" WIDTH="92" VPOS="2853" HPOS="1524" CONTENT="in"/>
                  <SP HEIGHT="49" WIDTH="15" VPOS="2853" HPOS="1615"/>
                  <String HEIGHT="49"
                          WIDTH="183"
                          VPOS="2853"
                          HPOS="1569"
                          CONTENT="nihilum,"/>
                  <SP HEIGHT="49" WIDTH="15" VPOS="2853" HPOS="1752"/>
                  <String HEIGHT="49" WIDTH="76" VPOS="2853" HPOS="1707" CONTENT="&amp;"/>
                  <SP HEIGHT="49" WIDTH="15" VPOS="2853" HPOS="1783"/>
                  <String HEIGHT="49"
                          WIDTH="107"
                          VPOS="2853"
                          HPOS="1737"
                          CONTENT="per"/>
                  <SP HEIGHT="49" WIDTH="15" VPOS="2853" HPOS="1844"/>
                  <String HEIGHT="49"
                          WIDTH="183"
                          VPOS="2853"
                          HPOS="1783"
                          CONTENT="consequens"/>
               </TextLine>
               <TextLine ID="r2l140"
                         BASELINE="2939"
                         HEIGHT="47"
                         WIDTH="701"
                         VPOS="2892"
                         HPOS="1115">
                  <String HEIGHT="47"
                          WIDTH="100"
                          VPOS="2892"
                          HPOS="1101"
                          CONTENT="non"/>
                  <SP HEIGHT="47" WIDTH="14" VPOS="2892" HPOS="1201"/>
                  <String HEIGHT="47"
                          WIDTH="157"
                          VPOS="2892"
                          HPOS="1158"
                          CONTENT="poterit"/>
                  <SP HEIGHT="47" WIDTH="14" VPOS="2892" HPOS="1315"/>
                  <String HEIGHT="47"
                          WIDTH="114"
                          VPOS="2892"
                          HPOS="1272"
                          CONTENT="sibi"/>
                  <SP HEIGHT="47" WIDTH="14" VPOS="2892" HPOS="1387"/>
                  <String HEIGHT="47"
                          WIDTH="186"
                          VPOS="2892"
                          HPOS="1344"
                          CONTENT="conuenire"/>
                  <SP HEIGHT="47" WIDTH="14" VPOS="2892" HPOS="1530"/>
                  <String HEIGHT="47" WIDTH="86" VPOS="2892" HPOS="1487" CONTENT="ab"/>
                  <SP HEIGHT="47" WIDTH="14" VPOS="2892" HPOS="1573"/>
                  <String HEIGHT="47"
                          WIDTH="129"
                          VPOS="2892"
                          HPOS="1530"
                          CONTENT="alio,"/>
                  <SP HEIGHT="47" WIDTH="14" VPOS="2892" HPOS="1659"/>
                  <String HEIGHT="47"
                          WIDTH="129"
                          VPOS="2892"
                          HPOS="1616"
                          CONTENT="puta,"/>
                  <SP HEIGHT="47" WIDTH="14" VPOS="2892" HPOS="1744"/>
                  <String HEIGHT="47" WIDTH="72" VPOS="2892" HPOS="1702" CONTENT="a"/>
                  <SP HEIGHT="47" WIDTH="14" VPOS="2892" HPOS="1773"/>
                  <String HEIGHT="47"
                          WIDTH="114"
                          VPOS="2892"
                          HPOS="1730"
                          CONTENT="Deo."/>
                  <SP HEIGHT="47" WIDTH="14" VPOS="2892" HPOS="1845"/>
                  <String HEIGHT="47" WIDTH="29" VPOS="2892" HPOS="1787" CONTENT=""/>
               </TextLine>
               <TextLine ID="r2l143"
                         BASELINE="2985"
                         HEIGHT="50"
                         WIDTH="817"
                         VPOS="2935"
                         HPOS="1143">
                  <String HEIGHT="50" WIDTH="77" VPOS="2935" HPOS="1128" CONTENT="1"/>
                  <SP HEIGHT="50" WIDTH="15" VPOS="2935" HPOS="1205"/>
                  <String HEIGHT="50"
                          WIDTH="108"
                          VPOS="2935"
                          HPOS="1158"
                          CONTENT="Nam"/>
                  <SP HEIGHT="50" WIDTH="15" VPOS="2935" HPOS="1266"/>
                  <String HEIGHT="50"
                          WIDTH="123"
                          VPOS="2935"
                          HPOS="1220"
                          CONTENT="quod"/>
                  <SP HEIGHT="50" WIDTH="15" VPOS="2935" HPOS="1343"/>
                  <String HEIGHT="50"
                          WIDTH="185"
                          VPOS="2935"
                          HPOS="1297"
                          CONTENT="competit"/>
                  <SP HEIGHT="50" WIDTH="15" VPOS="2935" HPOS="1482"/>
                  <String HEIGHT="50"
                          WIDTH="154"
                          VPOS="2935"
                          HPOS="1436"
                          CONTENT="alicui"/>
                  <SP HEIGHT="50" WIDTH="15" VPOS="2935" HPOS="1590"/>
                  <String HEIGHT="50" WIDTH="92" VPOS="2935" HPOS="1544" CONTENT="ex"/>
                  <SP HEIGHT="50" WIDTH="15" VPOS="2935" HPOS="1636"/>
                  <String HEIGHT="50"
                          WIDTH="108"
                          VPOS="2935"
                          HPOS="1590"
                          CONTENT="se,"/>
                  <SP HEIGHT="50" WIDTH="15" VPOS="2935" HPOS="1698"/>
                  <String HEIGHT="50"
                          WIDTH="108"
                          VPOS="2935"
                          HPOS="1652"
                          CONTENT="non"/>
                  <SP HEIGHT="50" WIDTH="15" VPOS="2935" HPOS="1760"/>
                  <String HEIGHT="50"
                          WIDTH="154"
                          VPOS="2935"
                          HPOS="1713"
                          CONTENT="potest"/>
                  <SP HEIGHT="50" WIDTH="15" VPOS="2935" HPOS="1868"/>
                  <String HEIGHT="50"
                          WIDTH="123"
                          VPOS="2935"
                          HPOS="1821"
                          CONTENT="sibi"/>
                  <SP HEIGHT="50" WIDTH="15" VPOS="2935" HPOS="1945"/>
                  <String HEIGHT="50"
                          WIDTH="77"
                          VPOS="2935"
                          HPOS="1883"
                          CONTENT="con"/>
               </TextLine>
               <TextLine ID="r2l144"
                         BASELINE="3023"
                         HEIGHT="55"
                         WIDTH="212"
                         VPOS="2968"
                         HPOS="1128">
                  <String HEIGHT="55"
                          WIDTH="133"
                          VPOS="2968"
                          HPOS="1115"
                          CONTENT="petere"/>
                  <SP HEIGHT="55" WIDTH="13" VPOS="2968" HPOS="1247"/>
                  <String HEIGHT="55" WIDTH="80" VPOS="2968" HPOS="1208" CONTENT="ex"/>
                  <SP HEIGHT="55" WIDTH="13" VPOS="2968" HPOS="1287"/>
                  <String HEIGHT="55"
                          WIDTH="119"
                          VPOS="2968"
                          HPOS="1247"
                          CONTENT="alio."/>
                  <SP HEIGHT="55" WIDTH="13" VPOS="2968" HPOS="1367"/>
                  <String HEIGHT="55" WIDTH="27" VPOS="2968" HPOS="1314" CONTENT=""/>
               </TextLine>
               <TextLine ID="r2l147"
                         BASELINE="3055"
                         HEIGHT="50"
                         WIDTH="785"
                         VPOS="3005"
                         HPOS="1168">
                  <String HEIGHT="50" WIDTH="59" VPOS="3005" HPOS="1153" CONTENT=""/>
                  <SP HEIGHT="50" WIDTH="15" VPOS="3005" HPOS="1212"/>
                  <String HEIGHT="50"
                          WIDTH="207"
                          VPOS="3005"
                          HPOS="1168"
                          CONTENT="Praeterea,"/>
                  <SP HEIGHT="50" WIDTH="15" VPOS="3005" HPOS="1375"/>
                  <String HEIGHT="50" WIDTH="89" VPOS="3005" HPOS="1331" CONTENT="ad"/>
                  <SP HEIGHT="50" WIDTH="15" VPOS="3005" HPOS="1420"/>
                  <String HEIGHT="50"
                          WIDTH="118"
                          VPOS="3005"
                          HPOS="1375"
                          CONTENT="idem"/>
                  <SP HEIGHT="50" WIDTH="15" VPOS="3005" HPOS="1494"/>
                  <String HEIGHT="50"
                          WIDTH="163"
                          VPOS="3005"
                          HPOS="1449"
                          CONTENT="arguunt"/>
                  <SP HEIGHT="50" WIDTH="15" VPOS="3005" HPOS="1612"/>
                  <String HEIGHT="50"
                          WIDTH="148"
                          VPOS="3005"
                          HPOS="1568"
                          CONTENT="quidam"/>
                  <SP HEIGHT="50" WIDTH="15" VPOS="3005" HPOS="1716"/>
                  <String HEIGHT="50"
                          WIDTH="118"
                          VPOS="3005"
                          HPOS="1672"
                          CONTENT="alij"/>
                  <SP HEIGHT="50" WIDTH="15" VPOS="3005" HPOS="1790"/>
                  <String HEIGHT="50"
                          WIDTH="118"
                          VPOS="3005"
                          HPOS="1746"
                          CONTENT="sic."/>
                  <SP HEIGHT="50" WIDTH="15" VPOS="3005" HPOS="1864"/>
                  <String HEIGHT="50" WIDTH="89" VPOS="3005" HPOS="1820" CONTENT="Si"/>
                  <SP HEIGHT="50" WIDTH="15" VPOS="3005" HPOS="1909"/>
                  <String HEIGHT="50"
                          WIDTH="104"
                          VPOS="3005"
                          HPOS="1849"
                          CONTENT="poter"/>
               </TextLine>
               <TextLine ID="r2l150"
                         BASELINE="3098"
                         HEIGHT="47"
                         WIDTH="825"
                         VPOS="3051"
                         HPOS="1126">
                  <String HEIGHT="47"
                          WIDTH="100"
                          VPOS="3051"
                          HPOS="1112"
                          CONTENT="tia"/>
                  <SP HEIGHT="47" WIDTH="14" VPOS="3051" HPOS="1211"/>
                  <String HEIGHT="47"
                          WIDTH="171"
                          VPOS="3051"
                          HPOS="1169"
                          CONTENT="peccandi"/>
                  <SP HEIGHT="47" WIDTH="14" VPOS="3051" HPOS="1339"/>
                  <String HEIGHT="47"
                          WIDTH="128"
                          VPOS="3051"
                          HPOS="1297"
                          CONTENT="esset"/>
                  <SP HEIGHT="47" WIDTH="14" VPOS="3051" HPOS="1425"/>
                  <String HEIGHT="47" WIDTH="71" VPOS="3051" HPOS="1382" CONTENT="a"/>
                  <SP HEIGHT="47" WIDTH="14" VPOS="3051" HPOS="1453"/>
                  <String HEIGHT="47"
                          WIDTH="114"
                          VPOS="3051"
                          HPOS="1410"
                          CONTENT="Deo,"/>
                  <SP HEIGHT="47" WIDTH="14" VPOS="3051" HPOS="1524"/>
                  <String HEIGHT="47"
                          WIDTH="100"
                          VPOS="3051"
                          HPOS="1482"
                          CONTENT="hoc"/>
                  <SP HEIGHT="47" WIDTH="14" VPOS="3051" HPOS="1581"/>
                  <String HEIGHT="47"
                          WIDTH="142"
                          VPOS="3051"
                          HPOS="1539"
                          CONTENT="maxime"/>
                  <SP HEIGHT="47" WIDTH="14" VPOS="3051" HPOS="1681"/>
                  <String HEIGHT="47"
                          WIDTH="128"
                          VPOS="3051"
                          HPOS="1638"
                          CONTENT="esset"/>
                  <SP HEIGHT="47" WIDTH="14" VPOS="3051" HPOS="1766"/>
                  <String HEIGHT="47"
                          WIDTH="100"
                          VPOS="3051"
                          HPOS="1723"
                          CONTENT="pro"/>
                  <SP HEIGHT="47" WIDTH="14" VPOS="3051" HPOS="1823"/>
                  <String HEIGHT="47"
                          WIDTH="142"
                          VPOS="3051"
                          HPOS="1780"
                          CONTENT="tanto:"/>
                  <SP HEIGHT="47" WIDTH="14" VPOS="3051" HPOS="1923"/>
                  <String HEIGHT="47"
                          WIDTH="85"
                          VPOS="3051"
                          HPOS="1866"
                          CONTENT="quod"/>
               </TextLine>
               <TextLine ID="r2l152"
                         BASELINE="3138"
                         HEIGHT="48"
                         WIDTH="834"
                         VPOS="3090"
                         HPOS="1126">
                  <String HEIGHT="48"
                          WIDTH="142"
                          VPOS="3090"
                          HPOS="1110"
                          CONTENT="talis"/>
                  <SP HEIGHT="48" WIDTH="16" VPOS="3090" HPOS="1252"/>
                  <String HEIGHT="48"
                          WIDTH="189"
                          VPOS="3090"
                          HPOS="1205"
                          CONTENT="potentia"/>
                  <SP HEIGHT="48" WIDTH="16" VPOS="3090" HPOS="1394"/>
                  <String HEIGHT="48"
                          WIDTH="142"
                          VPOS="3090"
                          HPOS="1346"
                          CONTENT="esset"/>
                  <SP HEIGHT="48" WIDTH="16" VPOS="3090" HPOS="1488"/>
                  <String HEIGHT="48"
                          WIDTH="142"
                          VPOS="3090"
                          HPOS="1441"
                          CONTENT="ipsum"/>
                  <SP HEIGHT="48" WIDTH="16" VPOS="3090" HPOS="1582"/>
                  <String HEIGHT="48"
                          WIDTH="173"
                          VPOS="3090"
                          HPOS="1535"
                          CONTENT="liberum"/>
                  <SP HEIGHT="48" WIDTH="16" VPOS="3090" HPOS="1708"/>
                  <String HEIGHT="48"
                          WIDTH="220"
                          VPOS="3090"
                          HPOS="1661"
                          CONTENT="arbitrium:"/>
                  <SP HEIGHT="48" WIDTH="16" VPOS="3090" HPOS="1881"/>
                  <String HEIGHT="48"
                          WIDTH="110"
                          VPOS="3090"
                          HPOS="1834"
                          CONTENT="sed"/>
                  <SP HEIGHT="48" WIDTH="16" VPOS="3090" HPOS="1944"/>
                  <String HEIGHT="48"
                          WIDTH="79"
                          VPOS="3090"
                          HPOS="1881"
                          CONTENT="hoc"/>
               </TextLine>
               <TextLine ID="r2l155"
                         BASELINE="3174"
                         HEIGHT="44"
                         WIDTH="840"
                         VPOS="3130"
                         HPOS="1128">
                  <String HEIGHT="44"
                          WIDTH="118"
                          VPOS="3130"
                          HPOS="1113"
                          CONTENT="non,"/>
                  <SP HEIGHT="44" WIDTH="15" VPOS="3130" HPOS="1231"/>
                  <String HEIGHT="44"
                          WIDTH="118"
                          VPOS="3130"
                          HPOS="1187"
                          CONTENT="quia"/>
                  <SP HEIGHT="44" WIDTH="15" VPOS="3130" HPOS="1305"/>
                  <String HEIGHT="44"
                          WIDTH="133"
                          VPOS="3130"
                          HPOS="1261"
                          CONTENT="dicit"/>
                  <SP HEIGHT="44" WIDTH="15" VPOS="3130" HPOS="1393"/>
                  <String HEIGHT="44"
                          WIDTH="133"
                          VPOS="3130"
                          HPOS="1349"
                          CONTENT="Ansel"/>
                  <SP HEIGHT="44" WIDTH="15" VPOS="3130" HPOS="1482"/>
                  <String HEIGHT="44" WIDTH="88" VPOS="3130" HPOS="1437" CONTENT="in"/>
                  <SP HEIGHT="44" WIDTH="15" VPOS="3130" HPOS="1526"/>
                  <String HEIGHT="44" WIDTH="88" VPOS="3130" HPOS="1482" CONTENT="de"/>
                  <SP HEIGHT="44" WIDTH="15" VPOS="3130" HPOS="1570"/>
                  <String HEIGHT="44"
                          WIDTH="147"
                          VPOS="3130"
                          HPOS="1526"
                          CONTENT="libero"/>
                  <SP HEIGHT="44" WIDTH="15" VPOS="3130" HPOS="1673"/>
                  <String HEIGHT="44"
                          WIDTH="192"
                          VPOS="3130"
                          HPOS="1629"
                          CONTENT="arbitrio,"/>
                  <SP HEIGHT="44" WIDTH="15" VPOS="3130" HPOS="1821"/>
                  <String HEIGHT="44"
                          WIDTH="118"
                          VPOS="3130"
                          HPOS="1776"
                          CONTENT="quod"/>
                  <SP HEIGHT="44" WIDTH="15" VPOS="3130" HPOS="1894"/>
                  <String HEIGHT="44"
                          WIDTH="133"
                          VPOS="3130"
                          HPOS="1835"
                          CONTENT="peccare"/>
               </TextLine>
            </TextBlock>
         </PrintSpace>
      </Page>
   </Layout>
</alto>
