<?xml version="1.0" encoding="UTF-8"?>
<alto xmlns:xsi="http://www.w3.org/2001/XMLSchema-instance"
      xmlns="http://www.loc.gov/standards/alto/ns-v2#"
      xmlns:page="http://schema.primaresearch.org/PAGE/gts/pagecontent/2013-07-15"
      xsi:schemaLocation="http://www.loc.gov/standards/alto/ns-v2# http://www.loc.gov/standards/alto/alto.xsd">
   <Description>
      <MeasurementUnit>pixel</MeasurementUnit>
      <OCRProcessing ID="IdOcr">
         <ocrProcessingStep>
            <processingDateTime>2020-10-28T20:23:54.193-04:00</processingDateTime>
            <processingSoftware>
               <softwareCreator>READ COOP</softwareCreator>
               <softwareName>Transkribus</softwareName>
            </processingSoftware>
         </ocrProcessingStep>
      </OCRProcessing>
   </Description>
   <Tags/>
   <Layout>
      <Page ID="Page1" PHYSICAL_IMG_NR="1" HEIGHT="3568" WIDTH="2405">
         <TopMargin HEIGHT="0" WIDTH="2405" VPOS="0" HPOS="0"/>
         <LeftMargin HEIGHT="3568" WIDTH="0" VPOS="0" HPOS="0"/>
         <RightMargin HEIGHT="3568" WIDTH="0" VPOS="0" HPOS="2405"/>
         <BottomMargin HEIGHT="0" WIDTH="2405" VPOS="3568" HPOS="0"/>
         <PrintSpace HEIGHT="3568" WIDTH="2405" VPOS="0" HPOS="0">
            <TextBlock ID="TextRegion_1603039320733_2351"
                       HEIGHT="2334"
                       WIDTH="897"
                       VPOS="259"
                       HPOS="422">
               <Shape>
                  <Polygon POINTS="422,259 1319,259 1290,2501 1288,2593 422,2593"/>
               </Shape>
               <TextLine ID="r2l5"
                         BASELINE="373"
                         HEIGHT="72"
                         WIDTH="817"
                         VPOS="301"
                         HPOS="483">
                  <String HEIGHT="72" WIDTH="74" VPOS="301" HPOS="468" CONTENT="1"/>
                  <SP HEIGHT="72" WIDTH="15" VPOS="301" HPOS="542"/>
                  <String HEIGHT="72"
                          WIDTH="134"
                          VPOS="301"
                          HPOS="498"
                          CONTENT="Forte"/>
                  <SP HEIGHT="72" WIDTH="15" VPOS="301" HPOS="632"/>
                  <String HEIGHT="72"
                          WIDTH="178"
                          VPOS="301"
                          HPOS="587"
                          CONTENT="dicetur,"/>
                  <SP HEIGHT="72" WIDTH="15" VPOS="301" HPOS="765"/>
                  <String HEIGHT="72"
                          WIDTH="119"
                          VPOS="301"
                          HPOS="721"
                          CONTENT="quod"/>
                  <SP HEIGHT="72" WIDTH="15" VPOS="301" HPOS="840"/>
                  <String HEIGHT="72"
                          WIDTH="178"
                          VPOS="301"
                          HPOS="795"
                          CONTENT="statutum"/>
                  <SP HEIGHT="72" WIDTH="15" VPOS="301" HPOS="973"/>
                  <String HEIGHT="72" WIDTH="104" VPOS="301" HPOS="929" CONTENT="est"/>
                  <SP HEIGHT="72" WIDTH="15" VPOS="301" HPOS="1033"/>
                  <String HEIGHT="72"
                          WIDTH="223"
                          VPOS="301"
                          HPOS="988"
                          CONTENT="eccclesiae,"/>
                  <SP HEIGHT="72" WIDTH="15" VPOS="301" HPOS="1211"/>
                  <String HEIGHT="72" WIDTH="89" VPOS="301" HPOS="1166" CONTENT="vt"/>
                  <SP HEIGHT="72" WIDTH="15" VPOS="301" HPOS="1255"/>
                  <String HEIGHT="72"
                          WIDTH="104"
                          VPOS="301"
                          HPOS="1196"
                          CONTENT="patet"/>
               </TextLine>
               <TextLine ID="r2l8"
                         BASELINE="411"
                         HEIGHT="39"
                         WIDTH="836"
                         VPOS="372"
                         HPOS="453">
                  <String HEIGHT="39"
                          WIDTH="130"
                          VPOS="372"
                          HPOS="439"
                          CONTENT="extra"/>
                  <SP HEIGHT="39" WIDTH="14" VPOS="372" HPOS="568"/>
                  <String HEIGHT="39" WIDTH="86" VPOS="372" HPOS="525" CONTENT="de"/>
                  <SP HEIGHT="39" WIDTH="14" VPOS="372" HPOS="612"/>
                  <String HEIGHT="39"
                          WIDTH="173"
                          VPOS="372"
                          HPOS="568"
                          CONTENT="ludaeis,"/>
                  <SP HEIGHT="39" WIDTH="14" VPOS="372" HPOS="741"/>
                  <String HEIGHT="39"
                          WIDTH="115"
                          VPOS="372"
                          HPOS="698"
                          CONTENT="quod"/>
                  <SP HEIGHT="39" WIDTH="14" VPOS="372" HPOS="813"/>
                  <String HEIGHT="39" WIDTH="86" VPOS="372" HPOS="770" CONTENT="si"/>
                  <SP HEIGHT="39" WIDTH="14" VPOS="372" HPOS="857"/>
                  <String HEIGHT="39"
                          WIDTH="115"
                          VPOS="372"
                          HPOS="813"
                          CONTENT="quis"/>
                  <SP HEIGHT="39" WIDTH="14" VPOS="372" HPOS="929"/>
                  <String HEIGHT="39"
                          WIDTH="144"
                          VPOS="372"
                          HPOS="885"
                          CONTENT="seruus"/>
                  <SP HEIGHT="39" WIDTH="14" VPOS="372" HPOS="1030"/>
                  <String HEIGHT="39"
                          WIDTH="187"
                          VPOS="372"
                          HPOS="986"
                          CONTENT="ludaeorum"/>
                  <SP HEIGHT="39" WIDTH="14" VPOS="372" HPOS="1174"/>
                  <String HEIGHT="39"
                          WIDTH="144"
                          VPOS="372"
                          HPOS="1130"
                          CONTENT="factus"/>
                  <SP HEIGHT="39" WIDTH="14" VPOS="372" HPOS="1275"/>
                  <String HEIGHT="39" WIDTH="72" VPOS="372" HPOS="1217" CONTENT="fus"/>
               </TextLine>
               <TextLine ID="r2l10"
                         BASELINE="455"
                         HEIGHT="45"
                         WIDTH="854"
                         VPOS="410"
                         HPOS="441">
                  <String HEIGHT="45" WIDTH="98" VPOS="410" HPOS="427" CONTENT="rit"/>
                  <SP HEIGHT="45" WIDTH="14" VPOS="410" HPOS="525"/>
                  <String HEIGHT="45"
                          WIDTH="224"
                          VPOS="410"
                          HPOS="483"
                          CONTENT="Christianus,"/>
                  <SP HEIGHT="45" WIDTH="14" VPOS="410" HPOS="707"/>
                  <String HEIGHT="45"
                          WIDTH="140"
                          VPOS="410"
                          HPOS="665"
                          CONTENT="statim"/>
                  <SP HEIGHT="45" WIDTH="14" VPOS="410" HPOS="805"/>
                  <String HEIGHT="45" WIDTH="70" VPOS="410" HPOS="763" CONTENT="a"/>
                  <SP HEIGHT="45" WIDTH="14" VPOS="410" HPOS="833"/>
                  <String HEIGHT="45"
                          WIDTH="182"
                          VPOS="410"
                          HPOS="791"
                          CONTENT="seruitute"/>
                  <SP HEIGHT="45" WIDTH="14" VPOS="410" HPOS="973"/>
                  <String HEIGHT="45"
                          WIDTH="196"
                          VPOS="410"
                          HPOS="931"
                          CONTENT="liberatur,"/>
                  <SP HEIGHT="45" WIDTH="14" VPOS="410" HPOS="1127"/>
                  <String HEIGHT="45" WIDTH="84" VPOS="410" HPOS="1085" CONTENT="si"/>
                  <SP HEIGHT="45" WIDTH="14" VPOS="410" HPOS="1169"/>
                  <String HEIGHT="45"
                          WIDTH="140"
                          VPOS="410"
                          HPOS="1127"
                          CONTENT="fuerit"/>
                  <SP HEIGHT="45" WIDTH="14" VPOS="410" HPOS="1267"/>
                  <String HEIGHT="45"
                          WIDTH="84"
                          VPOS="410"
                          HPOS="1211"
                          CONTENT="ver"
                          SUBS_TYPE="HypPart1"
                          SUBS_CONTENT="vernaculus,"/>
                  <HYP CONTENT="-"/>
               </TextLine>
               <TextLine ID="r2l12"
                         BASELINE="491"
                         HEIGHT="43"
                         WIDTH="861"
                         VPOS="448"
                         HPOS="442">
                  <String HEIGHT="43"
                          WIDTH="178"
                          VPOS="448"
                          HPOS="427"
                          CONTENT="naculus,"
                          SUBS_TYPE="HypPart2"
                          SUBS_CONTENT="vernaculus,"/>
                  <SP HEIGHT="43" WIDTH="15" VPOS="448" HPOS="605"/>
                  <String HEIGHT="43"
                          WIDTH="148"
                          VPOS="448"
                          HPOS="561"
                          CONTENT="idest,"/>
                  <SP HEIGHT="43" WIDTH="15" VPOS="448" HPOS="709"/>
                  <String HEIGHT="43" WIDTH="89" VPOS="448" HPOS="665" CONTENT="in"/>
                  <SP HEIGHT="43" WIDTH="15" VPOS="448" HPOS="754"/>
                  <String HEIGHT="43"
                          WIDTH="193"
                          VPOS="448"
                          HPOS="709"
                          CONTENT="seruitute"/>
                  <SP HEIGHT="43" WIDTH="15" VPOS="448" HPOS="902"/>
                  <String HEIGHT="43"
                          WIDTH="148"
                          VPOS="448"
                          HPOS="858"
                          CONTENT="natus;"/>
                  <SP HEIGHT="43" WIDTH="15" VPOS="448" HPOS="1006"/>
                  <String HEIGHT="43" WIDTH="89" VPOS="448" HPOS="962" CONTENT="ac"/>
                  <SP HEIGHT="43" WIDTH="15" VPOS="448" HPOS="1051"/>
                  <String HEIGHT="43"
                          WIDTH="134"
                          VPOS="448"
                          HPOS="1006"
                          CONTENT="etiam"/>
                  <SP HEIGHT="43" WIDTH="15" VPOS="448" HPOS="1140"/>
                  <String HEIGHT="43" WIDTH="89" VPOS="448" HPOS="1095" CONTENT="si"/>
                  <SP HEIGHT="43" WIDTH="15" VPOS="448" HPOS="1184"/>
                  <String HEIGHT="43"
                          WIDTH="148"
                          VPOS="448"
                          HPOS="1140"
                          CONTENT="fuerit"/>
                  <SP HEIGHT="43" WIDTH="15" VPOS="448" HPOS="1288"/>
                  <String HEIGHT="43"
                          WIDTH="74"
                          VPOS="448"
                          HPOS="1229"
                          CONTENT="em"
                          SUBS_TYPE="HypPart1"
                          SUBS_CONTENT="emptitius,"/>
                  <HYP CONTENT="-"/>
               </TextLine>
               <TextLine ID="r2l14"
                         BASELINE="543"
                         HEIGHT="61"
                         WIDTH="544"
                         VPOS="482"
                         HPOS="440">
                  <String HEIGHT="61"
                          WIDTH="176"
                          VPOS="482"
                          HPOS="425"
                          CONTENT="ptitius,"
                          SUBS_TYPE="HypPart2"
                          SUBS_CONTENT="emptitius,"/>
                  <SP HEIGHT="61" WIDTH="15" VPOS="482" HPOS="602"/>
                  <String HEIGHT="61" WIDTH="88" VPOS="482" HPOS="558" CONTENT="id"/>
                  <SP HEIGHT="61" WIDTH="15" VPOS="482" HPOS="646"/>
                  <String HEIGHT="61"
                          WIDTH="118"
                          VPOS="482"
                          HPOS="602"
                          CONTENT="est,"/>
                  <SP HEIGHT="61" WIDTH="15" VPOS="482" HPOS="719"/>
                  <String HEIGHT="61" WIDTH="88" VPOS="482" HPOS="675" CONTENT="ad"/>
                  <SP HEIGHT="61" WIDTH="15" VPOS="482" HPOS="763"/>
                  <String HEIGHT="61"
                          WIDTH="191"
                          VPOS="482"
                          HPOS="719"
                          CONTENT="seruitium"/>
                  <SP HEIGHT="61" WIDTH="15" VPOS="482" HPOS="910"/>
                  <String HEIGHT="61"
                          WIDTH="132"
                          VPOS="482"
                          HPOS="852"
                          CONTENT="emptus."/>
               </TextLine>
               <TextLine ID="r2l16"
                         BASELINE="576"
                         HEIGHT="47"
                         WIDTH="819"
                         VPOS="529"
                         HPOS="476">
                  <String HEIGHT="47" WIDTH="76" VPOS="529" HPOS="461" CONTENT="2"/>
                  <SP HEIGHT="47" WIDTH="15" VPOS="529" HPOS="537"/>
                  <String HEIGHT="47"
                          WIDTH="212"
                          VPOS="529"
                          HPOS="491"
                          CONTENT="Praeterea,"/>
                  <SP HEIGHT="47" WIDTH="15" VPOS="529" HPOS="704"/>
                  <String HEIGHT="47" WIDTH="91" VPOS="529" HPOS="658" CONTENT="si"/>
                  <SP HEIGHT="47" WIDTH="15" VPOS="529" HPOS="749"/>
                  <String HEIGHT="47"
                          WIDTH="137"
                          VPOS="529"
                          HPOS="704"
                          CONTENT="talis"/>
                  <SP HEIGHT="47" WIDTH="15" VPOS="529" HPOS="840"/>
                  <String HEIGHT="47"
                          WIDTH="228"
                          VPOS="529"
                          HPOS="795"
                          CONTENT="Christianus"/>
                  <SP HEIGHT="47" WIDTH="15" VPOS="529" HPOS="1022"/>
                  <String HEIGHT="47"
                          WIDTH="167"
                          VPOS="529"
                          HPOS="977"
                          CONTENT="maneret"/>
                  <SP HEIGHT="47" WIDTH="15" VPOS="529" HPOS="1143"/>
                  <String HEIGHT="47"
                          WIDTH="106"
                          VPOS="529"
                          HPOS="1098"
                          CONTENT="sub"/>
                  <SP HEIGHT="47" WIDTH="15" VPOS="529" HPOS="1204"/>
                  <String HEIGHT="47"
                          WIDTH="121"
                          VPOS="529"
                          HPOS="1159"
                          CONTENT="iugo"/>
                  <SP HEIGHT="47" WIDTH="15" VPOS="529" HPOS="1280"/>
                  <String HEIGHT="47"
                          WIDTH="76"
                          VPOS="529"
                          HPOS="1219"
                          CONTENT="hu"
                          SUBS_TYPE="HypPart1"
                          SUBS_CONTENT="huius"/>
                  <HYP CONTENT="-"/>
               </TextLine>
               <TextLine ID="r2l18"
                         BASELINE="611"
                         HEIGHT="46"
                         WIDTH="843"
                         VPOS="565"
                         HPOS="441">
                  <String HEIGHT="46"
                          WIDTH="100"
                          VPOS="565"
                          HPOS="427"
                          CONTENT="ius"
                          SUBS_TYPE="HypPart2"
                          SUBS_CONTENT="huius"/>
                  <SP HEIGHT="46" WIDTH="14" VPOS="565" HPOS="527"/>
                  <String HEIGHT="46"
                          WIDTH="186"
                          VPOS="565"
                          HPOS="484"
                          CONTENT="infidelis"/>
                  <SP HEIGHT="46" WIDTH="14" VPOS="565" HPOS="670"/>
                  <String HEIGHT="46"
                          WIDTH="200"
                          VPOS="565"
                          HPOS="627"
                          CONTENT="principis,"/>
                  <SP HEIGHT="46" WIDTH="14" VPOS="565" HPOS="827"/>
                  <String HEIGHT="46"
                          WIDTH="114"
                          VPOS="565"
                          HPOS="784"
                          CONTENT="tunc"/>
                  <SP HEIGHT="46" WIDTH="14" VPOS="565" HPOS="898"/>
                  <String HEIGHT="46"
                          WIDTH="114"
                          VPOS="565"
                          HPOS="855"
                          CONTENT="ille"/>
                  <SP HEIGHT="46" WIDTH="14" VPOS="565" HPOS="970"/>
                  <String HEIGHT="46"
                          WIDTH="157"
                          VPOS="565"
                          HPOS="927"
                          CONTENT="dominus"/>
                  <SP HEIGHT="46" WIDTH="14" VPOS="565" HPOS="1084"/>
                  <String HEIGHT="46"
                          WIDTH="186"
                          VPOS="565"
                          HPOS="1041"
                          CONTENT="infidelis"/>
                  <SP HEIGHT="46" WIDTH="14" VPOS="565" HPOS="1227"/>
                  <String HEIGHT="46"
                          WIDTH="114"
                          VPOS="565"
                          HPOS="1170"
                          CONTENT="posset"/>
               </TextLine>
               <TextLine ID="r2l20"
                         BASELINE="650"
                         HEIGHT="47"
                         WIDTH="842"
                         VPOS="603"
                         HPOS="447">
                  <String HEIGHT="47"
                          WIDTH="140"
                          VPOS="603"
                          HPOS="431"
                          CONTENT="talem"/>
                  <SP HEIGHT="47" WIDTH="16" VPOS="603" HPOS="572"/>
                  <String HEIGHT="47"
                          WIDTH="187"
                          VPOS="603"
                          HPOS="525"
                          CONTENT="subditum"/>
                  <SP HEIGHT="47" WIDTH="16" VPOS="603" HPOS="712"/>
                  <String HEIGHT="47"
                          WIDTH="218"
                          VPOS="603"
                          HPOS="665"
                          CONTENT="compellere"/>
                  <SP HEIGHT="47" WIDTH="16" VPOS="603" HPOS="884"/>
                  <String HEIGHT="47" WIDTH="94" VPOS="603" HPOS="837" CONTENT="ad"/>
                  <SP HEIGHT="47" WIDTH="16" VPOS="603" HPOS="930"/>
                  <String HEIGHT="47"
                          WIDTH="125"
                          VPOS="603"
                          HPOS="884"
                          CONTENT="hoc,"/>
                  <SP HEIGHT="47" WIDTH="16" VPOS="603" HPOS="1008"/>
                  <String HEIGHT="47" WIDTH="94" VPOS="603" HPOS="962" CONTENT="vt"/>
                  <SP HEIGHT="47" WIDTH="16" VPOS="603" HPOS="1055"/>
                  <String HEIGHT="47"
                          WIDTH="172"
                          VPOS="603"
                          HPOS="1008"
                          CONTENT="Christi"/>
                  <SP HEIGHT="47" WIDTH="16" VPOS="603" HPOS="1180"/>
                  <String HEIGHT="47"
                          WIDTH="140"
                          VPOS="603"
                          HPOS="1133"
                          CONTENT="fidem"/>
                  <SP HEIGHT="47" WIDTH="16" VPOS="603" HPOS="1273"/>
                  <String HEIGHT="47"
                          WIDTH="78"
                          VPOS="603"
                          HPOS="1211"
                          CONTENT="di"
                          SUBS_TYPE="HypPart1"
                          SUBS_CONTENT="dimitteret,"/>
                  <HYP CONTENT="-"/>
               </TextLine>
               <TextLine ID="r2l22"
                         BASELINE="684"
                         HEIGHT="43"
                         WIDTH="531"
                         VPOS="641"
                         HPOS="452">
                  <String HEIGHT="43"
                          WIDTH="209"
                          VPOS="641"
                          HPOS="436"
                          CONTENT="mitteret,"
                          SUBS_TYPE="HypPart2"
                          SUBS_CONTENT="dimitteret,"/>
                  <SP HEIGHT="43" WIDTH="16" VPOS="641" HPOS="645"/>
                  <String HEIGHT="43" WIDTH="80" VPOS="641" HPOS="597" CONTENT="&amp;"/>
                  <SP HEIGHT="43" WIDTH="16" VPOS="641" HPOS="677"/>
                  <String HEIGHT="43"
                          WIDTH="193"
                          VPOS="641"
                          HPOS="629"
                          CONTENT="Christum"/>
                  <SP HEIGHT="43" WIDTH="16" VPOS="641" HPOS="822"/>
                  <String HEIGHT="43"
                          WIDTH="225"
                          VPOS="641"
                          HPOS="758"
                          CONTENT="blasphemaret"/>
               </TextLine>
               <TextLine ID="r2l24"
                         BASELINE="731"
                         HEIGHT="49"
                         WIDTH="806"
                         VPOS="682"
                         HPOS="477">
                  <String HEIGHT="49"
                          WIDTH="187"
                          VPOS="682"
                          HPOS="463"
                          CONTENT="Respodeo,"/>
                  <SP HEIGHT="49" WIDTH="14" VPOS="682" HPOS="650"/>
                  <String HEIGHT="49"
                          WIDTH="115"
                          VPOS="682"
                          HPOS="607"
                          CONTENT="quod"/>
                  <SP HEIGHT="49" WIDTH="14" VPOS="682" HPOS="722"/>
                  <String HEIGHT="49"
                          WIDTH="130"
                          VPOS="682"
                          HPOS="678"
                          CONTENT="secus"/>
                  <SP HEIGHT="49" WIDTH="14" VPOS="682" HPOS="808"/>
                  <String HEIGHT="49" WIDTH="101" VPOS="682" HPOS="765" CONTENT="est"/>
                  <SP HEIGHT="49" WIDTH="14" VPOS="682" HPOS="866"/>
                  <String HEIGHT="49" WIDTH="86" VPOS="682" HPOS="822" CONTENT="de"/>
                  <SP HEIGHT="49" WIDTH="14" VPOS="682" HPOS="909"/>
                  <String HEIGHT="49"
                          WIDTH="173"
                          VPOS="682"
                          HPOS="866"
                          CONTENT="ludaeis,"/>
                  <SP HEIGHT="49" WIDTH="14" VPOS="682" HPOS="1038"/>
                  <String HEIGHT="49" WIDTH="72" VPOS="682" HPOS="995" CONTENT="&amp;"/>
                  <SP HEIGHT="49" WIDTH="14" VPOS="682" HPOS="1067"/>
                  <String HEIGHT="49"
                          WIDTH="158"
                          VPOS="682"
                          HPOS="1024"
                          CONTENT="ceteris"/>
                  <SP HEIGHT="49" WIDTH="14" VPOS="682" HPOS="1182"/>
                  <String HEIGHT="49"
                          WIDTH="158"
                          VPOS="682"
                          HPOS="1125"
                          CONTENT="infideli"
                          SUBS_TYPE="HypPart1"
                          SUBS_CONTENT="infidelibus:"/>
                  <HYP CONTENT="-"/>
               </TextLine>
               <TextLine ID="r2l26"
                         BASELINE="769"
                         HEIGHT="50"
                         WIDTH="841"
                         VPOS="719"
                         HPOS="444">
                  <String HEIGHT="50"
                          WIDTH="122"
                          VPOS="719"
                          HPOS="429"
                          CONTENT="bus:"
                          SUBS_TYPE="HypPart2"
                          SUBS_CONTENT="infidelibus:"/>
                  <SP HEIGHT="50" WIDTH="15" VPOS="719" HPOS="551"/>
                  <String HEIGHT="50"
                          WIDTH="122"
                          VPOS="719"
                          HPOS="505"
                          CONTENT="quia"/>
                  <SP HEIGHT="50" WIDTH="15" VPOS="719" HPOS="627"/>
                  <String HEIGHT="50"
                          WIDTH="153"
                          VPOS="719"
                          HPOS="582"
                          CONTENT="ludaei"/>
                  <SP HEIGHT="50" WIDTH="15" VPOS="719" HPOS="735"/>
                  <String HEIGHT="50"
                          WIDTH="183"
                          VPOS="719"
                          HPOS="689"
                          CONTENT="exigente"/>
                  <SP HEIGHT="50" WIDTH="15" VPOS="719" HPOS="872"/>
                  <String HEIGHT="50" WIDTH="107" VPOS="719" HPOS="826" CONTENT="suo"/>
                  <SP HEIGHT="50" WIDTH="15" VPOS="719" HPOS="933"/>
                  <String HEIGHT="50"
                          WIDTH="183"
                          VPOS="719"
                          HPOS="887"
                          CONTENT="demerito"/>
                  <SP HEIGHT="50" WIDTH="15" VPOS="719" HPOS="1071"/>
                  <String HEIGHT="50"
                          WIDTH="107"
                          VPOS="719"
                          HPOS="1025"
                          CONTENT="per"/>
                  <SP HEIGHT="50" WIDTH="15" VPOS="719" HPOS="1132"/>
                  <String HEIGHT="50"
                          WIDTH="168"
                          VPOS="719"
                          HPOS="1086"
                          CONTENT="fomanos"/>
                  <SP HEIGHT="50" WIDTH="15" VPOS="719" HPOS="1254"/>
                  <String HEIGHT="50"
                          WIDTH="92"
                          VPOS="719"
                          HPOS="1193"
                          CONTENT="prit"/>
               </TextLine>
               <TextLine ID="r2l28"
                         BASELINE="807"
                         HEIGHT="46"
                         WIDTH="837"
                         VPOS="761"
                         HPOS="448">
                  <String HEIGHT="46"
                          WIDTH="126"
                          VPOS="761"
                          HPOS="434"
                          CONTENT="cipes"/>
                  <SP HEIGHT="46" WIDTH="14" VPOS="761" HPOS="560"/>
                  <String HEIGHT="46"
                          WIDTH="112"
                          VPOS="761"
                          HPOS="518"
                          CONTENT="sunt"/>
                  <SP HEIGHT="46" WIDTH="14" VPOS="761" HPOS="629"/>
                  <String HEIGHT="46" WIDTH="84" VPOS="761" HPOS="588" CONTENT="in"/>
                  <SP HEIGHT="46" WIDTH="14" VPOS="761" HPOS="671"/>
                  <String HEIGHT="46"
                          WIDTH="195"
                          VPOS="761"
                          HPOS="629"
                          CONTENT="seruitutem"/>
                  <SP HEIGHT="46" WIDTH="14" VPOS="761" HPOS="825"/>
                  <String HEIGHT="46"
                          WIDTH="167"
                          VPOS="761"
                          HPOS="783"
                          CONTENT="redacti,"/>
                  <SP HEIGHT="46" WIDTH="14" VPOS="761" HPOS="950"/>
                  <String HEIGHT="46" WIDTH="70" VPOS="761" HPOS="908" CONTENT="&amp;"/>
                  <SP HEIGHT="46" WIDTH="14" VPOS="761" HPOS="978"/>
                  <String HEIGHT="46"
                          WIDTH="153"
                          VPOS="761"
                          HPOS="936"
                          CONTENT="proprii"/>
                  <SP HEIGHT="46" WIDTH="14" VPOS="761" HPOS="1090"/>
                  <String HEIGHT="46"
                          WIDTH="126"
                          VPOS="761"
                          HPOS="1048"
                          CONTENT="serui"/>
                  <SP HEIGHT="46" WIDTH="14" VPOS="761" HPOS="1173"/>
                  <String HEIGHT="46"
                          WIDTH="140"
                          VPOS="761"
                          HPOS="1132"
                          CONTENT="facti."/>
                  <SP HEIGHT="46" WIDTH="14" VPOS="761" HPOS="1271"/>
                  <String HEIGHT="46" WIDTH="70" VPOS="761" HPOS="1215" CONTENT="Sei"/>
               </TextLine>
               <TextLine ID="r2l30"
                         BASELINE="845"
                         HEIGHT="39"
                         WIDTH="830"
                         VPOS="806"
                         HPOS="447">
                  <String HEIGHT="39" WIDTH="106" VPOS="806" HPOS="432" CONTENT="uus"/>
                  <SP HEIGHT="39" WIDTH="15" VPOS="806" HPOS="538"/>
                  <String HEIGHT="39"
                          WIDTH="121"
                          VPOS="806"
                          HPOS="492"
                          CONTENT="enim"/>
                  <SP HEIGHT="39" WIDTH="15" VPOS="806" HPOS="613"/>
                  <String HEIGHT="39"
                          WIDTH="166"
                          VPOS="806"
                          HPOS="568"
                          CONTENT="dicitur"/>
                  <SP HEIGHT="39" WIDTH="15" VPOS="806" HPOS="734"/>
                  <String HEIGHT="39" WIDTH="75" VPOS="806" HPOS="688" CONTENT="a"/>
                  <SP HEIGHT="39" WIDTH="15" VPOS="806" HPOS="764"/>
                  <String HEIGHT="39"
                          WIDTH="196"
                          VPOS="806"
                          HPOS="719"
                          CONTENT="seruando,"/>
                  <SP HEIGHT="39" WIDTH="15" VPOS="806" HPOS="915"/>
                  <String HEIGHT="39"
                          WIDTH="136"
                          VPOS="806"
                          HPOS="870"
                          CONTENT="quia,"/>
                  <SP HEIGHT="39" WIDTH="15" VPOS="806" HPOS="1005"/>
                  <String HEIGHT="39" WIDTH="106" VPOS="806" HPOS="960" CONTENT="cum"/>
                  <SP HEIGHT="39" WIDTH="15" VPOS="806" HPOS="1066"/>
                  <String HEIGHT="39"
                          WIDTH="121"
                          VPOS="806"
                          HPOS="1020"
                          CONTENT="iure"/>
                  <SP HEIGHT="39" WIDTH="15" VPOS="806" HPOS="1141"/>
                  <String HEIGHT="39"
                          WIDTH="136"
                          VPOS="806"
                          HPOS="1096"
                          CONTENT="belli"/>
                  <SP HEIGHT="39" WIDTH="15" VPOS="806" HPOS="1232"/>
                  <String HEIGHT="39"
                          WIDTH="106"
                          VPOS="806"
                          HPOS="1171"
                          CONTENT="obten"/>
               </TextLine>
               <TextLine ID="r2l31"
                         BASELINE="880"
                         HEIGHT="40"
                         WIDTH="847"
                         VPOS="840"
                         HPOS="442">
                  <String HEIGHT="40" WIDTH="99" VPOS="840" HPOS="428" CONTENT="tus"/>
                  <SP HEIGHT="40" WIDTH="14" VPOS="840" HPOS="527"/>
                  <String HEIGHT="40"
                          WIDTH="127"
                          VPOS="840"
                          HPOS="484"
                          CONTENT="iuste"/>
                  <SP HEIGHT="40" WIDTH="14" VPOS="840" HPOS="611"/>
                  <String HEIGHT="40"
                          WIDTH="141"
                          VPOS="840"
                          HPOS="569"
                          CONTENT="posset"/>
                  <SP HEIGHT="40" WIDTH="14" VPOS="840" HPOS="710"/>
                  <String HEIGHT="40"
                          WIDTH="141"
                          VPOS="840"
                          HPOS="668"
                          CONTENT="occidi"/>
                  <SP HEIGHT="40" WIDTH="14" VPOS="840" HPOS="809"/>
                  <String HEIGHT="40" WIDTH="71" VPOS="840" HPOS="767" CONTENT="a"/>
                  <SP HEIGHT="40" WIDTH="14" VPOS="840" HPOS="837"/>
                  <String HEIGHT="40"
                          WIDTH="184"
                          VPOS="840"
                          HPOS="795"
                          CONTENT="principe,"/>
                  <SP HEIGHT="40" WIDTH="14" VPOS="840" HPOS="978"/>
                  <String HEIGHT="40"
                          WIDTH="184"
                          VPOS="840"
                          HPOS="936"
                          CONTENT="seruatur:"/>
                  <SP HEIGHT="40" WIDTH="14" VPOS="840" HPOS="1120"/>
                  <String HEIGHT="40" WIDTH="71" VPOS="840" HPOS="1077" CONTENT="&amp;"/>
                  <SP HEIGHT="40" WIDTH="14" VPOS="840" HPOS="1148"/>
                  <String HEIGHT="40" WIDTH="99" VPOS="840" HPOS="1105" CONTENT="sic"/>
                  <SP HEIGHT="40" WIDTH="14" VPOS="840" HPOS="1204"/>
                  <String HEIGHT="40"
                          WIDTH="113"
                          VPOS="840"
                          HPOS="1162"
                          CONTENT="ipse"/>
                  <SP HEIGHT="40" WIDTH="14" VPOS="840" HPOS="1275"/>
                  <String HEIGHT="40" WIDTH="71" VPOS="840" HPOS="1218" CONTENT="cum"/>
               </TextLine>
               <TextLine ID="r2l34"
                         BASELINE="918"
                         HEIGHT="45"
                         WIDTH="848"
                         VPOS="873"
                         HPOS="444">
                  <String HEIGHT="45" WIDTH="108" VPOS="873" HPOS="429" CONTENT="sua"/>
                  <SP HEIGHT="45" WIDTH="15" VPOS="873" HPOS="537"/>
                  <String HEIGHT="45"
                          WIDTH="231"
                          VPOS="873"
                          HPOS="490"
                          CONTENT="posteritate"/>
                  <SP HEIGHT="45" WIDTH="15" VPOS="873" HPOS="722"/>
                  <String HEIGHT="45" WIDTH="93" VPOS="873" HPOS="675" CONTENT="in"/>
                  <SP HEIGHT="45" WIDTH="15" VPOS="873" HPOS="768"/>
                  <String HEIGHT="45"
                          WIDTH="216"
                          VPOS="873"
                          HPOS="722"
                          CONTENT="seruitutem"/>
                  <SP HEIGHT="45" WIDTH="15" VPOS="873" HPOS="937"/>
                  <String HEIGHT="45"
                          WIDTH="216"
                          VPOS="873"
                          HPOS="891"
                          CONTENT="redigitur."/>
                  <SP HEIGHT="45" WIDTH="15" VPOS="873" HPOS="1107"/>
                  <String HEIGHT="45"
                          WIDTH="108"
                          VPOS="873"
                          HPOS="1061"
                          CONTENT="Sic"/>
                  <SP HEIGHT="45" WIDTH="15" VPOS="873" HPOS="1169"/>
                  <String HEIGHT="45"
                          WIDTH="154"
                          VPOS="873"
                          HPOS="1122"
                          CONTENT="factum"/>
                  <SP HEIGHT="45" WIDTH="15" VPOS="873" HPOS="1277"/>
                  <String HEIGHT="45" WIDTH="77" VPOS="873" HPOS="1215" CONTENT="est"/>
               </TextLine>
               <TextLine ID="r2l35"
                         BASELINE="960"
                         HEIGHT="46"
                         WIDTH="828"
                         VPOS="914"
                         HPOS="447">
                  <String HEIGHT="46" WIDTH="97" VPOS="914" HPOS="431" CONTENT="de"/>
                  <SP HEIGHT="46" WIDTH="16" VPOS="914" HPOS="528"/>
                  <String HEIGHT="46"
                          WIDTH="162"
                          VPOS="914"
                          HPOS="479"
                          CONTENT="ludeis"/>
                  <SP HEIGHT="46" WIDTH="16" VPOS="914" HPOS="642"/>
                  <String HEIGHT="46" WIDTH="114" VPOS="914" HPOS="593" CONTENT="per"/>
                  <SP HEIGHT="46" WIDTH="16" VPOS="914" HPOS="707"/>
                  <String HEIGHT="46"
                          WIDTH="162"
                          VPOS="914"
                          HPOS="658"
                          CONTENT="Titum&amp;"/>
                  <SP HEIGHT="46" WIDTH="16" VPOS="914" HPOS="820"/>
                  <String HEIGHT="46"
                          WIDTH="260"
                          VPOS="914"
                          HPOS="772"
                          CONTENT="vespesianum."/>
                  <SP HEIGHT="46" WIDTH="16" VPOS="914" HPOS="1031"/>
                  <String HEIGHT="46" WIDTH="114" VPOS="914" HPOS="983" CONTENT="Cum"/>
                  <SP HEIGHT="46" WIDTH="16" VPOS="914" HPOS="1096"/>
                  <String HEIGHT="46"
                          WIDTH="162"
                          VPOS="914"
                          HPOS="1048"
                          CONTENT="igitur"/>
                  <SP HEIGHT="46" WIDTH="16" VPOS="914" HPOS="1210"/>
                  <String HEIGHT="46" WIDTH="97" VPOS="914" HPOS="1161" CONTENT="in"/>
                  <SP HEIGHT="46" WIDTH="16" VPOS="914" HPOS="1259"/>
                  <String HEIGHT="46" WIDTH="81" VPOS="914" HPOS="1194" CONTENT="suc"/>
               </TextLine>
               <TextLine ID="r2l37"
                         BASELINE="1000"
                         HEIGHT="41"
                         WIDTH="840"
                         VPOS="959"
                         HPOS="445">
                  <String HEIGHT="41"
                          WIDTH="133"
                          VPOS="959"
                          HPOS="430"
                          CONTENT="cessu"/>
                  <SP HEIGHT="41" WIDTH="15" VPOS="959" HPOS="563"/>
                  <String HEIGHT="41"
                          WIDTH="177"
                          VPOS="959"
                          HPOS="519"
                          CONTENT="temporis"/>
                  <SP HEIGHT="41" WIDTH="15" VPOS="959" HPOS="696"/>
                  <String HEIGHT="41"
                          WIDTH="147"
                          VPOS="959"
                          HPOS="651"
                          CONTENT="Romani"/>
                  <SP HEIGHT="41" WIDTH="15" VPOS="959" HPOS="799"/>
                  <String HEIGHT="41"
                          WIDTH="192"
                          VPOS="959"
                          HPOS="754"
                          CONTENT="principes"/>
                  <SP HEIGHT="41" WIDTH="15" VPOS="959" HPOS="946"/>
                  <String HEIGHT="41"
                          WIDTH="133"
                          VPOS="959"
                          HPOS="902"
                          CONTENT="facti"/>
                  <SP HEIGHT="41" WIDTH="15" VPOS="959" HPOS="1034"/>
                  <String HEIGHT="41"
                          WIDTH="118"
                          VPOS="959"
                          HPOS="990"
                          CONTENT="sint"/>
                  <SP HEIGHT="41" WIDTH="15" VPOS="959" HPOS="1108"/>
                  <String HEIGHT="41"
                          WIDTH="221"
                          VPOS="959"
                          HPOS="1064"
                          CONTENT="Christiani:"/>
                  <SP HEIGHT="41" WIDTH="15" VPOS="959" HPOS="1285"/>
                  <String HEIGHT="41" WIDTH="59" VPOS="959" HPOS="1226" CONTENT="er"/>
               </TextLine>
               <TextLine ID="r2l39"
                         BASELINE="1046"
                         HEIGHT="56"
                         WIDTH="835"
                         VPOS="990"
                         HPOS="441">
                  <String HEIGHT="56" WIDTH="98" VPOS="990" HPOS="425" CONTENT="go"/>
                  <SP HEIGHT="56" WIDTH="16" VPOS="990" HPOS="523"/>
                  <String HEIGHT="56"
                          WIDTH="164"
                          VPOS="990"
                          HPOS="474"
                          CONTENT="Romana"/>
                  <SP HEIGHT="56" WIDTH="16" VPOS="990" HPOS="637"/>
                  <String HEIGHT="56"
                          WIDTH="196"
                          VPOS="990"
                          HPOS="588"
                          CONTENT="ecclesia"/>
                  <SP HEIGHT="56" WIDTH="16" VPOS="990" HPOS="785"/>
                  <String HEIGHT="56" WIDTH="98" VPOS="990" HPOS="736" CONTENT="ad"/>
                  <SP HEIGHT="56" WIDTH="16" VPOS="990" HPOS="834"/>
                  <String HEIGHT="56"
                          WIDTH="180"
                          VPOS="990"
                          HPOS="785"
                          CONTENT="fauorem"/>
                  <SP HEIGHT="56" WIDTH="16" VPOS="990" HPOS="965"/>
                  <String HEIGHT="56"
                          WIDTH="147"
                          VPOS="990"
                          HPOS="916"
                          CONTENT="fidei"/>
                  <SP HEIGHT="56" WIDTH="16" VPOS="990" HPOS="1063"/>
                  <String HEIGHT="56"
                          WIDTH="164"
                          VPOS="990"
                          HPOS="1014"
                          CONTENT="seruos"/>
                  <SP HEIGHT="56" WIDTH="16" VPOS="990" HPOS="1178"/>
                  <String HEIGHT="56"
                          WIDTH="164"
                          VPOS="990"
                          HPOS="1112"
                          CONTENT="ludeorum"/>
               </TextLine>
               <TextLine ID="r2l41"
                         BASELINE="1071"
                         HEIGHT="40"
                         WIDTH="841"
                         VPOS="1031"
                         HPOS="435">
                  <String HEIGHT="40" WIDTH="89" VPOS="1031" HPOS="420" CONTENT="ad"/>
                  <SP HEIGHT="40" WIDTH="15" VPOS="1031" HPOS="509"/>
                  <String HEIGHT="40"
                          WIDTH="133"
                          VPOS="1031"
                          HPOS="465"
                          CONTENT="fidem"/>
                  <SP HEIGHT="40" WIDTH="15" VPOS="1031" HPOS="597"/>
                  <String HEIGHT="40"
                          WIDTH="207"
                          VPOS="1031"
                          HPOS="553"
                          CONTENT="conuersos,"/>
                  <SP HEIGHT="40" WIDTH="15" VPOS="1031" HPOS="760"/>
                  <String HEIGHT="40"
                          WIDTH="148"
                          VPOS="1031"
                          HPOS="715"
                          CONTENT="potest"/>
                  <SP HEIGHT="40" WIDTH="15" VPOS="1031" HPOS="863"/>
                  <String HEIGHT="40"
                          WIDTH="162"
                          VPOS="1031"
                          HPOS="819"
                          CONTENT="liberos"/>
                  <SP HEIGHT="40" WIDTH="15" VPOS="1031" HPOS="981"/>
                  <String HEIGHT="40"
                          WIDTH="177"
                          VPOS="1031"
                          HPOS="937"
                          CONTENT="reddere:"/>
                  <SP HEIGHT="40" WIDTH="15" VPOS="1031" HPOS="1114"/>
                  <String HEIGHT="40"
                          WIDTH="118"
                          VPOS="1031"
                          HPOS="1069"
                          CONTENT="quia"/>
                  <SP HEIGHT="40" WIDTH="15" VPOS="1031" HPOS="1187"/>
                  <String HEIGHT="40"
                          WIDTH="118"
                          VPOS="1031"
                          HPOS="1143"
                          CONTENT="ipsi"/>
                  <SP HEIGHT="40" WIDTH="15" VPOS="1031" HPOS="1261"/>
                  <String HEIGHT="40"
                          WIDTH="74"
                          VPOS="1031"
                          HPOS="1202"
                          CONTENT="fu"
                          SUBS_TYPE="HypPart1"
                          SUBS_CONTENT="fudei"/>
                  <HYP CONTENT="-"/>
               </TextLine>
               <TextLine ID="r2l43"
                         BASELINE="1109"
                         HEIGHT="40"
                         WIDTH="843"
                         VPOS="1069"
                         HPOS="438">
                  <String HEIGHT="40"
                          WIDTH="105"
                          VPOS="1069"
                          HPOS="423"
                          CONTENT="dei"
                          SUBS_TYPE="HypPart2"
                          SUBS_CONTENT="fudei"/>
                  <SP HEIGHT="40" WIDTH="15" VPOS="1069" HPOS="528"/>
                  <String HEIGHT="40" WIDTH="75" VPOS="1069" HPOS="483" CONTENT="&amp;"/>
                  <SP HEIGHT="40" WIDTH="15" VPOS="1069" HPOS="558"/>
                  <String HEIGHT="40"
                          WIDTH="120"
                          VPOS="1069"
                          HPOS="513"
                          CONTENT="bona"/>
                  <SP HEIGHT="40" WIDTH="15" VPOS="1069" HPOS="634"/>
                  <String HEIGHT="40"
                          WIDTH="135"
                          VPOS="1069"
                          HPOS="589"
                          CONTENT="eorum"/>
                  <SP HEIGHT="40" WIDTH="15" VPOS="1069" HPOS="724"/>
                  <String HEIGHT="40"
                          WIDTH="166"
                          VPOS="1069"
                          HPOS="679"
                          CONTENT="subsunt"/>
                  <SP HEIGHT="40" WIDTH="15" VPOS="1069" HPOS="844"/>
                  <String HEIGHT="40"
                          WIDTH="226"
                          VPOS="1069"
                          HPOS="799"
                          CONTENT="auctoritati"/>
                  <SP HEIGHT="40" WIDTH="15" VPOS="1069" HPOS="1025"/>
                  <String HEIGHT="40"
                          WIDTH="196"
                          VPOS="1069"
                          HPOS="980"
                          CONTENT="ccclesiae"/>
                  <SP HEIGHT="40" WIDTH="15" VPOS="1069" HPOS="1176"/>
                  <String HEIGHT="40"
                          WIDTH="105"
                          VPOS="1069"
                          HPOS="1130"
                          CONTENT="per"/>
                  <SP HEIGHT="40" WIDTH="15" VPOS="1069" HPOS="1236"/>
                  <String HEIGHT="40"
                          WIDTH="105"
                          VPOS="1069"
                          HPOS="1176"
                          CONTENT="fauo"
                          SUBS_TYPE="HypPart1"
                          SUBS_CONTENT="fauorem"/>
                  <HYP CONTENT="-"/>
               </TextLine>
               <TextLine ID="r2l45"
                         BASELINE="1157"
                         HEIGHT="44"
                         WIDTH="843"
                         VPOS="1113"
                         HPOS="438">
                  <String HEIGHT="44"
                          WIDTH="118"
                          VPOS="1113"
                          HPOS="421"
                          CONTENT="rem"
                          SUBS_TYPE="HypPart2"
                          SUBS_CONTENT="fauorem"/>
                  <SP HEIGHT="44" WIDTH="17" VPOS="1113" HPOS="539"/>
                  <String HEIGHT="44"
                          WIDTH="219"
                          VPOS="1113"
                          HPOS="489"
                          CONTENT="Homanorum"/>
                  <SP HEIGHT="44" WIDTH="17" VPOS="1113" HPOS="708"/>
                  <String HEIGHT="44"
                          WIDTH="270"
                          VPOS="1113"
                          HPOS="657"
                          CONTENT="Imperatorum,"/>
                  <SP HEIGHT="44" WIDTH="17" VPOS="1113" HPOS="927"/>
                  <String HEIGHT="44"
                          WIDTH="118"
                          VPOS="1113"
                          HPOS="876"
                          CONTENT="qui"/>
                  <SP HEIGHT="44" WIDTH="17" VPOS="1113" HPOS="994"/>
                  <String HEIGHT="44"
                          WIDTH="118"
                          VPOS="1113"
                          HPOS="944"
                          CONTENT="hoc"/>
                  <SP HEIGHT="44" WIDTH="17" VPOS="1113" HPOS="1062"/>
                  <String HEIGHT="44"
                          WIDTH="219"
                          VPOS="1113"
                          HPOS="1011"
                          CONTENT="ecclesiae"/>
                  <SP HEIGHT="44" WIDTH="17" VPOS="1113" HPOS="1230"/>
                  <String HEIGHT="44"
                          WIDTH="118"
                          VPOS="1113"
                          HPOS="1163"
                          CONTENT="contu"/>
               </TextLine>
               <TextLine ID="r2l47"
                         BASELINE="1195"
                         HEIGHT="47"
                         WIDTH="761"
                         VPOS="1148"
                         HPOS="439">
                  <String HEIGHT="47"
                          WIDTH="164"
                          VPOS="1148"
                          HPOS="424"
                          CONTENT="lerunt:"/>
                  <SP HEIGHT="47" WIDTH="15" VPOS="1148" HPOS="588"/>
                  <String HEIGHT="47"
                          WIDTH="104"
                          VPOS="1148"
                          HPOS="543"
                          CONTENT="hoc"/>
                  <SP HEIGHT="47" WIDTH="15" VPOS="1148" HPOS="648"/>
                  <String HEIGHT="47"
                          WIDTH="134"
                          VPOS="1148"
                          HPOS="603"
                          CONTENT="autem"/>
                  <SP HEIGHT="47" WIDTH="15" VPOS="1148" HPOS="737"/>
                  <String HEIGHT="47"
                          WIDTH="104"
                          VPOS="1148"
                          HPOS="693"
                          CONTENT="non"/>
                  <SP HEIGHT="47" WIDTH="15" VPOS="1148" HPOS="797"/>
                  <String HEIGHT="47"
                          WIDTH="134"
                          VPOS="1148"
                          HPOS="752"
                          CONTENT="tenet"/>
                  <SP HEIGHT="47" WIDTH="15" VPOS="1148" HPOS="887"/>
                  <String HEIGHT="47" WIDTH="90" VPOS="1148" HPOS="842" CONTENT="de"/>
                  <SP HEIGHT="47" WIDTH="15" VPOS="1148" HPOS="931"/>
                  <String HEIGHT="47"
                          WIDTH="164"
                          VPOS="1148"
                          HPOS="887"
                          CONTENT="ceteris"/>
                  <SP HEIGHT="47" WIDTH="15" VPOS="1148" HPOS="1051"/>
                  <String HEIGHT="47"
                          WIDTH="209"
                          VPOS="1148"
                          HPOS="991"
                          CONTENT="infidelibus."/>
               </TextLine>
               <TextLine ID="r2l49"
                         BASELINE="1233"
                         HEIGHT="46"
                         WIDTH="811"
                         VPOS="1187"
                         HPOS="474">
                  <String HEIGHT="46" WIDTH="99" VPOS="1187" HPOS="457" CONTENT="Ad"/>
                  <SP HEIGHT="46" WIDTH="17" VPOS="1187" HPOS="557"/>
                  <String HEIGHT="46"
                          WIDTH="199"
                          VPOS="1187"
                          HPOS="507"
                          CONTENT="secundam"/>
                  <SP HEIGHT="46" WIDTH="17" VPOS="1187" HPOS="706"/>
                  <String HEIGHT="46"
                          WIDTH="232"
                          VPOS="1187"
                          HPOS="656"
                          CONTENT="instantiam"/>
                  <SP HEIGHT="46" WIDTH="17" VPOS="1187" HPOS="888"/>
                  <String HEIGHT="46"
                          WIDTH="215"
                          VPOS="1187"
                          HPOS="838"
                          CONTENT="dicendum,"/>
                  <SP HEIGHT="46" WIDTH="17" VPOS="1187" HPOS="1053"/>
                  <String HEIGHT="46"
                          WIDTH="132"
                          VPOS="1187"
                          HPOS="1004"
                          CONTENT="quod"/>
                  <SP HEIGHT="46" WIDTH="17" VPOS="1187" HPOS="1136"/>
                  <String HEIGHT="46" WIDTH="99" VPOS="1187" HPOS="1086" CONTENT="si"/>
                  <SP HEIGHT="46" WIDTH="17" VPOS="1187" HPOS="1186"/>
                  <String HEIGHT="46"
                          WIDTH="166"
                          VPOS="1187"
                          HPOS="1119"
                          CONTENT="princeps"/>
               </TextLine>
               <TextLine ID="r2l51"
                         BASELINE="1273"
                         HEIGHT="48"
                         WIDTH="830"
                         VPOS="1225"
                         HPOS="438">
                  <String HEIGHT="48"
                          WIDTH="208"
                          VPOS="1225"
                          HPOS="422"
                          CONTENT="infidelis"/>
                  <SP HEIGHT="48" WIDTH="16" VPOS="1225" HPOS="630"/>
                  <String HEIGHT="48"
                          WIDTH="176"
                          VPOS="1225"
                          HPOS="582"
                          CONTENT="cogeret"/>
                  <SP HEIGHT="48" WIDTH="16" VPOS="1225" HPOS="757"/>
                  <String HEIGHT="48"
                          WIDTH="192"
                          VPOS="1225"
                          HPOS="709"
                          CONTENT="subditum"/>
                  <SP HEIGHT="48" WIDTH="16" VPOS="1225" HPOS="901"/>
                  <String HEIGHT="48"
                          WIDTH="176"
                          VPOS="1225"
                          HPOS="853"
                          CONTENT="fidelem"/>
                  <SP HEIGHT="48" WIDTH="16" VPOS="1225" HPOS="1029"/>
                  <String HEIGHT="48" WIDTH="96" VPOS="1225" HPOS="981" CONTENT="ad"/>
                  <SP HEIGHT="48" WIDTH="16" VPOS="1225" HPOS="1076"/>
                  <String HEIGHT="48"
                          WIDTH="192"
                          VPOS="1225"
                          HPOS="1029"
                          CONTENT="negandum"/>
                  <SP HEIGHT="48" WIDTH="16" VPOS="1225" HPOS="1220"/>
                  <String HEIGHT="48"
                          WIDTH="112"
                          VPOS="1225"
                          HPOS="1156"
                          CONTENT="fidem"/>
               </TextLine>
               <TextLine ID="r2l53"
                         BASELINE="1312"
                         HEIGHT="45"
                         WIDTH="837"
                         VPOS="1267"
                         HPOS="438">
                  <String HEIGHT="45"
                          WIDTH="107"
                          VPOS="1267"
                          HPOS="423"
                          CONTENT="tuc"/>
                  <SP HEIGHT="45" WIDTH="15" VPOS="1267" HPOS="529"/>
                  <String HEIGHT="45"
                          WIDTH="213"
                          VPOS="1267"
                          HPOS="484"
                          CONTENT="abuteretur"/>
                  <SP HEIGHT="45" WIDTH="15" VPOS="1267" HPOS="697"/>
                  <String HEIGHT="45"
                          WIDTH="107"
                          VPOS="1267"
                          HPOS="651"
                          CONTENT="sua"/>
                  <SP HEIGHT="45" WIDTH="15" VPOS="1267" HPOS="758"/>
                  <String HEIGHT="45"
                          WIDTH="213"
                          VPOS="1267"
                          HPOS="712"
                          CONTENT="potestate:"/>
                  <SP HEIGHT="45" WIDTH="15" VPOS="1267" HPOS="925"/>
                  <String HEIGHT="45"
                          WIDTH="167"
                          VPOS="1267"
                          HPOS="879"
                          CONTENT="propter"/>
                  <SP HEIGHT="45" WIDTH="15" VPOS="1267" HPOS="1047"/>
                  <String HEIGHT="45"
                          WIDTH="122"
                          VPOS="1267"
                          HPOS="1001"
                          CONTENT="quod"/>
                  <SP HEIGHT="45" WIDTH="15" VPOS="1267" HPOS="1123"/>
                  <String HEIGHT="45"
                          WIDTH="198"
                          VPOS="1267"
                          HPOS="1077"
                          CONTENT="mereretur"/>
                  <SP HEIGHT="45" WIDTH="15" VPOS="1267" HPOS="1275"/>
                  <String HEIGHT="45" WIDTH="61" VPOS="1267" HPOS="1214" CONTENT="ea"/>
               </TextLine>
               <TextLine ID="r2l55"
                         BASELINE="1358"
                         HEIGHT="52"
                         WIDTH="839"
                         VPOS="1306"
                         HPOS="432">
                  <String HEIGHT="52"
                          WIDTH="194"
                          VPOS="1306"
                          HPOS="416"
                          CONTENT="perdere,"/>
                  <SP HEIGHT="52" WIDTH="16" VPOS="1306" HPOS="609"/>
                  <String HEIGHT="52" WIDTH="81" VPOS="1306" HPOS="561" CONTENT="&amp;"/>
                  <SP HEIGHT="52" WIDTH="16" VPOS="1306" HPOS="642"/>
                  <String HEIGHT="52"
                          WIDTH="145"
                          VPOS="1306"
                          HPOS="593"
                          CONTENT="etiam"/>
                  <SP HEIGHT="52" WIDTH="16" VPOS="1306" HPOS="739"/>
                  <String HEIGHT="52"
                          WIDTH="161"
                          VPOS="1306"
                          HPOS="690"
                          CONTENT="iustum"/>
                  <SP HEIGHT="52" WIDTH="16" VPOS="1306" HPOS="852"/>
                  <String HEIGHT="52"
                          WIDTH="161"
                          VPOS="1306"
                          HPOS="803"
                          CONTENT="bellum"/>
                  <SP HEIGHT="52" WIDTH="16" VPOS="1306" HPOS="964"/>
                  <String HEIGHT="52"
                          WIDTH="161"
                          VPOS="1306"
                          HPOS="916"
                          CONTENT="contra"/>
                  <SP HEIGHT="52" WIDTH="16" VPOS="1306" HPOS="1077"/>
                  <String HEIGHT="52"
                          WIDTH="161"
                          VPOS="1306"
                          HPOS="1029"
                          CONTENT="ipsum,"/>
                  <SP HEIGHT="52" WIDTH="16" VPOS="1306" HPOS="1190"/>
                  <String HEIGHT="52" WIDTH="81" VPOS="1306" HPOS="1142" CONTENT="&amp;"/>
                  <SP HEIGHT="52" WIDTH="16" VPOS="1306" HPOS="1223"/>
                  <String HEIGHT="52"
                          WIDTH="113"
                          VPOS="1306"
                          HPOS="1158"
                          CONTENT="contr"/>
               </TextLine>
               <TextLine ID="r2l57"
                         BASELINE="1388"
                         HEIGHT="44"
                         WIDTH="837"
                         VPOS="1344"
                         HPOS="444">
                  <String HEIGHT="44"
                          WIDTH="131"
                          VPOS="1344"
                          HPOS="428"
                          CONTENT="suum"/>
                  <SP HEIGHT="44" WIDTH="16" VPOS="1344" HPOS="559"/>
                  <String HEIGHT="44"
                          WIDTH="197"
                          VPOS="1344"
                          HPOS="510"
                          CONTENT="dominium"/>
                  <SP HEIGHT="44" WIDTH="16" VPOS="1344" HPOS="707"/>
                  <String HEIGHT="44"
                          WIDTH="115"
                          VPOS="1344"
                          HPOS="657"
                          CONTENT="per"/>
                  <SP HEIGHT="44" WIDTH="16" VPOS="1344" HPOS="772"/>
                  <String HEIGHT="44"
                          WIDTH="230"
                          VPOS="1344"
                          HPOS="723"
                          CONTENT="ecclesiam,"/>
                  <SP HEIGHT="44" WIDTH="16" VPOS="1344" HPOS="953"/>
                  <String HEIGHT="44"
                          WIDTH="164"
                          VPOS="1344"
                          HPOS="904"
                          CONTENT="&amp;omnes"/>
                  <SP HEIGHT="44" WIDTH="16" VPOS="1344" HPOS="1068"/>
                  <String HEIGHT="44"
                          WIDTH="246"
                          VPOS="1344"
                          HPOS="1018"
                          CONTENT="Christianos"/>
                  <SP HEIGHT="44" WIDTH="16" VPOS="1344" HPOS="1265"/>
                  <String HEIGHT="44"
                          WIDTH="82"
                          VPOS="1344"
                          HPOS="1199"
                          CONTENT="pos"/>
               </TextLine>
               <TextLine ID="r2l59"
                         BASELINE="1426"
                         HEIGHT="43"
                         WIDTH="838"
                         VPOS="1383"
                         HPOS="441">
                  <String HEIGHT="43"
                          WIDTH="111"
                          VPOS="1383"
                          HPOS="425"
                          CONTENT="set"/>
                  <SP HEIGHT="43" WIDTH="16" VPOS="1383" HPOS="536"/>
                  <String HEIGHT="43"
                          WIDTH="158"
                          VPOS="1383"
                          HPOS="488"
                          CONTENT="moueri"/>
                  <SP HEIGHT="43" WIDTH="16" VPOS="1383" HPOS="647"/>
                  <String HEIGHT="43"
                          WIDTH="206"
                          VPOS="1383"
                          HPOS="599"
                          CONTENT="intantum,"/>
                  <SP HEIGHT="43" WIDTH="16" VPOS="1383" HPOS="805"/>
                  <String HEIGHT="43"
                          WIDTH="126"
                          VPOS="1383"
                          HPOS="757"
                          CONTENT="quod"/>
                  <SP HEIGHT="43" WIDTH="16" VPOS="1383" HPOS="884"/>
                  <String HEIGHT="43"
                          WIDTH="111"
                          VPOS="1383"
                          HPOS="836"
                          CONTENT="non"/>
                  <SP HEIGHT="43" WIDTH="16" VPOS="1383" HPOS="947"/>
                  <String HEIGHT="43"
                          WIDTH="142"
                          VPOS="1383"
                          HPOS="900"
                          CONTENT="solum"/>
                  <SP HEIGHT="43" WIDTH="16" VPOS="1383" HPOS="1042"/>
                  <String HEIGHT="43"
                          WIDTH="174"
                          VPOS="1383"
                          HPOS="994"
                          CONTENT="subditi"/>
                  <SP HEIGHT="43" WIDTH="16" VPOS="1383" HPOS="1168"/>
                  <String HEIGHT="43" WIDTH="79" VPOS="1383" HPOS="1121" CONTENT="a"/>
                  <SP HEIGHT="43" WIDTH="16" VPOS="1383" HPOS="1200"/>
                  <String HEIGHT="43"
                          WIDTH="111"
                          VPOS="1383"
                          HPOS="1153"
                          CONTENT="suo"/>
                  <SP HEIGHT="43" WIDTH="16" VPOS="1383" HPOS="1263"/>
                  <String HEIGHT="43"
                          WIDTH="79"
                          VPOS="1383"
                          HPOS="1200"
                          CONTENT="do"
                          SUBS_TYPE="HypPart1"
                          SUBS_CONTENT="dominio"/>
                  <HYP CONTENT="-"/>
               </TextLine>
               <TextLine ID="r2l61"
                         BASELINE="1466"
                         HEIGHT="46"
                         WIDTH="826"
                         VPOS="1420"
                         HPOS="450">
                  <String HEIGHT="46"
                          WIDTH="135"
                          VPOS="1420"
                          HPOS="435"
                          CONTENT="minio"
                          SUBS_TYPE="HypPart2"
                          SUBS_CONTENT="dominio"/>
                  <SP HEIGHT="46" WIDTH="15" VPOS="1420" HPOS="570"/>
                  <String HEIGHT="46"
                          WIDTH="165"
                          VPOS="1420"
                          HPOS="525"
                          CONTENT="possent"/>
                  <SP HEIGHT="46" WIDTH="15" VPOS="1420" HPOS="690"/>
                  <String HEIGHT="46"
                          WIDTH="135"
                          VPOS="1420"
                          HPOS="645"
                          CONTENT="inste"/>
                  <SP HEIGHT="46" WIDTH="15" VPOS="1420" HPOS="780"/>
                  <String HEIGHT="46"
                          WIDTH="195"
                          VPOS="1420"
                          HPOS="735"
                          CONTENT="liberari,"/>
                  <SP HEIGHT="46" WIDTH="15" VPOS="1420" HPOS="931"/>
                  <String HEIGHT="46"
                          WIDTH="135"
                          VPOS="1420"
                          HPOS="886"
                          CONTENT="verum"/>
                  <SP HEIGHT="46" WIDTH="15" VPOS="1420" HPOS="1021"/>
                  <String HEIGHT="46"
                          WIDTH="135"
                          VPOS="1420"
                          HPOS="976"
                          CONTENT="etiam"/>
                  <SP HEIGHT="46" WIDTH="15" VPOS="1420" HPOS="1111"/>
                  <String HEIGHT="46"
                          WIDTH="165"
                          VPOS="1420"
                          HPOS="1066"
                          CONTENT="persona"/>
                  <SP HEIGHT="46" WIDTH="15" VPOS="1420" HPOS="1231"/>
                  <String HEIGHT="46"
                          WIDTH="105"
                          VPOS="1420"
                          HPOS="1171"
                          CONTENT="talis"/>
               </TextLine>
               <TextLine ID="r2l63"
                         BASELINE="1506"
                         HEIGHT="41"
                         WIDTH="837"
                         VPOS="1465"
                         HPOS="450">
                  <String HEIGHT="41"
                          WIDTH="184"
                          VPOS="1465"
                          HPOS="436"
                          CONTENT="principis"/>
                  <SP HEIGHT="41" WIDTH="14" VPOS="1465" HPOS="620"/>
                  <String HEIGHT="41"
                          WIDTH="128"
                          VPOS="1465"
                          HPOS="578"
                          CONTENT="iuste"/>
                  <SP HEIGHT="41" WIDTH="14" VPOS="1465" HPOS="705"/>
                  <String HEIGHT="41"
                          WIDTH="142"
                          VPOS="1465"
                          HPOS="663"
                          CONTENT="posset"/>
                  <SP HEIGHT="41" WIDTH="14" VPOS="1465" HPOS="805"/>
                  <String HEIGHT="41" WIDTH="85" VPOS="1465" HPOS="762" CONTENT="in"/>
                  <SP HEIGHT="41" WIDTH="14" VPOS="1465" HPOS="847"/>
                  <String HEIGHT="41"
                          WIDTH="199"
                          VPOS="1465"
                          HPOS="805"
                          CONTENT="seruitutem"/>
                  <SP HEIGHT="41" WIDTH="14" VPOS="1465" HPOS="1003"/>
                  <String HEIGHT="41"
                          WIDTH="156"
                          VPOS="1465"
                          HPOS="961"
                          CONTENT="redigi,"/>
                  <SP HEIGHT="41" WIDTH="14" VPOS="1465" HPOS="1117"/>
                  <String HEIGHT="41"
                          WIDTH="99"
                          VPOS="1465"
                          HPOS="1074"
                          CONTENT="vel"/>
                  <SP HEIGHT="41" WIDTH="14" VPOS="1465" HPOS="1174"/>
                  <String HEIGHT="41"
                          WIDTH="128"
                          VPOS="1465"
                          HPOS="1131"
                          CONTENT="etiam"/>
                  <SP HEIGHT="41" WIDTH="14" VPOS="1465" HPOS="1259"/>
                  <String HEIGHT="41"
                          WIDTH="85"
                          VPOS="1465"
                          HPOS="1202"
                          CONTENT="pri"/>
               </TextLine>
               <TextLine ID="r2l65"
                         BASELINE="1554"
                         HEIGHT="53"
                         WIDTH="79"
                         VPOS="1501"
                         HPOS="437">
                  <String HEIGHT="53"
                          WIDTH="111"
                          VPOS="1501"
                          HPOS="405"
                          CONTENT="uari."/>
               </TextLine>
               <TextLine ID="r2l67"
                         BASELINE="1591"
                         HEIGHT="52"
                         WIDTH="800"
                         VPOS="1539"
                         HPOS="480">
                  <String HEIGHT="52" WIDTH="100" VPOS="1539" HPOS="463" CONTENT="Ad"/>
                  <SP HEIGHT="52" WIDTH="17" VPOS="1539" HPOS="563"/>
                  <String HEIGHT="52"
                          WIDTH="167"
                          VPOS="1539"
                          HPOS="513"
                          CONTENT="primum"/>
                  <SP HEIGHT="52" WIDTH="17" VPOS="1539" HPOS="680"/>
                  <String HEIGHT="52"
                          WIDTH="183"
                          VPOS="1539"
                          HPOS="630"
                          CONTENT="motiuum"/>
                  <SP HEIGHT="52" WIDTH="17" VPOS="1539" HPOS="813"/>
                  <String HEIGHT="52"
                          WIDTH="167"
                          VPOS="1539"
                          HPOS="763"
                          CONTENT="illius"/>
                  <SP HEIGHT="52" WIDTH="17" VPOS="1539" HPOS="930"/>
                  <String HEIGHT="52"
                          WIDTH="217"
                          VPOS="1539"
                          HPOS="880"
                          CONTENT="opinionis"/>
                  <SP HEIGHT="52" WIDTH="17" VPOS="1539" HPOS="1097"/>
                  <String HEIGHT="52"
                          WIDTH="200"
                          VPOS="1539"
                          HPOS="1047"
                          CONTENT="dicedum,"/>
                  <SP HEIGHT="52" WIDTH="17" VPOS="1539" HPOS="1247"/>
                  <String HEIGHT="52"
                          WIDTH="100"
                          VPOS="1539"
                          HPOS="1180"
                          CONTENT="quod"/>
               </TextLine>
               <TextLine ID="r2l69"
                         BASELINE="1619"
                         HEIGHT="39"
                         WIDTH="848"
                         VPOS="1580"
                         HPOS="432">
                  <String HEIGHT="39"
                          WIDTH="119"
                          VPOS="1580"
                          HPOS="417"
                          CONTENT="nisi"/>
                  <SP HEIGHT="39" WIDTH="15" VPOS="1580" HPOS="536"/>
                  <String HEIGHT="39"
                          WIDTH="149"
                          VPOS="1580"
                          HPOS="492"
                          CONTENT="aliquo"/>
                  <SP HEIGHT="39" WIDTH="15" VPOS="1580" HPOS="640"/>
                  <String HEIGHT="39"
                          WIDTH="119"
                          VPOS="1580"
                          HPOS="596"
                          CONTENT="alio"/>
                  <SP HEIGHT="39" WIDTH="15" VPOS="1580" HPOS="715"/>
                  <String HEIGHT="39"
                          WIDTH="119"
                          VPOS="1580"
                          HPOS="670"
                          CONTENT="modo"/>
                  <SP HEIGHT="39" WIDTH="15" VPOS="1580" HPOS="789"/>
                  <String HEIGHT="39"
                          WIDTH="179"
                          VPOS="1580"
                          HPOS="744"
                          CONTENT="princeps"/>
                  <SP HEIGHT="39" WIDTH="15" VPOS="1580" HPOS="923"/>
                  <String HEIGHT="39"
                          WIDTH="193"
                          VPOS="1580"
                          HPOS="878"
                          CONTENT="infidelis"/>
                  <SP HEIGHT="39" WIDTH="15" VPOS="1580" HPOS="1072"/>
                  <String HEIGHT="39"
                          WIDTH="179"
                          VPOS="1580"
                          HPOS="1027"
                          CONTENT="abutatur"/>
                  <SP HEIGHT="39" WIDTH="15" VPOS="1580" HPOS="1206"/>
                  <String HEIGHT="39"
                          WIDTH="104"
                          VPOS="1580"
                          HPOS="1161"
                          CONTENT="sua"/>
                  <SP HEIGHT="39" WIDTH="15" VPOS="1580" HPOS="1265"/>
                  <String HEIGHT="39"
                          WIDTH="74"
                          VPOS="1580"
                          HPOS="1206"
                          CONTENT="po"
                          SUBS_TYPE="HypPart1"
                          SUBS_CONTENT="potestate,"/>
                  <HYP CONTENT="-"/>
               </TextLine>
               <TextLine ID="r2l71"
                         BASELINE="1664"
                         HEIGHT="41"
                         WIDTH="829"
                         VPOS="1623"
                         HPOS="441">
                  <String HEIGHT="41"
                          WIDTH="172"
                          VPOS="1623"
                          HPOS="427"
                          CONTENT="testate,"
                          SUBS_TYPE="HypPart2"
                          SUBS_CONTENT="potestate,"/>
                  <SP HEIGHT="41" WIDTH="14" VPOS="1623" HPOS="598"/>
                  <String HEIGHT="41" WIDTH="86" VPOS="1623" HPOS="555" CONTENT="ex"/>
                  <SP HEIGHT="41" WIDTH="14" VPOS="1623" HPOS="641"/>
                  <String HEIGHT="41"
                          WIDTH="172"
                          VPOS="1623"
                          HPOS="598"
                          CONTENT="simplici"/>
                  <SP HEIGHT="41" WIDTH="14" VPOS="1623" HPOS="770"/>
                  <String HEIGHT="41"
                          WIDTH="100"
                          VPOS="1623"
                          HPOS="727"
                          CONTENT="sua"/>
                  <SP HEIGHT="41" WIDTH="14" VPOS="1623" HPOS="827"/>
                  <String HEIGHT="41"
                          WIDTH="214"
                          VPOS="1623"
                          HPOS="784"
                          CONTENT="infideitate"/>
                  <SP HEIGHT="41" WIDTH="14" VPOS="1623" HPOS="998"/>
                  <String HEIGHT="41"
                          WIDTH="100"
                          VPOS="1623"
                          HPOS="956"
                          CONTENT="non"/>
                  <SP HEIGHT="41" WIDTH="14" VPOS="1623" HPOS="1056"/>
                  <String HEIGHT="41"
                          WIDTH="157"
                          VPOS="1623"
                          HPOS="1013"
                          CONTENT="meretur"/>
                  <SP HEIGHT="41" WIDTH="14" VPOS="1623" HPOS="1170"/>
                  <String HEIGHT="41"
                          WIDTH="100"
                          VPOS="1623"
                          HPOS="1127"
                          CONTENT="eam"/>
                  <SP HEIGHT="41" WIDTH="14" VPOS="1623" HPOS="1227"/>
                  <String HEIGHT="41"
                          WIDTH="100"
                          VPOS="1623"
                          HPOS="1170"
                          CONTENT="pdero"/>
               </TextLine>
               <TextLine ID="r2l73"
                         BASELINE="1701"
                         HEIGHT="46"
                         WIDTH="779"
                         VPOS="1655"
                         HPOS="482">
                  <String HEIGHT="46" WIDTH="95" VPOS="1655" HPOS="466" CONTENT="Ad"/>
                  <SP HEIGHT="46" WIDTH="16" VPOS="1655" HPOS="561"/>
                  <String HEIGHT="46"
                          WIDTH="191"
                          VPOS="1655"
                          HPOS="514"
                          CONTENT="secundum"/>
                  <SP HEIGHT="46" WIDTH="16" VPOS="1655" HPOS="705"/>
                  <String HEIGHT="46"
                          WIDTH="207"
                          VPOS="1655"
                          HPOS="657"
                          CONTENT="dicendum,"/>
                  <SP HEIGHT="46" WIDTH="16" VPOS="1655" HPOS="864"/>
                  <String HEIGHT="46"
                          WIDTH="127"
                          VPOS="1655"
                          HPOS="816"
                          CONTENT="quod"/>
                  <SP HEIGHT="46" WIDTH="16" VPOS="1655" HPOS="943"/>
                  <String HEIGHT="46"
                          WIDTH="127"
                          VPOS="1655"
                          HPOS="895"
                          CONTENT="illa"/>
                  <SP HEIGHT="46" WIDTH="16" VPOS="1655" HPOS="1023"/>
                  <String HEIGHT="46"
                          WIDTH="143"
                          VPOS="1655"
                          HPOS="975"
                          CONTENT="verba"/>
                  <SP HEIGHT="46" WIDTH="16" VPOS="1655" HPOS="1118"/>
                  <String HEIGHT="46"
                          WIDTH="175"
                          VPOS="1655"
                          HPOS="1070"
                          CONTENT="Christi"/>
                  <SP HEIGHT="46" WIDTH="16" VPOS="1655" HPOS="1245"/>
                  <String HEIGHT="46"
                          WIDTH="79"
                          VPOS="1655"
                          HPOS="1182"
                          CONTENT="pos"/>
               </TextLine>
               <TextLine ID="r2l75"
                         BASELINE="1743"
                         HEIGHT="47"
                         WIDTH="829"
                         VPOS="1696"
                         HPOS="436">
                  <String HEIGHT="47"
                          WIDTH="116"
                          VPOS="1696"
                          HPOS="421"
                          CONTENT="sunt"/>
                  <SP HEIGHT="47" WIDTH="15" VPOS="1696" HPOS="538"/>
                  <String HEIGHT="47"
                          WIDTH="189"
                          VPOS="1696"
                          HPOS="494"
                          CONTENT="intelligi"/>
                  <SP HEIGHT="47" WIDTH="15" VPOS="1696" HPOS="683"/>
                  <String HEIGHT="47" WIDTH="87" VPOS="1696" HPOS="640" CONTENT="de"/>
                  <SP HEIGHT="47" WIDTH="15" VPOS="1696" HPOS="727"/>
                  <String HEIGHT="47"
                          WIDTH="204"
                          VPOS="1696"
                          HPOS="683"
                          CONTENT="libertate,"/>
                  <SP HEIGHT="47" WIDTH="15" VPOS="1696" HPOS="887"/>
                  <String HEIGHT="47"
                          WIDTH="102"
                          VPOS="1696"
                          HPOS="843"
                          CONTENT="qua"/>
                  <SP HEIGHT="47" WIDTH="15" VPOS="1696" HPOS="945"/>
                  <String HEIGHT="47"
                          WIDTH="175"
                          VPOS="1696"
                          HPOS="901"
                          CONTENT="liberati"/>
                  <SP HEIGHT="47" WIDTH="15" VPOS="1696" HPOS="1076"/>
                  <String HEIGHT="47"
                          WIDTH="116"
                          VPOS="1696"
                          HPOS="1032"
                          CONTENT="sunt"/>
                  <SP HEIGHT="47" WIDTH="15" VPOS="1696" HPOS="1149"/>
                  <String HEIGHT="47"
                          WIDTH="175"
                          VPOS="1696"
                          HPOS="1090"
                          CONTENT="Christiant"/>
               </TextLine>
               <TextLine ID="r2l77"
                         BASELINE="1782"
                         HEIGHT="46"
                         WIDTH="836"
                         VPOS="1736"
                         HPOS="441">
                  <String HEIGHT="46"
                          WIDTH="201"
                          VPOS="1736"
                          HPOS="426"
                          CONTENT="seruitute"/>
                  <SP HEIGHT="46" WIDTH="15" VPOS="1736" HPOS="627"/>
                  <String HEIGHT="46"
                          WIDTH="139"
                          VPOS="1736"
                          HPOS="580"
                          CONTENT="legis"/>
                  <SP HEIGHT="46" WIDTH="15" VPOS="1736" HPOS="720"/>
                  <String HEIGHT="46"
                          WIDTH="201"
                          VPOS="1736"
                          HPOS="673"
                          CONTENT="Mosavcae,"/>
                  <SP HEIGHT="46" WIDTH="15" VPOS="1736" HPOS="874"/>
                  <String HEIGHT="46"
                          WIDTH="170"
                          VPOS="1736"
                          HPOS="828"
                          CONTENT="quantum"/>
                  <SP HEIGHT="46" WIDTH="15" VPOS="1736" HPOS="998"/>
                  <String HEIGHT="46" WIDTH="93" VPOS="1736" HPOS="952" CONTENT="ad"/>
                  <SP HEIGHT="46" WIDTH="15" VPOS="1736" HPOS="1045"/>
                  <String HEIGHT="46"
                          WIDTH="248"
                          VPOS="1736"
                          HPOS="998"
                          CONTENT="obseruantiam"/>
                  <SP HEIGHT="46" WIDTH="15" VPOS="1736" HPOS="1246"/>
                  <String HEIGHT="46"
                          WIDTH="93"
                          VPOS="1736"
                          HPOS="1184"
                          CONTENT="ceri"/>
               </TextLine>
               <TextLine ID="r2l79"
                         BASELINE="1822"
                         HEIGHT="44"
                         WIDTH="827"
                         VPOS="1778"
                         HPOS="448">
                  <String HEIGHT="44"
                          WIDTH="189"
                          VPOS="1778"
                          HPOS="433"
                          CONTENT="monialium"/>
                  <SP HEIGHT="44" WIDTH="15" VPOS="1778" HPOS="622"/>
                  <String HEIGHT="44"
                          WIDTH="247"
                          VPOS="1778"
                          HPOS="579"
                          CONTENT="praeceptorum."/>
                  <SP HEIGHT="44" WIDTH="15" VPOS="1778" HPOS="825"/>
                  <String HEIGHT="44"
                          WIDTH="160"
                          VPOS="1778"
                          HPOS="782"
                          CONTENT="Possunt"/>
                  <SP HEIGHT="44" WIDTH="15" VPOS="1778" HPOS="941"/>
                  <String HEIGHT="44"
                          WIDTH="131"
                          VPOS="1778"
                          HPOS="898"
                          CONTENT="etiam"/>
                  <SP HEIGHT="44" WIDTH="15" VPOS="1778" HPOS="1028"/>
                  <String HEIGHT="44"
                          WIDTH="189"
                          VPOS="1778"
                          HPOS="985"
                          CONTENT="intelligi"/>
                  <SP HEIGHT="44" WIDTH="15" VPOS="1778" HPOS="1173"/>
                  <String HEIGHT="44" WIDTH="87" VPOS="1778" HPOS="1130" CONTENT="de"/>
                  <SP HEIGHT="44" WIDTH="15" VPOS="1778" HPOS="1217"/>
                  <String HEIGHT="44"
                          WIDTH="116"
                          VPOS="1778"
                          HPOS="1159"
                          CONTENT="liber"
                          SUBS_TYPE="HypPart1"
                          SUBS_CONTENT="liberrtate,"/>
                  <HYP CONTENT="-"/>
               </TextLine>
               <TextLine ID="r2l81"
                         BASELINE="1863"
                         HEIGHT="40"
                         WIDTH="847"
                         VPOS="1823"
                         HPOS="429">
                  <String HEIGHT="40"
                          WIDTH="146"
                          VPOS="1823"
                          HPOS="414"
                          CONTENT="rtate,"
                          SUBS_TYPE="HypPart2"
                          SUBS_CONTENT="liberrtate,"/>
                  <SP HEIGHT="40" WIDTH="15" VPOS="1823" HPOS="560"/>
                  <String HEIGHT="40"
                          WIDTH="102"
                          VPOS="1823"
                          HPOS="517"
                          CONTENT="qua"/>
                  <SP HEIGHT="40" WIDTH="15" VPOS="1823" HPOS="619"/>
                  <String HEIGHT="40"
                          WIDTH="175"
                          VPOS="1823"
                          HPOS="575"
                          CONTENT="liberati"/>
                  <SP HEIGHT="40" WIDTH="15" VPOS="1823" HPOS="750"/>
                  <String HEIGHT="40"
                          WIDTH="131"
                          VPOS="1823"
                          HPOS="706"
                          CONTENT="sumus"/>
                  <SP HEIGHT="40" WIDTH="15" VPOS="1823" HPOS="838"/>
                  <String HEIGHT="40" WIDTH="73" VPOS="1823" HPOS="794" CONTENT="a"/>
                  <SP HEIGHT="40" WIDTH="15" VPOS="1823" HPOS="867"/>
                  <String HEIGHT="40"
                          WIDTH="175"
                          VPOS="1823"
                          HPOS="823"
                          CONTENT="peccato,"/>
                  <SP HEIGHT="40" WIDTH="15" VPOS="1823" HPOS="999"/>
                  <String HEIGHT="40" WIDTH="88" VPOS="1823" HPOS="955" CONTENT="&amp;a"/>
                  <SP HEIGHT="40" WIDTH="15" VPOS="1823" HPOS="1042"/>
                  <String HEIGHT="40"
                          WIDTH="161"
                          VPOS="1823"
                          HPOS="999"
                          CONTENT="diaboli"/>
                  <SP HEIGHT="40" WIDTH="15" VPOS="1823" HPOS="1159"/>
                  <String HEIGHT="40"
                          WIDTH="175"
                          VPOS="1823"
                          HPOS="1101"
                          CONTENT="seruiture."/>
               </TextLine>
               <TextLine ID="r2l83"
                         BASELINE="1896"
                         HEIGHT="40"
                         WIDTH="782"
                         VPOS="1856"
                         HPOS="480">
                  <String HEIGHT="40" WIDTH="96" VPOS="1856" HPOS="464" CONTENT="Ad"/>
                  <SP HEIGHT="40" WIDTH="16" VPOS="1856" HPOS="560"/>
                  <String HEIGHT="40"
                          WIDTH="176"
                          VPOS="1856"
                          HPOS="512"
                          CONTENT="tertium"/>
                  <SP HEIGHT="40" WIDTH="16" VPOS="1856" HPOS="687"/>
                  <String HEIGHT="40"
                          WIDTH="207"
                          VPOS="1856"
                          HPOS="640"
                          CONTENT="dicendum,"/>
                  <SP HEIGHT="40" WIDTH="16" VPOS="1856" HPOS="847"/>
                  <String HEIGHT="40"
                          WIDTH="128"
                          VPOS="1856"
                          HPOS="799"
                          CONTENT="quod"/>
                  <SP HEIGHT="40" WIDTH="16" VPOS="1856" HPOS="927"/>
                  <String HEIGHT="40"
                          WIDTH="192"
                          VPOS="1856"
                          HPOS="879"
                          CONTENT="Christus"/>
                  <SP HEIGHT="40" WIDTH="16" VPOS="1856" HPOS="1070"/>
                  <String HEIGHT="40"
                          WIDTH="223"
                          VPOS="1856"
                          HPOS="1023"
                          CONTENT="intelligit"/>
                  <SP HEIGHT="40" WIDTH="16" VPOS="1856" HPOS="1246"/>
                  <String HEIGHT="40"
                          WIDTH="80"
                          VPOS="1856"
                          HPOS="1182"
                          CONTENT="ibi"/>
               </TextLine>
               <TextLine ID="r2l85"
                         BASELINE="1940"
                         HEIGHT="45"
                         WIDTH="847"
                         VPOS="1895"
                         HPOS="432">
                  <String HEIGHT="45"
                          WIDTH="151"
                          VPOS="1895"
                          HPOS="417"
                          CONTENT="filios"/>
                  <SP HEIGHT="45" WIDTH="15" VPOS="1895" HPOS="568"/>
                  <String HEIGHT="45"
                          WIDTH="212"
                          VPOS="1895"
                          HPOS="523"
                          CONTENT="Apostolos,"/>
                  <SP HEIGHT="45" WIDTH="15" VPOS="1895" HPOS="735"/>
                  <String HEIGHT="45"
                          WIDTH="106"
                          VPOS="1895"
                          HPOS="689"
                          CONTENT="qui"/>
                  <SP HEIGHT="45" WIDTH="15" VPOS="1895" HPOS="795"/>
                  <String HEIGHT="45" WIDTH="91" VPOS="1895" HPOS="750" CONTENT="de"/>
                  <SP HEIGHT="45" WIDTH="15" VPOS="1895" HPOS="840"/>
                  <String HEIGHT="45"
                          WIDTH="136"
                          VPOS="1895"
                          HPOS="795"
                          CONTENT="bonis"/>
                  <SP HEIGHT="45" WIDTH="15" VPOS="1895" HPOS="931"/>
                  <String HEIGHT="45"
                          WIDTH="136"
                          VPOS="1895"
                          HPOS="886"
                          CONTENT="huius"/>
                  <SP HEIGHT="45" WIDTH="15" VPOS="1895" HPOS="1022"/>
                  <String HEIGHT="45"
                          WIDTH="136"
                          VPOS="1895"
                          HPOS="977"
                          CONTENT="mundi"/>
                  <SP HEIGHT="45" WIDTH="15" VPOS="1895" HPOS="1113"/>
                  <String HEIGHT="45"
                          WIDTH="136"
                          VPOS="1895"
                          HPOS="1067"
                          CONTENT="nihil"/>
                  <SP HEIGHT="45" WIDTH="15" VPOS="1895" HPOS="1203"/>
                  <String HEIGHT="45"
                          WIDTH="136"
                          VPOS="1895"
                          HPOS="1143"
                          CONTENT="posside"/>
               </TextLine>
               <TextLine ID="r2l87"
                         BASELINE="1978"
                         HEIGHT="43"
                         WIDTH="848"
                         VPOS="1935"
                         HPOS="432">
                  <String HEIGHT="43"
                          WIDTH="134"
                          VPOS="1935"
                          HPOS="417"
                          CONTENT="bant,"/>
                  <SP HEIGHT="43" WIDTH="15" VPOS="1935" HPOS="551"/>
                  <String HEIGHT="43"
                          WIDTH="134"
                          VPOS="1935"
                          HPOS="506"
                          CONTENT="teste"/>
                  <SP HEIGHT="43" WIDTH="15" VPOS="1935" HPOS="640"/>
                  <String HEIGHT="43"
                          WIDTH="104"
                          VPOS="1935"
                          HPOS="596"
                          CONTENT="Pet"/>
                  <SP HEIGHT="43" WIDTH="15" VPOS="1935" HPOS="700"/>
                  <String HEIGHT="43"
                          WIDTH="104"
                          VPOS="1935"
                          HPOS="655"
                          CONTENT="ro,"/>
                  <SP HEIGHT="43" WIDTH="15" VPOS="1935" HPOS="759"/>
                  <String HEIGHT="43"
                          WIDTH="104"
                          VPOS="1935"
                          HPOS="715"
                          CONTENT="qui"/>
                  <SP HEIGHT="43" WIDTH="15" VPOS="1935" HPOS="819"/>
                  <String HEIGHT="43"
                          WIDTH="119"
                          VPOS="1935"
                          HPOS="774"
                          CONTENT="ait,"/>
                  <SP HEIGHT="43" WIDTH="15" VPOS="1935" HPOS="893"/>
                  <String HEIGHT="43"
                          WIDTH="119"
                          VPOS="1935"
                          HPOS="849"
                          CONTENT="Ecce"/>
                  <SP HEIGHT="43" WIDTH="15" VPOS="1935" HPOS="968"/>
                  <String HEIGHT="43"
                          WIDTH="104"
                          VPOS="1935"
                          HPOS="923"
                          CONTENT="nos"/>
                  <SP HEIGHT="43" WIDTH="15" VPOS="1935" HPOS="1027"/>
                  <String HEIGHT="43"
                          WIDTH="208"
                          VPOS="1935"
                          HPOS="982"
                          CONTENT="reliquimus"/>
                  <SP HEIGHT="43" WIDTH="15" VPOS="1935" HPOS="1191"/>
                  <String HEIGHT="43"
                          WIDTH="134"
                          VPOS="1935"
                          HPOS="1146"
                          CONTENT="omnia"/>
                  <SP HEIGHT="43" WIDTH="15" VPOS="1935" HPOS="1280"/>
                  <String HEIGHT="43" WIDTH="74" VPOS="1935" HPOS="1235" CONTENT="&amp;"/>
                  <SP HEIGHT="43" WIDTH="15" VPOS="1935" HPOS="1310"/>
                  <String HEIGHT="43" WIDTH="30" VPOS="1935" HPOS="1250" CONTENT=""/>
               </TextLine>
               <TextLine ID="r2l89"
                         BASELINE="2020"
                         HEIGHT="45"
                         WIDTH="835"
                         VPOS="1975"
                         HPOS="434">
                  <String HEIGHT="45"
                          WIDTH="158"
                          VPOS="1975"
                          HPOS="418"
                          CONTENT="secuti"/>
                  <SP HEIGHT="45" WIDTH="16" VPOS="1975" HPOS="576"/>
                  <String HEIGHT="45"
                          WIDTH="142"
                          VPOS="1975"
                          HPOS="529"
                          CONTENT="sumus"/>
                  <SP HEIGHT="45" WIDTH="16" VPOS="1975" HPOS="670"/>
                  <String HEIGHT="45"
                          WIDTH="126"
                          VPOS="1975"
                          HPOS="623"
                          CONTENT="te,."/>
                  <SP HEIGHT="45" WIDTH="16" VPOS="1975" HPOS="749"/>
                  <String HEIGHT="45" WIDTH="79" VPOS="1975" HPOS="702" CONTENT="&amp;"/>
                  <SP HEIGHT="45" WIDTH="16" VPOS="1975" HPOS="781"/>
                  <String HEIGHT="45"
                          WIDTH="126"
                          VPOS="1975"
                          HPOS="733"
                          CONTENT="ideo"/>
                  <SP HEIGHT="45" WIDTH="16" VPOS="1975" HPOS="859"/>
                  <String HEIGHT="45"
                          WIDTH="110"
                          VPOS="1975"
                          HPOS="812"
                          CONTENT="non"/>
                  <SP HEIGHT="45" WIDTH="16" VPOS="1975" HPOS="922"/>
                  <String HEIGHT="45"
                          WIDTH="221"
                          VPOS="1975"
                          HPOS="875"
                          CONTENT="tenebantur"/>
                  <SP HEIGHT="45" WIDTH="16" VPOS="1975" HPOS="1096"/>
                  <String HEIGHT="45" WIDTH="95" VPOS="1975" HPOS="1048" CONTENT="ad"/>
                  <SP HEIGHT="45" WIDTH="16" VPOS="1975" HPOS="1143"/>
                  <String HEIGHT="45"
                          WIDTH="189"
                          VPOS="1975"
                          HPOS="1080"
                          CONTENT="solutionen"/>
               </TextLine>
               <TextLine ID="r2l91"
                         BASELINE="2059"
                         HEIGHT="44"
                         WIDTH="829"
                         VPOS="2015"
                         HPOS="441">
                  <String HEIGHT="44"
                          WIDTH="166"
                          VPOS="2015"
                          HPOS="427"
                          CONTENT="tributi."/>
                  <SP HEIGHT="44" WIDTH="14" VPOS="2015" HPOS="593"/>
                  <String HEIGHT="44" WIDTH="97" VPOS="2015" HPOS="552" CONTENT="Sed"/>
                  <SP HEIGHT="44" WIDTH="14" VPOS="2015" HPOS="648"/>
                  <String HEIGHT="44"
                          WIDTH="166"
                          VPOS="2015"
                          HPOS="607"
                          CONTENT="ludaeis,"/>
                  <SP HEIGHT="44" WIDTH="14" VPOS="2015" HPOS="773"/>
                  <String HEIGHT="44" WIDTH="97" VPOS="2015" HPOS="731" CONTENT="qui"/>
                  <SP HEIGHT="44" WIDTH="14" VPOS="2015" HPOS="828"/>
                  <String HEIGHT="44"
                          WIDTH="111"
                          VPOS="2015"
                          HPOS="786"
                          CONTENT="bona"/>
                  <SP HEIGHT="44" WIDTH="14" VPOS="2015" HPOS="897"/>
                  <String HEIGHT="44"
                          WIDTH="124"
                          VPOS="2015"
                          HPOS="856"
                          CONTENT="mundi"/>
                  <SP HEIGHT="44" WIDTH="14" VPOS="2015" HPOS="980"/>
                  <String HEIGHT="44"
                          WIDTH="221"
                          VPOS="2015"
                          HPOS="938"
                          CONTENT="possidebant,"/>
                  <SP HEIGHT="44" WIDTH="14" VPOS="2015" HPOS="1159"/>
                  <String HEIGHT="44"
                          WIDTH="124"
                          VPOS="2015"
                          HPOS="1118"
                          CONTENT="dixit"/>
                  <SP HEIGHT="44" WIDTH="14" VPOS="2015" HPOS="1242"/>
                  <String HEIGHT="44"
                          WIDTH="83"
                          VPOS="2015"
                          HPOS="1187"
                          CONTENT="idei"/>
               </TextLine>
               <TextLine ID="r2l93"
                         BASELINE="2100"
                         HEIGHT="50"
                         WIDTH="844"
                         VPOS="2050"
                         HPOS="435">
                  <String HEIGHT="50"
                          WIDTH="192"
                          VPOS="2050"
                          HPOS="420"
                          CONTENT="Christus,"/>
                  <SP HEIGHT="50" WIDTH="15" VPOS="2050" HPOS="613"/>
                  <String HEIGHT="50"
                          WIDTH="178"
                          VPOS="2050"
                          HPOS="568"
                          CONTENT="Reddite,"/>
                  <SP HEIGHT="50" WIDTH="15" VPOS="2050" HPOS="746"/>
                  <String HEIGHT="50"
                          WIDTH="118"
                          VPOS="2050"
                          HPOS="702"
                          CONTENT="quae"/>
                  <SP HEIGHT="50" WIDTH="15" VPOS="2050" HPOS="820"/>
                  <String HEIGHT="50"
                          WIDTH="118"
                          VPOS="2050"
                          HPOS="776"
                          CONTENT="sunt"/>
                  <SP HEIGHT="50" WIDTH="15" VPOS="2050" HPOS="894"/>
                  <String HEIGHT="50"
                          WIDTH="163"
                          VPOS="2050"
                          HPOS="850"
                          CONTENT="Cesaris"/>
                  <SP HEIGHT="50" WIDTH="15" VPOS="2050" HPOS="1012"/>
                  <String HEIGHT="50"
                          WIDTH="178"
                          VPOS="2050"
                          HPOS="968"
                          CONTENT="Caesari,"/>
                  <SP HEIGHT="50" WIDTH="15" VPOS="2050" HPOS="1146"/>
                  <String HEIGHT="50" WIDTH="74" VPOS="2050" HPOS="1101" CONTENT="&amp;"/>
                  <SP HEIGHT="50" WIDTH="15" VPOS="2050" HPOS="1175"/>
                  <String HEIGHT="50"
                          WIDTH="118"
                          VPOS="2050"
                          HPOS="1131"
                          CONTENT="quae"/>
                  <SP HEIGHT="50" WIDTH="15" VPOS="2050" HPOS="1249"/>
                  <String HEIGHT="50"
                          WIDTH="89"
                          VPOS="2050"
                          HPOS="1190"
                          CONTENT="sunt"/>
               </TextLine>
               <TextLine ID="r2l95"
                         BASELINE="2141"
                         HEIGHT="53"
                         WIDTH="837"
                         VPOS="2088"
                         HPOS="436">
                  <String HEIGHT="53"
                          WIDTH="113"
                          VPOS="2088"
                          HPOS="420"
                          CONTENT="Dei"/>
                  <SP HEIGHT="53" WIDTH="16" VPOS="2088" HPOS="533"/>
                  <String HEIGHT="53"
                          WIDTH="129"
                          VPOS="2088"
                          HPOS="484"
                          CONTENT="Deo."/>
                  <SP HEIGHT="53" WIDTH="16" VPOS="2088" HPOS="613"/>
                  <String HEIGHT="53"
                          WIDTH="145"
                          VPOS="2088"
                          HPOS="565"
                          CONTENT="Quasi"/>
                  <SP HEIGHT="53" WIDTH="16" VPOS="2088" HPOS="710"/>
                  <String HEIGHT="53"
                          WIDTH="161"
                          VPOS="2088"
                          HPOS="661"
                          CONTENT="dicat,"/>
                  <SP HEIGHT="53" WIDTH="16" VPOS="2088" HPOS="822"/>
                  <String HEIGHT="53"
                          WIDTH="193"
                          VPOS="2088"
                          HPOS="774"
                          CONTENT="Tributum"/>
                  <SP HEIGHT="53" WIDTH="16" VPOS="2088" HPOS="967"/>
                  <String HEIGHT="53"
                          WIDTH="129"
                          VPOS="2088"
                          HPOS="919"
                          CONTENT="dare"/>
                  <SP HEIGHT="53" WIDTH="16" VPOS="2088" HPOS="1048"/>
                  <String HEIGHT="53"
                          WIDTH="177"
                          VPOS="2088"
                          HPOS="999"
                          CONTENT="debetis"/>
                  <SP HEIGHT="53" WIDTH="16" VPOS="2088" HPOS="1176"/>
                  <String HEIGHT="53" WIDTH="97" VPOS="2088" HPOS="1128" CONTENT="de"/>
                  <SP HEIGHT="53" WIDTH="16" VPOS="2088" HPOS="1225"/>
                  <String HEIGHT="53"
                          WIDTH="113"
                          VPOS="2088"
                          HPOS="1160"
                          CONTENT="tempo"/>
               </TextLine>
               <TextLine ID="r2l97"
                         BASELINE="2182"
                         HEIGHT="55"
                         WIDTH="337"
                         VPOS="2127"
                         HPOS="433">
                  <String HEIGHT="55"
                          WIDTH="169"
                          VPOS="2127"
                          HPOS="419"
                          CONTENT="ralibus,"/>
                  <SP HEIGHT="55" WIDTH="14" VPOS="2127" HPOS="587"/>
                  <String HEIGHT="55"
                          WIDTH="112"
                          VPOS="2127"
                          HPOS="545"
                          CONTENT="quae"/>
                  <SP HEIGHT="55" WIDTH="14" VPOS="2127" HPOS="658"/>
                  <String HEIGHT="55"
                          WIDTH="169"
                          VPOS="2127"
                          HPOS="602"
                          CONTENT="possidetis"/>
               </TextLine>
               <TextLine ID="r2l99"
                         BASELINE="2219"
                         HEIGHT="50"
                         WIDTH="800"
                         VPOS="2169"
                         HPOS="462">
                  <String HEIGHT="50" WIDTH="100" VPOS="2169" HPOS="445" CONTENT="Ad"/>
                  <SP HEIGHT="50" WIDTH="17" VPOS="2169" HPOS="545"/>
                  <String HEIGHT="50"
                          WIDTH="183"
                          VPOS="2169"
                          HPOS="495"
                          CONTENT="quartum"/>
                  <SP HEIGHT="50" WIDTH="17" VPOS="2169" HPOS="679"/>
                  <String HEIGHT="50"
                          WIDTH="217"
                          VPOS="2169"
                          HPOS="629"
                          CONTENT="dicendum,"/>
                  <SP HEIGHT="50" WIDTH="17" VPOS="2169" HPOS="845"/>
                  <String HEIGHT="50"
                          WIDTH="133"
                          VPOS="2169"
                          HPOS="795"
                          CONTENT="quod"/>
                  <SP HEIGHT="50" WIDTH="17" VPOS="2169" HPOS="929"/>
                  <String HEIGHT="50"
                          WIDTH="183"
                          VPOS="2169"
                          HPOS="879"
                          CONTENT="quamuis"/>
                  <SP HEIGHT="50" WIDTH="17" VPOS="2169" HPOS="1062"/>
                  <String HEIGHT="50"
                          WIDTH="117"
                          VPOS="2169"
                          HPOS="1012"
                          CONTENT="per"/>
                  <SP HEIGHT="50" WIDTH="17" VPOS="2169" HPOS="1129"/>
                  <String HEIGHT="50"
                          WIDTH="200"
                          VPOS="2169"
                          HPOS="1079"
                          CONTENT="gratiam,"/>
                  <SP HEIGHT="50" WIDTH="17" VPOS="2169" HPOS="1279"/>
                  <String HEIGHT="50" WIDTH="50" VPOS="2169" HPOS="1212" CONTENT="&amp;"/>
               </TextLine>
               <TextLine ID="r2l101"
                         BASELINE="2252"
                         HEIGHT="48"
                         WIDTH="831"
                         VPOS="2204"
                         HPOS="433">
                  <String HEIGHT="48"
                          WIDTH="224"
                          VPOS="2204"
                          HPOS="417"
                          CONTENT="caritatem,"/>
                  <SP HEIGHT="48" WIDTH="16" VPOS="2204" HPOS="641"/>
                  <String HEIGHT="48" WIDTH="96" VPOS="2204" HPOS="593" CONTENT="ac"/>
                  <SP HEIGHT="48" WIDTH="16" VPOS="2204" HPOS="689"/>
                  <String HEIGHT="48"
                          WIDTH="144"
                          VPOS="2204"
                          HPOS="641"
                          CONTENT="etiam"/>
                  <SP HEIGHT="48" WIDTH="16" VPOS="2204" HPOS="785"/>
                  <String HEIGHT="48"
                          WIDTH="112"
                          VPOS="2204"
                          HPOS="737"
                          CONTENT="per"/>
                  <SP HEIGHT="48" WIDTH="16" VPOS="2204" HPOS="849"/>
                  <String HEIGHT="48"
                          WIDTH="224"
                          VPOS="2204"
                          HPOS="801"
                          CONTENT="catholicam"/>
                  <SP HEIGHT="48" WIDTH="16" VPOS="2204" HPOS="1024"/>
                  <String HEIGHT="48"
                          WIDTH="160"
                          VPOS="2204"
                          HPOS="976"
                          CONTENT="fidem,"/>
                  <SP HEIGHT="48" WIDTH="16" VPOS="2204" HPOS="1136"/>
                  <String HEIGHT="48"
                          WIDTH="128"
                          VPOS="2204"
                          HPOS="1088"
                          CONTENT="quam"/>
                  <SP HEIGHT="48" WIDTH="16" VPOS="2204" HPOS="1216"/>
                  <String HEIGHT="48"
                          WIDTH="112"
                          VPOS="2204"
                          HPOS="1152"
                          CONTENT="Chri"
                          SUBS_TYPE="HypPart1"
                          SUBS_CONTENT="Christianus"/>
                  <HYP CONTENT="-"/>
               </TextLine>
               <TextLine ID="r2l103"
                         BASELINE="2300"
                         HEIGHT="46"
                         WIDTH="852"
                         VPOS="2254"
                         HPOS="417">
                  <String HEIGHT="46"
                          WIDTH="162"
                          VPOS="2254"
                          HPOS="402"
                          CONTENT="stianus"
                          SUBS_TYPE="HypPart2"
                          SUBS_CONTENT="Christianus"/>
                  <SP HEIGHT="46" WIDTH="15" VPOS="2254" HPOS="564"/>
                  <String HEIGHT="46"
                          WIDTH="162"
                          VPOS="2254"
                          HPOS="520"
                          CONTENT="recipit"/>
                  <SP HEIGHT="46" WIDTH="15" VPOS="2254" HPOS="681"/>
                  <String HEIGHT="46" WIDTH="88" VPOS="2254" HPOS="637" CONTENT="in"/>
                  <SP HEIGHT="46" WIDTH="15" VPOS="2254" HPOS="725"/>
                  <String HEIGHT="46"
                          WIDTH="191"
                          VPOS="2254"
                          HPOS="681"
                          CONTENT="baptismo,"/>
                  <SP HEIGHT="46" WIDTH="15" VPOS="2254" HPOS="872"/>
                  <String HEIGHT="46"
                          WIDTH="132"
                          VPOS="2254"
                          HPOS="828"
                          CONTENT="anima"/>
                  <SP HEIGHT="46" WIDTH="15" VPOS="2254" HPOS="961"/>
                  <String HEIGHT="46"
                          WIDTH="191"
                          VPOS="2254"
                          HPOS="916"
                          CONTENT="liberetur"/>
                  <SP HEIGHT="46" WIDTH="15" VPOS="2254" HPOS="1107"/>
                  <String HEIGHT="46" WIDTH="73" VPOS="2254" HPOS="1063" CONTENT="a"/>
                  <SP HEIGHT="46" WIDTH="15" VPOS="2254" HPOS="1137"/>
                  <String HEIGHT="46"
                          WIDTH="118"
                          VPOS="2254"
                          HPOS="1093"
                          CONTENT="malo"/>
                  <SP HEIGHT="46" WIDTH="15" VPOS="2254" HPOS="1210"/>
                  <String HEIGHT="46"
                          WIDTH="118"
                          VPOS="2254"
                          HPOS="1151"
                          CONTENT="culpae"/>
               </TextLine>
               <TextLine ID="r2l105"
                         BASELINE="2339"
                         HEIGHT="47"
                         WIDTH="843"
                         VPOS="2292"
                         HPOS="427">
                  <String HEIGHT="47"
                          WIDTH="146"
                          VPOS="2292"
                          HPOS="411"
                          CONTENT="tamen"/>
                  <SP HEIGHT="47" WIDTH="16" VPOS="2292" HPOS="557"/>
                  <String HEIGHT="47"
                          WIDTH="162"
                          VPOS="2292"
                          HPOS="508"
                          CONTENT="corpus"/>
                  <SP HEIGHT="47" WIDTH="16" VPOS="2292" HPOS="670"/>
                  <String HEIGHT="47"
                          WIDTH="130"
                          VPOS="2292"
                          HPOS="622"
                          CONTENT="suum"/>
                  <SP HEIGHT="47" WIDTH="16" VPOS="2292" HPOS="751"/>
                  <String HEIGHT="47"
                          WIDTH="113"
                          VPOS="2292"
                          HPOS="703"
                          CONTENT="non"/>
                  <SP HEIGHT="47" WIDTH="16" VPOS="2292" HPOS="816"/>
                  <String HEIGHT="47"
                          WIDTH="243"
                          VPOS="2292"
                          HPOS="767"
                          CONTENT="liberabitur"/>
                  <SP HEIGHT="47" WIDTH="16" VPOS="2292" HPOS="1011"/>
                  <String HEIGHT="47" WIDTH="81" VPOS="2292" HPOS="962" CONTENT="a"/>
                  <SP HEIGHT="47" WIDTH="16" VPOS="2292" HPOS="1043"/>
                  <String HEIGHT="47"
                          WIDTH="130"
                          VPOS="2292"
                          HPOS="994"
                          CONTENT="malo"/>
                  <SP HEIGHT="47" WIDTH="16" VPOS="2292" HPOS="1124"/>
                  <String HEIGHT="47"
                          WIDTH="162"
                          VPOS="2292"
                          HPOS="1075"
                          CONTENT="poenae"/>
                  <SP HEIGHT="47" WIDTH="16" VPOS="2292" HPOS="1238"/>
                  <String HEIGHT="47"
                          WIDTH="97"
                          VPOS="2292"
                          HPOS="1173"
                          CONTENT="mori"/>
               </TextLine>
               <TextLine ID="r2l107"
                         BASELINE="2369"
                         HEIGHT="43"
                         WIDTH="832"
                         VPOS="2326"
                         HPOS="424">
                  <String HEIGHT="43"
                          WIDTH="104"
                          VPOS="2326"
                          HPOS="409"
                          CONTENT="tur"/>
                  <SP HEIGHT="43" WIDTH="15" VPOS="2326" HPOS="513"/>
                  <String HEIGHT="43"
                          WIDTH="119"
                          VPOS="2326"
                          HPOS="469"
                          CONTENT="enim"/>
                  <SP HEIGHT="43" WIDTH="15" VPOS="2326" HPOS="587"/>
                  <String HEIGHT="43"
                          WIDTH="223"
                          VPOS="2326"
                          HPOS="543"
                          CONTENT="baptixatus,"/>
                  <SP HEIGHT="43" WIDTH="15" VPOS="2326" HPOS="766"/>
                  <String HEIGHT="43"
                          WIDTH="134"
                          VPOS="2326"
                          HPOS="721"
                          CONTENT="sicut"/>
                  <SP HEIGHT="43" WIDTH="15" VPOS="2326" HPOS="855"/>
                  <String HEIGHT="43"
                          WIDTH="104"
                          VPOS="2326"
                          HPOS="810"
                          CONTENT="non"/>
                  <SP HEIGHT="43" WIDTH="15" VPOS="2326" HPOS="914"/>
                  <String HEIGHT="43"
                          WIDTH="223"
                          VPOS="2326"
                          HPOS="870"
                          CONTENT="baptixatus,"/>
                  <SP HEIGHT="43" WIDTH="15" VPOS="2326" HPOS="1093"/>
                  <String HEIGHT="43"
                          WIDTH="104"
                          VPOS="2326"
                          HPOS="1048"
                          CONTENT="nec"/>
                  <SP HEIGHT="43" WIDTH="15" VPOS="2326" HPOS="1152"/>
                  <String HEIGHT="43"
                          WIDTH="134"
                          VPOS="2326"
                          HPOS="1107"
                          CONTENT="etiam"/>
                  <SP HEIGHT="43" WIDTH="15" VPOS="2326" HPOS="1241"/>
                  <String HEIGHT="43"
                          WIDTH="74"
                          VPOS="2326"
                          HPOS="1182"
                          CONTENT="per"/>
               </TextLine>
               <TextLine ID="r2l109"
                         BASELINE="2409"
                         HEIGHT="45"
                         WIDTH="849"
                         VPOS="2364"
                         HPOS="426">
                  <String HEIGHT="45"
                          WIDTH="130"
                          VPOS="2364"
                          HPOS="412"
                          CONTENT="fidem"/>
                  <SP HEIGHT="45" WIDTH="14" VPOS="2364" HPOS="541"/>
                  <String HEIGHT="45"
                          WIDTH="187"
                          VPOS="2364"
                          HPOS="498"
                          CONTENT="liberamur"/>
                  <SP HEIGHT="45" WIDTH="14" VPOS="2364" HPOS="685"/>
                  <String HEIGHT="45" WIDTH="72" VPOS="2364" HPOS="642" CONTENT="a"/>
                  <SP HEIGHT="45" WIDTH="14" VPOS="2364" HPOS="714"/>
                  <String HEIGHT="45"
                          WIDTH="144"
                          VPOS="2364"
                          HPOS="671"
                          CONTENT="debito"/>
                  <SP HEIGHT="45" WIDTH="14" VPOS="2364" HPOS="815"/>
                  <String HEIGHT="45"
                          WIDTH="201"
                          VPOS="2364"
                          HPOS="771"
                          CONTENT="iustitiae,"/>
                  <SP HEIGHT="45" WIDTH="14" VPOS="2364" HPOS="973"/>
                  <String HEIGHT="45"
                          WIDTH="101"
                          VPOS="2364"
                          HPOS="930"
                          CONTENT="sed"/>
                  <SP HEIGHT="45" WIDTH="14" VPOS="2364" HPOS="1030"/>
                  <String HEIGHT="45"
                          WIDTH="144"
                          VPOS="2364"
                          HPOS="987"
                          CONTENT="iustum"/>
                  <SP HEIGHT="45" WIDTH="14" VPOS="2364" HPOS="1131"/>
                  <String HEIGHT="45"
                          WIDTH="101"
                          VPOS="2364"
                          HPOS="1088"
                          CONTENT="est"/>
                  <SP HEIGHT="45" WIDTH="14" VPOS="2364" HPOS="1189"/>
                  <String HEIGHT="45"
                          WIDTH="144"
                          VPOS="2364"
                          HPOS="1131"
                          CONTENT="principi"/>
               </TextLine>
               <TextLine ID="r2l111"
                         BASELINE="2454"
                         HEIGHT="48"
                         WIDTH="842"
                         VPOS="2406"
                         HPOS="423">
                  <String HEIGHT="48"
                          WIDTH="187"
                          VPOS="2406"
                          HPOS="407"
                          CONTENT="obedire,"/>
                  <SP HEIGHT="48" WIDTH="16" VPOS="2406" HPOS="595"/>
                  <String HEIGHT="48"
                          WIDTH="172"
                          VPOS="2406"
                          HPOS="548"
                          CONTENT="quamuis"/>
                  <SP HEIGHT="48" WIDTH="16" VPOS="2406" HPOS="719"/>
                  <String HEIGHT="48"
                          WIDTH="203"
                          VPOS="2406"
                          HPOS="672"
                          CONTENT="infideli,"/>
                  <SP HEIGHT="48" WIDTH="16" VPOS="2406" HPOS="875"/>
                  <String HEIGHT="48"
                          WIDTH="109"
                          VPOS="2406"
                          HPOS="828"
                          CONTENT="qui"/>
                  <SP HEIGHT="48" WIDTH="16" VPOS="2406" HPOS="938"/>
                  <String HEIGHT="48"
                          WIDTH="187"
                          VPOS="2406"
                          HPOS="891"
                          CONTENT="dominium"/>
                  <SP HEIGHT="48" WIDTH="16" VPOS="2406" HPOS="1078"/>
                  <String HEIGHT="48"
                          WIDTH="125"
                          VPOS="2406"
                          HPOS="1031"
                          CONTENT="suum"/>
                  <SP HEIGHT="48" WIDTH="16" VPOS="2406" HPOS="1156"/>
                  <String HEIGHT="48"
                          WIDTH="140"
                          VPOS="2406"
                          HPOS="1109"
                          CONTENT="iuste"/>
                  <SP HEIGHT="48" WIDTH="16" VPOS="2406" HPOS="1249"/>
                  <String HEIGHT="48"
                          WIDTH="78"
                          VPOS="2406"
                          HPOS="1187"
                          CONTENT="con"/>
               </TextLine>
               <TextLine ID="r2l113"
                         BASELINE="2488"
                         HEIGHT="46"
                         WIDTH="588"
                         VPOS="2442"
                         HPOS="424">
                  <String HEIGHT="46"
                          WIDTH="154"
                          VPOS="2442"
                          HPOS="410"
                          CONTENT="secutus"/>
                  <SP HEIGHT="46" WIDTH="14" VPOS="2442" HPOS="564"/>
                  <String HEIGHT="46"
                          WIDTH="112"
                          VPOS="2442"
                          HPOS="522"
                          CONTENT="est,"/>
                  <SP HEIGHT="46" WIDTH="14" VPOS="2442" HPOS="634"/>
                  <String HEIGHT="46" WIDTH="70" VPOS="2442" HPOS="592" CONTENT="&amp;"/>
                  <SP HEIGHT="46" WIDTH="14" VPOS="2442" HPOS="662"/>
                  <String HEIGHT="46"
                          WIDTH="140"
                          VPOS="2442"
                          HPOS="620"
                          CONTENT="iuste,"/>
                  <SP HEIGHT="46" WIDTH="14" VPOS="2442" HPOS="760"/>
                  <String HEIGHT="46" WIDTH="70" VPOS="2442" HPOS="718" CONTENT="&amp;"/>
                  <SP HEIGHT="46" WIDTH="14" VPOS="2442" HPOS="788"/>
                  <String HEIGHT="46"
                          WIDTH="168"
                          VPOS="2442"
                          HPOS="746"
                          CONTENT="ordinate"/>
                  <SP HEIGHT="46" WIDTH="14" VPOS="2442" HPOS="914"/>
                  <String HEIGHT="46" WIDTH="84" VPOS="2442" HPOS="872" CONTENT="eo"/>
                  <SP HEIGHT="46" WIDTH="14" VPOS="2442" HPOS="956"/>
                  <String HEIGHT="46"
                          WIDTH="112"
                          VPOS="2442"
                          HPOS="900"
                          CONTENT="vtitur"/>
               </TextLine>
               <TextLine ID="r2l115"
                         BASELINE="2536"
                         HEIGHT="59"
                         WIDTH="797"
                         VPOS="2477"
                         HPOS="454">
                  <String HEIGHT="59" WIDTH="100" VPOS="2477" HPOS="437" CONTENT="Ad"/>
                  <SP HEIGHT="59" WIDTH="17" VPOS="2477" HPOS="537"/>
                  <String HEIGHT="59"
                          WIDTH="183"
                          VPOS="2477"
                          HPOS="487"
                          CONTENT="quintum"/>
                  <SP HEIGHT="59" WIDTH="17" VPOS="2477" HPOS="670"/>
                  <String HEIGHT="59"
                          WIDTH="216"
                          VPOS="2477"
                          HPOS="620"
                          CONTENT="dicendum,"/>
                  <SP HEIGHT="59" WIDTH="17" VPOS="2477" HPOS="836"/>
                  <String HEIGHT="59"
                          WIDTH="133"
                          VPOS="2477"
                          HPOS="786"
                          CONTENT="quod"/>
                  <SP HEIGHT="59" WIDTH="17" VPOS="2477" HPOS="919"/>
                  <String HEIGHT="59" WIDTH="100" VPOS="2477" HPOS="869" CONTENT="si"/>
                  <SP HEIGHT="59" WIDTH="17" VPOS="2477" HPOS="969"/>
                  <String HEIGHT="59"
                          WIDTH="133"
                          VPOS="2477"
                          HPOS="919"
                          CONTENT="vnus"/>
                  <SP HEIGHT="59" WIDTH="17" VPOS="2477" HPOS="1052"/>
                  <String HEIGHT="59"
                          WIDTH="199"
                          VPOS="2477"
                          HPOS="1002"
                          CONTENT="coniugum"/>
                  <SP HEIGHT="59" WIDTH="17" VPOS="2477" HPOS="1201"/>
                  <String HEIGHT="59"
                          WIDTH="100"
                          VPOS="2477"
                          HPOS="1151"
                          CONTENT="ad"/>
                  <SP HEIGHT="59" WIDTH="17" VPOS="2477" HPOS="1251"/>
                  <String HEIGHT="59" WIDTH="66" VPOS="2477" HPOS="1185" CONTENT="fi"/>
               </TextLine>
            </TextBlock>
            <TextBlock ID="TextRegion_1603039326923_2359"
                       HEIGHT="2329"
                       WIDTH="908"
                       VPOS="259"
                       HPOS="1288">
               <Shape>
                  <Polygon POINTS="1319,259 2196,259 2196,2588 1288,2588 1290,2501"/>
               </Shape>
               <TextLine ID="r2l6"
                         BASELINE="365"
                         HEIGHT="56"
                         WIDTH="847"
                         VPOS="309"
                         HPOS="1354">
                  <String HEIGHT="56"
                          WIDTH="102"
                          VPOS="309"
                          HPOS="1339"
                          CONTENT="dem"/>
                  <SP HEIGHT="56" WIDTH="15" VPOS="309" HPOS="1442"/>
                  <String HEIGHT="56"
                          WIDTH="234"
                          VPOS="309"
                          HPOS="1398"
                          CONTENT="conuertitur,"/>
                  <SP HEIGHT="56" WIDTH="15" VPOS="309" HPOS="1631"/>
                  <String HEIGHT="56"
                          WIDTH="146"
                          VPOS="309"
                          HPOS="1588"
                          CONTENT="altero"/>
                  <SP HEIGHT="56" WIDTH="15" VPOS="309" HPOS="1734"/>
                  <String HEIGHT="56"
                          WIDTH="161"
                          VPOS="309"
                          HPOS="1690"
                          CONTENT="manente"/>
                  <SP HEIGHT="56" WIDTH="15" VPOS="309" HPOS="1851"/>
                  <String HEIGHT="56"
                          WIDTH="190"
                          VPOS="309"
                          HPOS="1807"
                          CONTENT="infideli,"/>
                  <SP HEIGHT="56" WIDTH="15" VPOS="309" HPOS="1997"/>
                  <String HEIGHT="56" WIDTH="88" VPOS="309" HPOS="1953" CONTENT="si"/>
                  <SP HEIGHT="56" WIDTH="15" VPOS="309" HPOS="2040"/>
                  <String HEIGHT="56"
                          WIDTH="190"
                          VPOS="309"
                          HPOS="1997"
                          CONTENT="infidelis"/>
                  <SP HEIGHT="56" WIDTH="15" VPOS="309" HPOS="2186"/>
                  <String HEIGHT="56" WIDTH="73" VPOS="309" HPOS="2128" CONTENT="com"/>
               </TextLine>
               <TextLine ID="r2l7"
                         BASELINE="414"
                         HEIGHT="52"
                         WIDTH="851"
                         VPOS="362"
                         HPOS="1347">
                  <String HEIGHT="52"
                          WIDTH="149"
                          VPOS="362"
                          HPOS="1332"
                          CONTENT="sentit"/>
                  <SP HEIGHT="52" WIDTH="15" VPOS="362" HPOS="1481"/>
                  <String HEIGHT="52"
                          WIDTH="179"
                          VPOS="362"
                          HPOS="1437"
                          CONTENT="habitare"/>
                  <SP HEIGHT="52" WIDTH="15" VPOS="362" HPOS="1616"/>
                  <String HEIGHT="52"
                          WIDTH="105"
                          VPOS="362"
                          HPOS="1571"
                          CONTENT="cum"/>
                  <SP HEIGHT="52" WIDTH="15" VPOS="362" HPOS="1675"/>
                  <String HEIGHT="52"
                          WIDTH="149"
                          VPOS="362"
                          HPOS="1631"
                          CONTENT="fideli"/>
                  <SP HEIGHT="52" WIDTH="15" VPOS="362" HPOS="1780"/>
                  <String HEIGHT="52"
                          WIDTH="134"
                          VPOS="362"
                          HPOS="1735"
                          CONTENT="ipsum"/>
                  <SP HEIGHT="52" WIDTH="15" VPOS="362" HPOS="1870"/>
                  <String HEIGHT="52"
                          WIDTH="105"
                          VPOS="362"
                          HPOS="1825"
                          CONTENT="non"/>
                  <SP HEIGHT="52" WIDTH="15" VPOS="362" HPOS="1929"/>
                  <String HEIGHT="52"
                          WIDTH="194"
                          VPOS="362"
                          HPOS="1884"
                          CONTENT="turbando,"/>
                  <SP HEIGHT="52" WIDTH="15" VPOS="362" HPOS="2079"/>
                  <String HEIGHT="52" WIDTH="75" VPOS="362" HPOS="2034" CONTENT="&amp;"/>
                  <SP HEIGHT="52" WIDTH="15" VPOS="362" HPOS="2108"/>
                  <String HEIGHT="52"
                          WIDTH="149"
                          VPOS="362"
                          HPOS="2049"
                          CONTENT="allicien"/>
               </TextLine>
               <TextLine ID="r2l9"
                         BASELINE="445"
                         HEIGHT="43"
                         WIDTH="857"
                         VPOS="402"
                         HPOS="1341">
                  <String HEIGHT="43" WIDTH="93" VPOS="402" HPOS="1325" CONTENT="do"/>
                  <SP HEIGHT="43" WIDTH="16" VPOS="402" HPOS="1419"/>
                  <String HEIGHT="43" WIDTH="93" VPOS="402" HPOS="1372" CONTENT="ad"/>
                  <SP HEIGHT="43" WIDTH="16" VPOS="402" HPOS="1466"/>
                  <String HEIGHT="43"
                          WIDTH="280"
                          VPOS="402"
                          HPOS="1419"
                          CONTENT="infidelitatem,"/>
                  <SP HEIGHT="43" WIDTH="16" VPOS="402" HPOS="1699"/>
                  <String HEIGHT="43" WIDTH="78" VPOS="402" HPOS="1653" CONTENT="&amp;"/>
                  <SP HEIGHT="43" WIDTH="16" VPOS="402" HPOS="1731"/>
                  <String HEIGHT="43"
                          WIDTH="156"
                          VPOS="402"
                          HPOS="1684"
                          CONTENT="absque"/>
                  <SP HEIGHT="43" WIDTH="16" VPOS="402" HPOS="1840"/>
                  <String HEIGHT="43"
                          WIDTH="218"
                          VPOS="402"
                          HPOS="1793"
                          CONTENT="blasphemia"/>
                  <SP HEIGHT="43" WIDTH="16" VPOS="402" HPOS="2011"/>
                  <String HEIGHT="43"
                          WIDTH="218"
                          VPOS="402"
                          HPOS="1964"
                          CONTENT="Creatoris,"/>
                  <SP HEIGHT="43" WIDTH="16" VPOS="402" HPOS="2182"/>
                  <String HEIGHT="43" WIDTH="78" VPOS="402" HPOS="2120" CONTENT="tuc"/>
               </TextLine>
               <TextLine ID="r2l11"
                         BASELINE="481"
                         HEIGHT="40"
                         WIDTH="844"
                         VPOS="441"
                         HPOS="1350">
                  <String HEIGHT="40"
                          WIDTH="166"
                          VPOS="441"
                          HPOS="1335"
                          CONTENT="fidelis"/>
                  <SP HEIGHT="40" WIDTH="15" VPOS="441" HPOS="1501"/>
                  <String HEIGHT="40"
                          WIDTH="106"
                          VPOS="441"
                          HPOS="1456"
                          CONTENT="non"/>
                  <SP HEIGHT="40" WIDTH="15" VPOS="441" HPOS="1561"/>
                  <String HEIGHT="40"
                          WIDTH="106"
                          VPOS="441"
                          HPOS="1516"
                          CONTENT="est"/>
                  <SP HEIGHT="40" WIDTH="15" VPOS="441" HPOS="1621"/>
                  <String HEIGHT="40"
                          WIDTH="196"
                          VPOS="441"
                          HPOS="1576"
                          CONTENT="absolutus"/>
                  <SP HEIGHT="40" WIDTH="15" VPOS="441" HPOS="1772"/>
                  <String HEIGHT="40" WIDTH="75" VPOS="441" HPOS="1727" CONTENT="a"/>
                  <SP HEIGHT="40" WIDTH="15" VPOS="441" HPOS="1802"/>
                  <String HEIGHT="40"
                          WIDTH="166"
                          VPOS="441"
                          HPOS="1757"
                          CONTENT="vinculo"/>
                  <SP HEIGHT="40" WIDTH="15" VPOS="441" HPOS="1923"/>
                  <String HEIGHT="40"
                          WIDTH="226"
                          VPOS="441"
                          HPOS="1878"
                          CONTENT="matrimonii."/>
                  <SP HEIGHT="40" WIDTH="15" VPOS="441" HPOS="2104"/>
                  <String HEIGHT="40" WIDTH="90" VPOS="441" HPOS="2058" CONTENT="Si"/>
                  <SP HEIGHT="40" WIDTH="15" VPOS="441" HPOS="2149"/>
                  <String HEIGHT="40"
                          WIDTH="106"
                          VPOS="441"
                          HPOS="2089"
                          CONTENT="autem"/>
               </TextLine>
               <TextLine ID="r2l13"
                         BASELINE="525"
                         HEIGHT="44"
                         WIDTH="851"
                         VPOS="481"
                         HPOS="1344">
                  <String HEIGHT="44"
                          WIDTH="184"
                          VPOS="481"
                          HPOS="1330"
                          CONTENT="infidelis"/>
                  <SP HEIGHT="44" WIDTH="14" VPOS="481" HPOS="1514"/>
                  <String HEIGHT="44"
                          WIDTH="142"
                          VPOS="481"
                          HPOS="1472"
                          CONTENT="nollet"/>
                  <SP HEIGHT="44" WIDTH="14" VPOS="481" HPOS="1613"/>
                  <String HEIGHT="44"
                          WIDTH="142"
                          VPOS="481"
                          HPOS="1571"
                          CONTENT="fideli"/>
                  <SP HEIGHT="44" WIDTH="14" VPOS="481" HPOS="1713"/>
                  <String HEIGHT="44"
                          WIDTH="213"
                          VPOS="481"
                          HPOS="1670"
                          CONTENT="cohabitare,"/>
                  <SP HEIGHT="44" WIDTH="14" VPOS="481" HPOS="1883"/>
                  <String HEIGHT="44"
                          WIDTH="113"
                          VPOS="481"
                          HPOS="1840"
                          CONTENT="nisi"/>
                  <SP HEIGHT="44" WIDTH="14" VPOS="481" HPOS="1954"/>
                  <String HEIGHT="44"
                          WIDTH="128"
                          VPOS="481"
                          HPOS="1911"
                          CONTENT="ipsum"/>
                  <SP HEIGHT="44" WIDTH="14" VPOS="481" HPOS="2039"/>
                  <String HEIGHT="44"
                          WIDTH="199"
                          VPOS="481"
                          HPOS="1996"
                          CONTENT="alliciendo"/>
                  <SP HEIGHT="44" WIDTH="14" VPOS="481" HPOS="2195"/>
                  <String HEIGHT="44" WIDTH="57" VPOS="481" HPOS="2138" CONTENT="ad"/>
               </TextLine>
               <TextLine ID="r2l15"
                         BASELINE="567"
                         HEIGHT="46"
                         WIDTH="854"
                         VPOS="521"
                         HPOS="1342">
                  <String HEIGHT="46"
                          WIDTH="290"
                          VPOS="521"
                          HPOS="1326"
                          CONTENT="infidelitatem,"/>
                  <SP HEIGHT="46" WIDTH="16" VPOS="521" HPOS="1616"/>
                  <String HEIGHT="46" WIDTH="81" VPOS="521" HPOS="1568" CONTENT="&amp;"/>
                  <SP HEIGHT="46" WIDTH="16" VPOS="521" HPOS="1648"/>
                  <String HEIGHT="46"
                          WIDTH="209"
                          VPOS="521"
                          HPOS="1600"
                          CONTENT="creatorem"/>
                  <SP HEIGHT="46" WIDTH="16" VPOS="521" HPOS="1809"/>
                  <String HEIGHT="46"
                          WIDTH="274"
                          VPOS="521"
                          HPOS="1761"
                          CONTENT="plasphemando,"/>
                  <SP HEIGHT="46" WIDTH="16" VPOS="521" HPOS="2035"/>
                  <String HEIGHT="46"
                          WIDTH="129"
                          VPOS="521"
                          HPOS="1987"
                          CONTENT="tunc"/>
                  <SP HEIGHT="46" WIDTH="16" VPOS="521" HPOS="2115"/>
                  <String HEIGHT="46"
                          WIDTH="113"
                          VPOS="521"
                          HPOS="2067"
                          CONTENT="suo"/>
                  <SP HEIGHT="46" WIDTH="16" VPOS="521" HPOS="2180"/>
                  <String HEIGHT="46"
                          WIDTH="81"
                          VPOS="521"
                          HPOS="2115"
                          CONTENT="de"
                          SUBS_TYPE="HypPart1"
                          SUBS_CONTENT="demerito"/>
                  <HYP CONTENT="-"/>
               </TextLine>
               <TextLine ID="r2l17"
                         BASELINE="606"
                         HEIGHT="47"
                         WIDTH="854"
                         VPOS="559"
                         HPOS="1335">
                  <String HEIGHT="47"
                          WIDTH="161"
                          VPOS="559"
                          HPOS="1319"
                          CONTENT="merito"
                          SUBS_TYPE="HypPart2"
                          SUBS_CONTENT="demerito"/>
                  <SP HEIGHT="47" WIDTH="16" VPOS="559" HPOS="1480"/>
                  <String HEIGHT="47"
                          WIDTH="161"
                          VPOS="559"
                          HPOS="1432"
                          CONTENT="perdit"/>
                  <SP HEIGHT="47" WIDTH="16" VPOS="559" HPOS="1593"/>
                  <String HEIGHT="47"
                          WIDTH="129"
                          VPOS="559"
                          HPOS="1544"
                          CONTENT="ius,"/>
                  <SP HEIGHT="47" WIDTH="16" VPOS="559" HPOS="1673"/>
                  <String HEIGHT="47"
                          WIDTH="129"
                          VPOS="559"
                          HPOS="1625"
                          CONTENT="quod"/>
                  <SP HEIGHT="47" WIDTH="16" VPOS="559" HPOS="1754"/>
                  <String HEIGHT="47"
                          WIDTH="161"
                          VPOS="559"
                          HPOS="1706"
                          CONTENT="habuit"/>
                  <SP HEIGHT="47" WIDTH="16" VPOS="559" HPOS="1867"/>
                  <String HEIGHT="47" WIDTH="97" VPOS="559" HPOS="1818" CONTENT="in"/>
                  <SP HEIGHT="47" WIDTH="16" VPOS="559" HPOS="1915"/>
                  <String HEIGHT="47"
                          WIDTH="193"
                          VPOS="559"
                          HPOS="1867"
                          CONTENT="personam"/>
                  <SP HEIGHT="47" WIDTH="16" VPOS="559" HPOS="2060"/>
                  <String HEIGHT="47"
                          WIDTH="193"
                          VPOS="559"
                          HPOS="2012"
                          CONTENT="fidelem,"/>
                  <SP HEIGHT="47" WIDTH="16" VPOS="559" HPOS="2205"/>
                  <String HEIGHT="47" WIDTH="48" VPOS="559" HPOS="2141" CONTENT="&amp;"/>
               </TextLine>
               <TextLine ID="r2l19"
                         BASELINE="652"
                         HEIGHT="45"
                         WIDTH="832"
                         VPOS="607"
                         HPOS="1350">
                  <String HEIGHT="45" WIDTH="97" VPOS="607" HPOS="1336" CONTENT="per"/>
                  <SP HEIGHT="45" WIDTH="14" VPOS="607" HPOS="1433"/>
                  <String HEIGHT="45"
                          WIDTH="194"
                          VPOS="607"
                          HPOS="1392"
                          CONTENT="consequens"/>
                  <SP HEIGHT="45" WIDTH="14" VPOS="607" HPOS="1586"/>
                  <String HEIGHT="45"
                          WIDTH="125"
                          VPOS="607"
                          HPOS="1544"
                          CONTENT="iuste"/>
                  <SP HEIGHT="45" WIDTH="14" VPOS="607" HPOS="1669"/>
                  <String HEIGHT="45"
                          WIDTH="194"
                          VPOS="607"
                          HPOS="1627"
                          CONTENT="absoluitur"/>
                  <SP HEIGHT="45" WIDTH="14" VPOS="607" HPOS="1821"/>
                  <String HEIGHT="45"
                          WIDTH="153"
                          VPOS="607"
                          HPOS="1780"
                          CONTENT="fidelis"/>
                  <SP HEIGHT="45" WIDTH="14" VPOS="607" HPOS="1932"/>
                  <String HEIGHT="45" WIDTH="83" VPOS="607" HPOS="1891" CONTENT="ab"/>
                  <SP HEIGHT="45" WIDTH="14" VPOS="607" HPOS="1974"/>
                  <String HEIGHT="45"
                          WIDTH="180"
                          VPOS="607"
                          HPOS="1932"
                          CONTENT="infideli."/>
                  <SP HEIGHT="45" WIDTH="14" VPOS="607" HPOS="2113"/>
                  <String HEIGHT="45" WIDTH="83" VPOS="607" HPOS="2071" CONTENT="De"/>
                  <SP HEIGHT="45" WIDTH="14" VPOS="607" HPOS="2154"/>
                  <String HEIGHT="45"
                          WIDTH="83"
                          VPOS="607"
                          HPOS="2099"
                          CONTENT="isti"/>
               </TextLine>
               <TextLine ID="r2l21"
                         BASELINE="689"
                         HEIGHT="51"
                         WIDTH="850"
                         VPOS="638"
                         HPOS="1342">
                  <String HEIGHT="51"
                          WIDTH="132"
                          VPOS="638"
                          HPOS="1327"
                          CONTENT="etiam"/>
                  <SP HEIGHT="51" WIDTH="15" VPOS="638" HPOS="1459"/>
                  <String HEIGHT="51"
                          WIDTH="132"
                          VPOS="638"
                          HPOS="1415"
                          CONTENT="magis"/>
                  <SP HEIGHT="51" WIDTH="15" VPOS="638" HPOS="1547"/>
                  <String HEIGHT="51"
                          WIDTH="176"
                          VPOS="638"
                          HPOS="1503"
                          CONTENT="complete"/>
                  <SP HEIGHT="51" WIDTH="15" VPOS="638" HPOS="1679"/>
                  <String HEIGHT="51"
                          WIDTH="176"
                          VPOS="638"
                          HPOS="1635"
                          CONTENT="apparuit"/>
                  <SP HEIGHT="51" WIDTH="15" VPOS="638" HPOS="1811"/>
                  <String HEIGHT="51" WIDTH="88" VPOS="638" HPOS="1767" CONTENT="in"/>
                  <SP HEIGHT="51" WIDTH="15" VPOS="638" HPOS="1855"/>
                  <String HEIGHT="51"
                          WIDTH="117"
                          VPOS="638"
                          HPOS="1811"
                          CONTENT="isto"/>
                  <SP HEIGHT="51" WIDTH="15" VPOS="638" HPOS="1928"/>
                  <String HEIGHT="51"
                          WIDTH="117"
                          VPOS="638"
                          HPOS="1884"
                          CONTENT="lib."/>
                  <SP HEIGHT="51" WIDTH="15" VPOS="638" HPOS="2001"/>
                  <String HEIGHT="51" WIDTH="88" VPOS="638" HPOS="1958" CONTENT="4."/>
                  <SP HEIGHT="51" WIDTH="15" VPOS="638" HPOS="2045"/>
                  <String HEIGHT="51" WIDTH="88" VPOS="638" HPOS="2001" CONTENT="Et"/>
                  <SP HEIGHT="51" WIDTH="15" VPOS="638" HPOS="2089"/>
                  <String HEIGHT="51"
                          WIDTH="103"
                          VPOS="638"
                          HPOS="2045"
                          CONTENT="sic"/>
                  <SP HEIGHT="51" WIDTH="15" VPOS="638" HPOS="2148"/>
                  <String HEIGHT="51"
                          WIDTH="103"
                          VPOS="638"
                          HPOS="2089"
                          CONTENT="eoden"/>
               </TextLine>
               <TextLine ID="r2l23"
                         BASELINE="726"
                         HEIGHT="50"
                         WIDTH="865"
                         VPOS="676"
                         HPOS="1330">
                  <String HEIGHT="50"
                          WIDTH="126"
                          VPOS="676"
                          HPOS="1316"
                          CONTENT="modo,"/>
                  <SP HEIGHT="50" WIDTH="14" VPOS="676" HPOS="1442"/>
                  <String HEIGHT="50" WIDTH="84" VPOS="676" HPOS="1400" CONTENT="si"/>
                  <SP HEIGHT="50" WIDTH="14" VPOS="676" HPOS="1483"/>
                  <String HEIGHT="50"
                          WIDTH="167"
                          VPOS="676"
                          HPOS="1442"
                          CONTENT="princeps"/>
                  <SP HEIGHT="50" WIDTH="14" VPOS="676" HPOS="1609"/>
                  <String HEIGHT="50"
                          WIDTH="181"
                          VPOS="676"
                          HPOS="1567"
                          CONTENT="infidelis"/>
                  <SP HEIGHT="50" WIDTH="14" VPOS="676" HPOS="1749"/>
                  <String HEIGHT="50"
                          WIDTH="126"
                          VPOS="676"
                          HPOS="1707"
                          CONTENT="nihil"/>
                  <SP HEIGHT="50" WIDTH="14" VPOS="676" HPOS="1832"/>
                  <String HEIGHT="50"
                          WIDTH="140"
                          VPOS="676"
                          HPOS="1790"
                          CONTENT="exigit"/>
                  <SP HEIGHT="50" WIDTH="14" VPOS="676" HPOS="1930"/>
                  <String HEIGHT="50" WIDTH="70" VPOS="676" HPOS="1888" CONTENT="a"/>
                  <SP HEIGHT="50" WIDTH="14" VPOS="676" HPOS="1958"/>
                  <String HEIGHT="50"
                          WIDTH="153"
                          VPOS="676"
                          HPOS="1916"
                          CONTENT="subdito"/>
                  <SP HEIGHT="50" WIDTH="14" VPOS="676" HPOS="2069"/>
                  <String HEIGHT="50"
                          WIDTH="140"
                          VPOS="676"
                          HPOS="2028"
                          CONTENT="fideli"/>
                  <SP HEIGHT="50" WIDTH="14" VPOS="676" HPOS="2167"/>
                  <String HEIGHT="50"
                          WIDTH="84"
                          VPOS="676"
                          HPOS="2111"
                          CONTENT="prae"/>
               </TextLine>
               <TextLine ID="r2l25"
                         BASELINE="762"
                         HEIGHT="43"
                         WIDTH="860"
                         VPOS="719"
                         HPOS="1335">
                  <String HEIGHT="43"
                          WIDTH="106"
                          VPOS="719"
                          HPOS="1320"
                          CONTENT="ter"/>
                  <SP HEIGHT="43" WIDTH="15" VPOS="719" HPOS="1426"/>
                  <String HEIGHT="43"
                          WIDTH="151"
                          VPOS="719"
                          HPOS="1380"
                          CONTENT="illud,"/>
                  <SP HEIGHT="43" WIDTH="15" VPOS="719" HPOS="1531"/>
                  <String HEIGHT="43"
                          WIDTH="121"
                          VPOS="719"
                          HPOS="1486"
                          CONTENT="quod"/>
                  <SP HEIGHT="43" WIDTH="15" VPOS="719" HPOS="1607"/>
                  <String HEIGHT="43" WIDTH="91" VPOS="719" HPOS="1561" CONTENT="de"/>
                  <SP HEIGHT="43" WIDTH="15" VPOS="719" HPOS="1652"/>
                  <String HEIGHT="43"
                          WIDTH="121"
                          VPOS="719"
                          HPOS="1607"
                          CONTENT="iure"/>
                  <SP HEIGHT="43" WIDTH="15" VPOS="719" HPOS="1727"/>
                  <String HEIGHT="43"
                          WIDTH="136"
                          VPOS="719"
                          HPOS="1682"
                          CONTENT="debet"/>
                  <SP HEIGHT="43" WIDTH="15" VPOS="719" HPOS="1818"/>
                  <String HEIGHT="43"
                          WIDTH="181"
                          VPOS="719"
                          HPOS="1773"
                          CONTENT="exigere,"/>
                  <SP HEIGHT="43" WIDTH="15" VPOS="719" HPOS="1954"/>
                  <String HEIGHT="43"
                          WIDTH="121"
                          VPOS="719"
                          HPOS="1908"
                          CONTENT="tunc"/>
                  <SP HEIGHT="43" WIDTH="15" VPOS="719" HPOS="2029"/>
                  <String HEIGHT="43"
                          WIDTH="181"
                          VPOS="719"
                          HPOS="1984"
                          CONTENT="subditus"/>
                  <SP HEIGHT="43" WIDTH="15" VPOS="719" HPOS="2165"/>
                  <String HEIGHT="43"
                          WIDTH="91"
                          VPOS="719"
                          HPOS="2104"
                          CONTENT="tene"/>
               </TextLine>
               <TextLine ID="r2l27"
                         BASELINE="807"
                         HEIGHT="49"
                         WIDTH="845"
                         VPOS="758"
                         HPOS="1341">
                  <String HEIGHT="49"
                          WIDTH="108"
                          VPOS="758"
                          HPOS="1326"
                          CONTENT="tur"/>
                  <SP HEIGHT="49" WIDTH="15" VPOS="758" HPOS="1433"/>
                  <String HEIGHT="49"
                          WIDTH="184"
                          VPOS="758"
                          HPOS="1387"
                          CONTENT="obedire."/>
                  <SP HEIGHT="49" WIDTH="15" VPOS="758" HPOS="1571"/>
                  <String HEIGHT="49" WIDTH="92" VPOS="758" HPOS="1525" CONTENT="Si"/>
                  <SP HEIGHT="49" WIDTH="15" VPOS="758" HPOS="1618"/>
                  <String HEIGHT="49"
                          WIDTH="138"
                          VPOS="758"
                          HPOS="1571"
                          CONTENT="autem"/>
                  <SP HEIGHT="49" WIDTH="15" VPOS="758" HPOS="1710"/>
                  <String HEIGHT="49"
                          WIDTH="184"
                          VPOS="758"
                          HPOS="1664"
                          CONTENT="subditum"/>
                  <SP HEIGHT="49" WIDTH="15" VPOS="758" HPOS="1848"/>
                  <String HEIGHT="49"
                          WIDTH="154"
                          VPOS="758"
                          HPOS="1802"
                          CONTENT="vellet"/>
                  <SP HEIGHT="49" WIDTH="15" VPOS="758" HPOS="1956"/>
                  <String HEIGHT="49"
                          WIDTH="154"
                          VPOS="758"
                          HPOS="1909"
                          CONTENT="artare"/>
                  <SP HEIGHT="49" WIDTH="15" VPOS="758" HPOS="2063"/>
                  <String HEIGHT="49" WIDTH="92" VPOS="758" HPOS="2017" CONTENT="ad"/>
                  <SP HEIGHT="49" WIDTH="15" VPOS="758" HPOS="2109"/>
                  <String HEIGHT="49"
                          WIDTH="108"
                          VPOS="758"
                          HPOS="2063"
                          CONTENT="ea,"/>
                  <SP HEIGHT="49" WIDTH="15" VPOS="758" HPOS="2171"/>
                  <String HEIGHT="49" WIDTH="77" VPOS="758" HPOS="2109" CONTENT="qua"/>
               </TextLine>
               <TextLine ID="r2l29"
                         BASELINE="842"
                         HEIGHT="43"
                         WIDTH="837"
                         VPOS="799"
                         HPOS="1343">
                  <String HEIGHT="43"
                          WIDTH="158"
                          VPOS="799"
                          HPOS="1327"
                          CONTENT="essent"/>
                  <SP HEIGHT="43" WIDTH="16" VPOS="799" HPOS="1485"/>
                  <String HEIGHT="43"
                          WIDTH="158"
                          VPOS="799"
                          HPOS="1438"
                          CONTENT="contra"/>
                  <SP HEIGHT="43" WIDTH="16" VPOS="799" HPOS="1596"/>
                  <String HEIGHT="43"
                          WIDTH="142"
                          VPOS="799"
                          HPOS="1548"
                          CONTENT="Deum,"/>
                  <SP HEIGHT="43" WIDTH="16" VPOS="799" HPOS="1690"/>
                  <String HEIGHT="43" WIDTH="79" VPOS="799" HPOS="1643" CONTENT="&amp;"/>
                  <SP HEIGHT="43" WIDTH="16" VPOS="799" HPOS="1722"/>
                  <String HEIGHT="43"
                          WIDTH="158"
                          VPOS="799"
                          HPOS="1675"
                          CONTENT="contra"/>
                  <SP HEIGHT="43" WIDTH="16" VPOS="799" HPOS="1833"/>
                  <String HEIGHT="43"
                          WIDTH="158"
                          VPOS="799"
                          HPOS="1785"
                          CONTENT="animae"/>
                  <SP HEIGHT="43" WIDTH="16" VPOS="799" HPOS="1943"/>
                  <String HEIGHT="43"
                          WIDTH="126"
                          VPOS="799"
                          HPOS="1896"
                          CONTENT="suae"/>
                  <SP HEIGHT="43" WIDTH="16" VPOS="799" HPOS="2022"/>
                  <String HEIGHT="43"
                          WIDTH="190"
                          VPOS="799"
                          HPOS="1975"
                          CONTENT="salutem,"/>
                  <SP HEIGHT="43" WIDTH="16" VPOS="799" HPOS="2164"/>
                  <String HEIGHT="43" WIDTH="79" VPOS="799" HPOS="2101" CONTENT="tun"/>
               </TextLine>
               <TextLine ID="r2l32"
                         BASELINE="886"
                         HEIGHT="43"
                         WIDTH="836"
                         VPOS="843"
                         HPOS="1347">
                  <String HEIGHT="43"
                          WIDTH="182"
                          VPOS="843"
                          HPOS="1332"
                          CONTENT="nfidelis"/>
                  <SP HEIGHT="43" WIDTH="15" VPOS="843" HPOS="1514"/>
                  <String HEIGHT="43"
                          WIDTH="182"
                          VPOS="843"
                          HPOS="1469"
                          CONTENT="princeps"/>
                  <SP HEIGHT="43" WIDTH="15" VPOS="843" HPOS="1651"/>
                  <String HEIGHT="43"
                          WIDTH="182"
                          VPOS="843"
                          HPOS="1605"
                          CONTENT="perderet"/>
                  <SP HEIGHT="43" WIDTH="15" VPOS="843" HPOS="1788"/>
                  <String HEIGHT="43"
                          WIDTH="137"
                          VPOS="843"
                          HPOS="1742"
                          CONTENT="illud"/>
                  <SP HEIGHT="43" WIDTH="15" VPOS="843" HPOS="1879"/>
                  <String HEIGHT="43"
                          WIDTH="122"
                          VPOS="843"
                          HPOS="1833"
                          CONTENT="ius,"/>
                  <SP HEIGHT="43" WIDTH="15" VPOS="843" HPOS="1955"/>
                  <String HEIGHT="43"
                          WIDTH="122"
                          VPOS="843"
                          HPOS="1909"
                          CONTENT="quod"/>
                  <SP HEIGHT="43" WIDTH="15" VPOS="843" HPOS="2031"/>
                  <String HEIGHT="43"
                          WIDTH="152"
                          VPOS="843"
                          HPOS="1985"
                          CONTENT="habuit"/>
                  <SP HEIGHT="43" WIDTH="15" VPOS="843" HPOS="2137"/>
                  <String HEIGHT="43"
                          WIDTH="106"
                          VPOS="843"
                          HPOS="2077"
                          CONTENT="super"/>
               </TextLine>
               <TextLine ID="r2l33"
                         BASELINE="926"
                         HEIGHT="52"
                         WIDTH="316"
                         VPOS="874"
                         HPOS="1339">
                  <String HEIGHT="52"
                          WIDTH="228"
                          VPOS="874"
                          HPOS="1321"
                          CONTENT="huiusmodi"/>
                  <SP HEIGHT="52" WIDTH="18" VPOS="874" HPOS="1550"/>
                  <String HEIGHT="52"
                          WIDTH="176"
                          VPOS="874"
                          HPOS="1479"
                          CONTENT="subditum"/>
               </TextLine>
               <TextLine ID="r2l36"
                         BASELINE="957"
                         HEIGHT="44"
                         WIDTH="814"
                         VPOS="913"
                         HPOS="1365">
                  <String HEIGHT="44"
                          WIDTH="163"
                          VPOS="913"
                          HPOS="1350"
                          CONTENT="Secundo"/>
                  <SP HEIGHT="44" WIDTH="15" VPOS="913" HPOS="1513"/>
                  <String HEIGHT="44"
                          WIDTH="133"
                          VPOS="913"
                          HPOS="1469"
                          CONTENT="dico,"/>
                  <SP HEIGHT="44" WIDTH="15" VPOS="913" HPOS="1602"/>
                  <String HEIGHT="44"
                          WIDTH="118"
                          VPOS="913"
                          HPOS="1557"
                          CONTENT="quod"/>
                  <SP HEIGHT="44" WIDTH="15" VPOS="913" HPOS="1676"/>
                  <String HEIGHT="44" WIDTH="89" VPOS="913" HPOS="1631" CONTENT="si"/>
                  <SP HEIGHT="44" WIDTH="15" VPOS="913" HPOS="1720"/>
                  <String HEIGHT="44"
                          WIDTH="133"
                          VPOS="913"
                          HPOS="1676"
                          CONTENT="talis"/>
                  <SP HEIGHT="44" WIDTH="15" VPOS="913" HPOS="1809"/>
                  <String HEIGHT="44"
                          WIDTH="178"
                          VPOS="913"
                          HPOS="1765"
                          CONTENT="princeps"/>
                  <SP HEIGHT="44" WIDTH="15" VPOS="913" HPOS="1942"/>
                  <String HEIGHT="44"
                          WIDTH="163"
                          VPOS="913"
                          HPOS="1898"
                          CONTENT="iniuste"/>
                  <SP HEIGHT="44" WIDTH="15" VPOS="913" HPOS="2061"/>
                  <String HEIGHT="44"
                          WIDTH="104"
                          VPOS="913"
                          HPOS="2016"
                          CONTENT="est"/>
                  <SP HEIGHT="44" WIDTH="15" VPOS="913" HPOS="2120"/>
                  <String HEIGHT="44"
                          WIDTH="118"
                          VPOS="913"
                          HPOS="2061"
                          CONTENT="huius"
                          SUBS_TYPE="HypPart1"
                          SUBS_CONTENT="huiusmodi"/>
                  <HYP CONTENT="-"/>
               </TextLine>
               <TextLine ID="r2l38"
                         BASELINE="1008"
                         HEIGHT="52"
                         WIDTH="850"
                         VPOS="956"
                         HPOS="1335">
                  <String HEIGHT="52"
                          WIDTH="133"
                          VPOS="956"
                          HPOS="1318"
                          CONTENT="modi"
                          SUBS_TYPE="HypPart2"
                          SUBS_CONTENT="huiusmodi"/>
                  <SP HEIGHT="52" WIDTH="17" VPOS="956" HPOS="1452"/>
                  <String HEIGHT="52"
                          WIDTH="200"
                          VPOS="956"
                          HPOS="1402"
                          CONTENT="dominium"/>
                  <SP HEIGHT="52" WIDTH="17" VPOS="956" HPOS="1602"/>
                  <String HEIGHT="52"
                          WIDTH="250"
                          VPOS="956"
                          HPOS="1552"
                          CONTENT="consecutus,"/>
                  <SP HEIGHT="52" WIDTH="17" VPOS="956" HPOS="1802"/>
                  <String HEIGHT="52"
                          WIDTH="133"
                          VPOS="956"
                          HPOS="1752"
                          CONTENT="tunc"/>
                  <SP HEIGHT="52" WIDTH="17" VPOS="956" HPOS="1885"/>
                  <String HEIGHT="52"
                          WIDTH="183"
                          VPOS="956"
                          HPOS="1835"
                          CONTENT="subditi"/>
                  <SP HEIGHT="52" WIDTH="17" VPOS="956" HPOS="2018"/>
                  <String HEIGHT="52"
                          WIDTH="117"
                          VPOS="956"
                          HPOS="1968"
                          CONTENT="non"/>
                  <SP HEIGHT="52" WIDTH="17" VPOS="956" HPOS="2085"/>
                  <String HEIGHT="52"
                          WIDTH="167"
                          VPOS="956"
                          HPOS="2018"
                          CONTENT="tenentur"/>
               </TextLine>
               <TextLine ID="r2l40"
                         BASELINE="1038"
                         HEIGHT="46"
                         WIDTH="650"
                         VPOS="992"
                         HPOS="1336">
                  <String HEIGHT="46"
                          WIDTH="118"
                          VPOS="992"
                          HPOS="1321"
                          CONTENT="sibi"/>
                  <SP HEIGHT="46" WIDTH="15" VPOS="992" HPOS="1439"/>
                  <String HEIGHT="46"
                          WIDTH="177"
                          VPOS="992"
                          HPOS="1395"
                          CONTENT="obedire;"/>
                  <SP HEIGHT="46" WIDTH="15" VPOS="992" HPOS="1572"/>
                  <String HEIGHT="46" WIDTH="74" VPOS="992" HPOS="1528" CONTENT="&amp;"/>
                  <SP HEIGHT="46" WIDTH="15" VPOS="992" HPOS="1602"/>
                  <String HEIGHT="46" WIDTH="89" VPOS="992" HPOS="1558" CONTENT="ab"/>
                  <SP HEIGHT="46" WIDTH="15" VPOS="992" HPOS="1646"/>
                  <String HEIGHT="46" WIDTH="89" VPOS="992" HPOS="1602" CONTENT="eo"/>
                  <SP HEIGHT="46" WIDTH="15" VPOS="992" HPOS="1691"/>
                  <String HEIGHT="46"
                          WIDTH="133"
                          VPOS="992"
                          HPOS="1646"
                          CONTENT="iuste"/>
                  <SP HEIGHT="46" WIDTH="15" VPOS="992" HPOS="1779"/>
                  <String HEIGHT="46"
                          WIDTH="163"
                          VPOS="992"
                          HPOS="1735"
                          CONTENT="possunt"/>
                  <SP HEIGHT="46" WIDTH="15" VPOS="992" HPOS="1897"/>
                  <String HEIGHT="46"
                          WIDTH="148"
                          VPOS="992"
                          HPOS="1838"
                          CONTENT="recedere"/>
               </TextLine>
               <TextLine ID="r2l42"
                         BASELINE="1085"
                         HEIGHT="50"
                         WIDTH="806"
                         VPOS="1035"
                         HPOS="1378">
                  <String HEIGHT="50"
                          WIDTH="122"
                          VPOS="1035"
                          HPOS="1363"
                          CONTENT="Quia"/>
                  <SP HEIGHT="50" WIDTH="15" VPOS="1035" HPOS="1484"/>
                  <String HEIGHT="50" WIDTH="91" VPOS="1035" HPOS="1439" CONTENT="ab"/>
                  <SP HEIGHT="50" WIDTH="15" VPOS="1035" HPOS="1530"/>
                  <String HEIGHT="50"
                          WIDTH="167"
                          VPOS="1035"
                          HPOS="1484"
                          CONTENT="iniusto"/>
                  <SP HEIGHT="50" WIDTH="15" VPOS="1035" HPOS="1652"/>
                  <String HEIGHT="50"
                          WIDTH="213"
                          VPOS="1035"
                          HPOS="1606"
                          CONTENT="possessore"/>
                  <SP HEIGHT="50" WIDTH="15" VPOS="1035" HPOS="1819"/>
                  <String HEIGHT="50"
                          WIDTH="137"
                          VPOS="1035"
                          HPOS="1773"
                          CONTENT="iuste"/>
                  <SP HEIGHT="50" WIDTH="15" VPOS="1035" HPOS="1910"/>
                  <String HEIGHT="50"
                          WIDTH="182"
                          VPOS="1035"
                          HPOS="1865"
                          CONTENT="aufertur"/>
                  <SP HEIGHT="50" WIDTH="15" VPOS="1035" HPOS="2047"/>
                  <String HEIGHT="50"
                          WIDTH="152"
                          VPOS="1035"
                          HPOS="2002"
                          CONTENT="illud,"/>
                  <SP HEIGHT="50" WIDTH="15" VPOS="1035" HPOS="2154"/>
                  <String HEIGHT="50"
                          WIDTH="91"
                          VPOS="1035"
                          HPOS="2093"
                          CONTENT="quod"/>
               </TextLine>
               <TextLine ID="r2l44"
                         BASELINE="1127"
                         HEIGHT="51"
                         WIDTH="846"
                         VPOS="1076"
                         HPOS="1334">
                  <String HEIGHT="51"
                          WIDTH="172"
                          VPOS="1076"
                          HPOS="1320"
                          CONTENT="possidet"/>
                  <SP HEIGHT="51" WIDTH="14" VPOS="1076" HPOS="1492"/>
                  <String HEIGHT="51"
                          WIDTH="172"
                          VPOS="1076"
                          HPOS="1449"
                          CONTENT="iniuste:"/>
                  <SP HEIGHT="51" WIDTH="14" VPOS="1076" HPOS="1621"/>
                  <String HEIGHT="51"
                          WIDTH="100"
                          VPOS="1076"
                          HPOS="1578"
                          CONTENT="sed"/>
                  <SP HEIGHT="51" WIDTH="14" VPOS="1076" HPOS="1678"/>
                  <String HEIGHT="51"
                          WIDTH="129"
                          VPOS="1076"
                          HPOS="1635"
                          CONTENT="talis"/>
                  <SP HEIGHT="51" WIDTH="14" VPOS="1076" HPOS="1764"/>
                  <String HEIGHT="51"
                          WIDTH="172"
                          VPOS="1076"
                          HPOS="1721"
                          CONTENT="Tvrannus"/>
                  <SP HEIGHT="51" WIDTH="14" VPOS="1076" HPOS="1893"/>
                  <String HEIGHT="51"
                          WIDTH="158"
                          VPOS="1076"
                          HPOS="1850"
                          CONTENT="iniuste"/>
                  <SP HEIGHT="51" WIDTH="14" VPOS="1076" HPOS="2008"/>
                  <String HEIGHT="51"
                          WIDTH="172"
                          VPOS="1076"
                          HPOS="1965"
                          CONTENT="possidet"/>
                  <SP HEIGHT="51" WIDTH="14" VPOS="1076" HPOS="2137"/>
                  <String HEIGHT="51"
                          WIDTH="100"
                          VPOS="1076"
                          HPOS="2080"
                          CONTENT="huius"/>
               </TextLine>
               <TextLine ID="r2l46"
                         BASELINE="1165"
                         HEIGHT="42"
                         WIDTH="617"
                         VPOS="1123"
                         HPOS="1323">
                  <String HEIGHT="42"
                          WIDTH="133"
                          VPOS="1123"
                          HPOS="1306"
                          CONTENT="modi"/>
                  <SP HEIGHT="42" WIDTH="17" VPOS="1123" HPOS="1440"/>
                  <String HEIGHT="42"
                          WIDTH="217"
                          VPOS="1123"
                          HPOS="1390"
                          CONTENT="dominium,"/>
                  <SP HEIGHT="42" WIDTH="17" VPOS="1123" HPOS="1606"/>
                  <String HEIGHT="42"
                          WIDTH="100"
                          VPOS="1123"
                          HPOS="1556"
                          CONTENT="vt"/>
                  <SP HEIGHT="42" WIDTH="17" VPOS="1123" HPOS="1657"/>
                  <String HEIGHT="42"
                          WIDTH="250"
                          VPOS="1123"
                          HPOS="1606"
                          CONTENT="supponitur,"/>
                  <SP HEIGHT="42" WIDTH="17" VPOS="1123" HPOS="1857"/>
                  <String HEIGHT="42"
                          WIDTH="133"
                          VPOS="1123"
                          HPOS="1807"
                          CONTENT="ergo"/>
                  <SP HEIGHT="42" WIDTH="17" VPOS="1123" HPOS="1940"/>
                  <String HEIGHT="42" WIDTH="67" VPOS="1123" HPOS="1873" CONTENT="&amp;c"/>
               </TextLine>
               <TextLine ID="r2l48"
                         BASELINE="1197"
                         HEIGHT="49"
                         WIDTH="796"
                         VPOS="1148"
                         HPOS="1377">
                  <String HEIGHT="49"
                          WIDTH="150"
                          VPOS="1148"
                          HPOS="1362"
                          CONTENT="Tertio"/>
                  <SP HEIGHT="49" WIDTH="15" VPOS="1148" HPOS="1512"/>
                  <String HEIGHT="49"
                          WIDTH="135"
                          VPOS="1148"
                          HPOS="1467"
                          CONTENT="dico,"/>
                  <SP HEIGHT="49" WIDTH="15" VPOS="1148" HPOS="1602"/>
                  <String HEIGHT="49"
                          WIDTH="120"
                          VPOS="1148"
                          HPOS="1557"
                          CONTENT="quod"/>
                  <SP HEIGHT="49" WIDTH="15" VPOS="1148" HPOS="1677"/>
                  <String HEIGHT="49"
                          WIDTH="135"
                          VPOS="1148"
                          HPOS="1632"
                          CONTENT="dato,"/>
                  <SP HEIGHT="49" WIDTH="15" VPOS="1148" HPOS="1767"/>
                  <String HEIGHT="49"
                          WIDTH="120"
                          VPOS="1148"
                          HPOS="1722"
                          CONTENT="quod"/>
                  <SP HEIGHT="49" WIDTH="15" VPOS="1148" HPOS="1843"/>
                  <String HEIGHT="49"
                          WIDTH="180"
                          VPOS="1148"
                          HPOS="1798"
                          CONTENT="princeps"/>
                  <SP HEIGHT="49" WIDTH="15" VPOS="1148" HPOS="1978"/>
                  <String HEIGHT="49"
                          WIDTH="195"
                          VPOS="1148"
                          HPOS="1933"
                          CONTENT="infidelis"/>
                  <SP HEIGHT="49" WIDTH="15" VPOS="1148" HPOS="2128"/>
                  <String HEIGHT="49"
                          WIDTH="105"
                          VPOS="1148"
                          HPOS="2068"
                          CONTENT="iuste"/>
               </TextLine>
               <TextLine ID="r2l50"
                         BASELINE="1234"
                         HEIGHT="51"
                         WIDTH="839"
                         VPOS="1183"
                         HPOS="1332">
                  <String HEIGHT="51"
                          WIDTH="107"
                          VPOS="1183"
                          HPOS="1317"
                          CONTENT="sit"/>
                  <SP HEIGHT="51" WIDTH="15" VPOS="1183" HPOS="1424"/>
                  <String HEIGHT="51"
                          WIDTH="198"
                          VPOS="1183"
                          HPOS="1378"
                          CONTENT="assecutus"/>
                  <SP HEIGHT="51" WIDTH="15" VPOS="1183" HPOS="1576"/>
                  <String HEIGHT="51"
                          WIDTH="122"
                          VPOS="1183"
                          HPOS="1530"
                          CONTENT="suum"/>
                  <SP HEIGHT="51" WIDTH="15" VPOS="1183" HPOS="1652"/>
                  <String HEIGHT="51"
                          WIDTH="198"
                          VPOS="1183"
                          HPOS="1607"
                          CONTENT="dominium,"/>
                  <SP HEIGHT="51" WIDTH="15" VPOS="1183" HPOS="1805"/>
                  <String HEIGHT="51" WIDTH="92" VPOS="1183" HPOS="1759" CONTENT="si"/>
                  <SP HEIGHT="51" WIDTH="15" VPOS="1183" HPOS="1851"/>
                  <String HEIGHT="51"
                          WIDTH="137"
                          VPOS="1183"
                          HPOS="1805"
                          CONTENT="tamen"/>
                  <SP HEIGHT="51" WIDTH="15" VPOS="1183" HPOS="1942"/>
                  <String HEIGHT="51"
                          WIDTH="153"
                          VPOS="1183"
                          HPOS="1896"
                          CONTENT="vtitur"/>
                  <SP HEIGHT="51" WIDTH="15" VPOS="1183" HPOS="2049"/>
                  <String HEIGHT="51"
                          WIDTH="122"
                          VPOS="1183"
                          HPOS="2003"
                          CONTENT="tali"/>
                  <SP HEIGHT="51" WIDTH="15" VPOS="1183" HPOS="2125"/>
                  <String HEIGHT="51"
                          WIDTH="107"
                          VPOS="1183"
                          HPOS="2064"
                          CONTENT="domi"
                          SUBS_TYPE="HypPart1"
                          SUBS_CONTENT="dominio"/>
                  <HYP CONTENT="-"/>
               </TextLine>
               <TextLine ID="r2l52"
                         BASELINE="1271"
                         HEIGHT="39"
                         WIDTH="851"
                         VPOS="1232"
                         HPOS="1328">
                  <String HEIGHT="39"
                          WIDTH="110"
                          VPOS="1232"
                          HPOS="1312"
                          CONTENT="nio"
                          SUBS_TYPE="HypPart2"
                          SUBS_CONTENT="dominio"/>
                  <SP HEIGHT="39" WIDTH="16" VPOS="1232" HPOS="1423"/>
                  <String HEIGHT="39"
                          WIDTH="189"
                          VPOS="1232"
                          HPOS="1375"
                          CONTENT="iniuste,"/>
                  <SP HEIGHT="39" WIDTH="16" VPOS="1232" HPOS="1564"/>
                  <String HEIGHT="39"
                          WIDTH="126"
                          VPOS="1232"
                          HPOS="1517"
                          CONTENT="puta"/>
                  <SP HEIGHT="39" WIDTH="16" VPOS="1232" HPOS="1643"/>
                  <String HEIGHT="39" WIDTH="95" VPOS="1232" HPOS="1596" CONTENT="ad"/>
                  <SP HEIGHT="39" WIDTH="16" VPOS="1232" HPOS="1690"/>
                  <String HEIGHT="39"
                          WIDTH="236"
                          VPOS="1232"
                          HPOS="1643"
                          CONTENT="blasphemiam"/>
                  <SP HEIGHT="39" WIDTH="16" VPOS="1232" HPOS="1880"/>
                  <String HEIGHT="39"
                          WIDTH="221"
                          VPOS="1232"
                          HPOS="1832"
                          CONTENT="creatoris,"/>
                  <SP HEIGHT="39" WIDTH="16" VPOS="1232" HPOS="2053"/>
                  <String HEIGHT="39"
                          WIDTH="189"
                          VPOS="1232"
                          HPOS="1990"
                          CONTENT="impediendo"/>
               </TextLine>
               <TextLine ID="r2l54"
                         BASELINE="1323"
                         HEIGHT="56"
                         WIDTH="850"
                         VPOS="1267"
                         HPOS="1331">
                  <String HEIGHT="56"
                          WIDTH="185"
                          VPOS="1267"
                          HPOS="1316"
                          CONTENT="subditum"/>
                  <SP HEIGHT="56" WIDTH="15" VPOS="1267" HPOS="1501"/>
                  <String HEIGHT="56"
                          WIDTH="108"
                          VPOS="1267"
                          HPOS="1455"
                          CONTENT="quo"/>
                  <SP HEIGHT="56" WIDTH="15" VPOS="1267" HPOS="1563"/>
                  <String HEIGHT="56" WIDTH="93" VPOS="1267" HPOS="1516" CONTENT="ad"/>
                  <SP HEIGHT="56" WIDTH="15" VPOS="1267" HPOS="1609"/>
                  <String HEIGHT="56"
                          WIDTH="108"
                          VPOS="1267"
                          HPOS="1563"
                          CONTENT="ea,"/>
                  <SP HEIGHT="56" WIDTH="15" VPOS="1267" HPOS="1671"/>
                  <String HEIGHT="56"
                          WIDTH="124"
                          VPOS="1267"
                          HPOS="1625"
                          CONTENT="quae"/>
                  <SP HEIGHT="56" WIDTH="15" VPOS="1267" HPOS="1748"/>
                  <String HEIGHT="56"
                          WIDTH="185"
                          VPOS="1267"
                          HPOS="1702"
                          CONTENT="spectant"/>
                  <SP HEIGHT="56" WIDTH="15" VPOS="1267" HPOS="1887"/>
                  <String HEIGHT="56" WIDTH="93" VPOS="1267" HPOS="1841" CONTENT="ad"/>
                  <SP HEIGHT="56" WIDTH="15" VPOS="1267" HPOS="1934"/>
                  <String HEIGHT="56"
                          WIDTH="139"
                          VPOS="1267"
                          HPOS="1887"
                          CONTENT="fidem"/>
                  <SP HEIGHT="56" WIDTH="15" VPOS="1267" HPOS="2026"/>
                  <String HEIGHT="56"
                          WIDTH="216"
                          VPOS="1267"
                          HPOS="1965"
                          CONTENT="Christianam,"/>
               </TextLine>
               <TextLine ID="r2l56"
                         BASELINE="1349"
                         HEIGHT="43"
                         WIDTH="785"
                         VPOS="1306"
                         HPOS="1325">
                  <String HEIGHT="43"
                          WIDTH="187"
                          VPOS="1306"
                          HPOS="1306"
                          CONTENT="iterum"/>
                  <SP HEIGHT="43" WIDTH="19" VPOS="1306" HPOS="1493"/>
                  <String HEIGHT="43"
                          WIDTH="206"
                          VPOS="1306"
                          HPOS="1437"
                          CONTENT="meretur"/>
                  <SP HEIGHT="43" WIDTH="19" VPOS="1306" HPOS="1643"/>
                  <String HEIGHT="43"
                          WIDTH="206"
                          VPOS="1306"
                          HPOS="1587"
                          CONTENT="perdere"/>
                  <SP HEIGHT="43" WIDTH="19" VPOS="1306" HPOS="1792"/>
                  <String HEIGHT="43"
                          WIDTH="243"
                          VPOS="1306"
                          HPOS="1736"
                          CONTENT="huiusmodi"/>
                  <SP HEIGHT="43" WIDTH="19" VPOS="1306" HPOS="1979"/>
                  <String HEIGHT="43"
                          WIDTH="224"
                          VPOS="1306"
                          HPOS="1923"
                          CONTENT="dominium"/>
                  <SP HEIGHT="43" WIDTH="19" VPOS="1306" HPOS="2147"/>
                  <String HEIGHT="43" WIDTH="37" VPOS="1306" HPOS="2073" CONTENT=""/>
               </TextLine>
               <TextLine ID="r2l58"
                         BASELINE="1391"
                         HEIGHT="43"
                         WIDTH="809"
                         VPOS="1348"
                         HPOS="1370">
                  <String HEIGHT="43" WIDTH="85" VPOS="1348" HPOS="1356" CONTENT="Et"/>
                  <SP HEIGHT="43" WIDTH="14" VPOS="1348" HPOS="1441"/>
                  <String HEIGHT="43"
                          WIDTH="128"
                          VPOS="1348"
                          HPOS="1398"
                          CONTENT="licet"/>
                  <SP HEIGHT="43" WIDTH="14" VPOS="1348" HPOS="1526"/>
                  <String HEIGHT="43"
                          WIDTH="114"
                          VPOS="1348"
                          HPOS="1484"
                          CONTENT="ista"/>
                  <SP HEIGHT="43" WIDTH="14" VPOS="1348" HPOS="1597"/>
                  <String HEIGHT="43"
                          WIDTH="185"
                          VPOS="1348"
                          HPOS="1555"
                          CONTENT="conclusio"/>
                  <SP HEIGHT="43" WIDTH="14" VPOS="1348" HPOS="1739"/>
                  <String HEIGHT="43"
                          WIDTH="142"
                          VPOS="1348"
                          HPOS="1696"
                          CONTENT="pateat"/>
                  <SP HEIGHT="43" WIDTH="14" VPOS="1348" HPOS="1838"/>
                  <String HEIGHT="43" WIDTH="85" VPOS="1348" HPOS="1796" CONTENT="ex"/>
                  <SP HEIGHT="43" WIDTH="14" VPOS="1348" HPOS="1881"/>
                  <String HEIGHT="43"
                          WIDTH="213"
                          VPOS="1348"
                          HPOS="1838"
                          CONTENT="praedictis,"/>
                  <SP HEIGHT="43" WIDTH="14" VPOS="1348" HPOS="2051"/>
                  <String HEIGHT="43"
                          WIDTH="128"
                          VPOS="1348"
                          HPOS="2009"
                          CONTENT="tamen"/>
                  <SP HEIGHT="43" WIDTH="14" VPOS="1348" HPOS="2136"/>
                  <String HEIGHT="43"
                          WIDTH="99"
                          VPOS="1348"
                          HPOS="2080"
                          CONTENT="ipsam"/>
               </TextLine>
               <TextLine ID="r2l60"
                         BASELINE="1431"
                         HEIGHT="43"
                         WIDTH="844"
                         VPOS="1388"
                         HPOS="1336">
                  <String HEIGHT="43"
                          WIDTH="172"
                          VPOS="1388"
                          HPOS="1319"
                          CONTENT="potero"/>
                  <SP HEIGHT="43" WIDTH="17" VPOS="1388" HPOS="1491"/>
                  <String HEIGHT="43"
                          WIDTH="241"
                          VPOS="1388"
                          HPOS="1439"
                          CONTENT="persuaderc"/>
                  <SP HEIGHT="43" WIDTH="17" VPOS="1388" HPOS="1680"/>
                  <String HEIGHT="43"
                          WIDTH="121"
                          VPOS="1388"
                          HPOS="1629"
                          CONTENT="hoc"/>
                  <SP HEIGHT="43" WIDTH="17" VPOS="1388" HPOS="1749"/>
                  <String HEIGHT="43"
                          WIDTH="155"
                          VPOS="1388"
                          HPOS="1698"
                          CONTENT="modo."/>
                  <SP HEIGHT="43" WIDTH="17" VPOS="1388" HPOS="1853"/>
                  <String HEIGHT="43"
                          WIDTH="276"
                          VPOS="1388"
                          HPOS="1801"
                          CONTENT="Quandocumque"/>
                  <SP HEIGHT="43" WIDTH="17" VPOS="1388" HPOS="2077"/>
                  <String HEIGHT="43"
                          WIDTH="138"
                          VPOS="1388"
                          HPOS="2025"
                          CONTENT="idem"/>
                  <SP HEIGHT="43" WIDTH="17" VPOS="1388" HPOS="2163"/>
                  <String HEIGHT="43"
                          WIDTH="86"
                          VPOS="1388"
                          HPOS="2094"
                          CONTENT="sub"/>
               </TextLine>
               <TextLine ID="r2l62"
                         BASELINE="1480"
                         HEIGHT="51"
                         WIDTH="847"
                         VPOS="1429"
                         HPOS="1332">
                  <String HEIGHT="51"
                          WIDTH="141"
                          VPOS="1429"
                          HPOS="1316"
                          CONTENT="ditus"/>
                  <SP HEIGHT="51" WIDTH="16" VPOS="1429" HPOS="1457"/>
                  <String HEIGHT="51"
                          WIDTH="204"
                          VPOS="1429"
                          HPOS="1410"
                          CONTENT="obligatus"/>
                  <SP HEIGHT="51" WIDTH="16" VPOS="1429" HPOS="1614"/>
                  <String HEIGHT="51"
                          WIDTH="110"
                          VPOS="1429"
                          HPOS="1567"
                          CONTENT="est"/>
                  <SP HEIGHT="51" WIDTH="16" VPOS="1429" HPOS="1677"/>
                  <String HEIGHT="51"
                          WIDTH="157"
                          VPOS="1429"
                          HPOS="1630"
                          CONTENT="duobus"/>
                  <SP HEIGHT="51" WIDTH="16" VPOS="1429" HPOS="1787"/>
                  <String HEIGHT="51"
                          WIDTH="188"
                          VPOS="1429"
                          HPOS="1740"
                          CONTENT="dominis,"/>
                  <SP HEIGHT="51" WIDTH="16" VPOS="1429" HPOS="1928"/>
                  <String HEIGHT="51"
                          WIDTH="110"
                          VPOS="1429"
                          HPOS="1881"
                          CONTENT="vni"/>
                  <SP HEIGHT="51" WIDTH="16" VPOS="1429" HPOS="1991"/>
                  <String HEIGHT="51"
                          WIDTH="173"
                          VPOS="1429"
                          HPOS="1944"
                          CONTENT="tamquam"/>
                  <SP HEIGHT="51" WIDTH="16" VPOS="1429" HPOS="2116"/>
                  <String HEIGHT="51"
                          WIDTH="125"
                          VPOS="1429"
                          HPOS="2054"
                          CONTENT="simpli"/>
               </TextLine>
               <TextLine ID="r2l64"
                         BASELINE="1508"
                         HEIGHT="39"
                         WIDTH="844"
                         VPOS="1469"
                         HPOS="1329">
                  <String HEIGHT="39"
                          WIDTH="125"
                          VPOS="1469"
                          HPOS="1315"
                          CONTENT="citer"/>
                  <SP HEIGHT="39" WIDTH="14" VPOS="1469" HPOS="1440"/>
                  <String HEIGHT="39"
                          WIDTH="194"
                          VPOS="1469"
                          HPOS="1398"
                          CONTENT="superiori,"/>
                  <SP HEIGHT="39" WIDTH="14" VPOS="1469" HPOS="1592"/>
                  <String HEIGHT="39" WIDTH="69" VPOS="1469" HPOS="1550" CONTENT="&amp;"/>
                  <SP HEIGHT="39" WIDTH="14" VPOS="1469" HPOS="1620"/>
                  <String HEIGHT="39"
                          WIDTH="138"
                          VPOS="1469"
                          HPOS="1578"
                          CONTENT="alteri"/>
                  <SP HEIGHT="39" WIDTH="14" VPOS="1469" HPOS="1716"/>
                  <String HEIGHT="39"
                          WIDTH="152"
                          VPOS="1469"
                          HPOS="1675"
                          CONTENT="tamquam"/>
                  <SP HEIGHT="39" WIDTH="14" VPOS="1469" HPOS="1827"/>
                  <String HEIGHT="39"
                          WIDTH="194"
                          VPOS="1469"
                          HPOS="1786"
                          CONTENT="inferiori:"/>
                  <SP HEIGHT="39" WIDTH="14" VPOS="1469" HPOS="1979"/>
                  <String HEIGHT="39" WIDTH="83" VPOS="1469" HPOS="1938" CONTENT="si"/>
                  <SP HEIGHT="39" WIDTH="14" VPOS="1469" HPOS="2021"/>
                  <String HEIGHT="39"
                          WIDTH="166"
                          VPOS="1469"
                          HPOS="1979"
                          CONTENT="inferior"/>
                  <SP HEIGHT="39" WIDTH="14" VPOS="1469" HPOS="2145"/>
                  <String HEIGHT="39"
                          WIDTH="83"
                          VPOS="1469"
                          HPOS="2090"
                          CONTENT="prin"/>
               </TextLine>
               <TextLine ID="r2l66"
                         BASELINE="1547"
                         HEIGHT="43"
                         WIDTH="836"
                         VPOS="1504"
                         HPOS="1332">
                  <String HEIGHT="43"
                          WIDTH="122"
                          VPOS="1504"
                          HPOS="1317"
                          CONTENT="ceps"/>
                  <SP HEIGHT="43" WIDTH="15" VPOS="1504" HPOS="1438"/>
                  <String HEIGHT="43"
                          WIDTH="167"
                          VPOS="1504"
                          HPOS="1393"
                          CONTENT="coartat"/>
                  <SP HEIGHT="43" WIDTH="15" VPOS="1504" HPOS="1560"/>
                  <String HEIGHT="43"
                          WIDTH="198"
                          VPOS="1504"
                          HPOS="1514"
                          CONTENT="huiusmodi"/>
                  <SP HEIGHT="43" WIDTH="15" VPOS="1504" HPOS="1712"/>
                  <String HEIGHT="43"
                          WIDTH="182"
                          VPOS="1504"
                          HPOS="1666"
                          CONTENT="subditum"/>
                  <SP HEIGHT="43" WIDTH="15" VPOS="1504" HPOS="1849"/>
                  <String HEIGHT="43"
                          WIDTH="213"
                          VPOS="1504"
                          HPOS="1803"
                          CONTENT="dissentire"/>
                  <SP HEIGHT="43" WIDTH="15" VPOS="1504" HPOS="2016"/>
                  <String HEIGHT="43" WIDTH="76" VPOS="1504" HPOS="1970" CONTENT="a"/>
                  <SP HEIGHT="43" WIDTH="15" VPOS="1504" HPOS="2046"/>
                  <String HEIGHT="43"
                          WIDTH="182"
                          VPOS="1504"
                          HPOS="1986"
                          CONTENT="fidelitate"/>
               </TextLine>
               <TextLine ID="r2l68"
                         BASELINE="1597"
                         HEIGHT="56"
                         WIDTH="854"
                         VPOS="1541"
                         HPOS="1324">
                  <String HEIGHT="56"
                          WIDTH="150"
                          VPOS="1541"
                          HPOS="1309"
                          CONTENT="domini"/>
                  <SP HEIGHT="56" WIDTH="15" VPOS="1541" HPOS="1459"/>
                  <String HEIGHT="56"
                          WIDTH="225"
                          VPOS="1541"
                          HPOS="1414"
                          CONTENT="superioris,"/>
                  <SP HEIGHT="56" WIDTH="15" VPOS="1541" HPOS="1639"/>
                  <String HEIGHT="56"
                          WIDTH="120"
                          VPOS="1541"
                          HPOS="1594"
                          CONTENT="tunc"/>
                  <SP HEIGHT="56" WIDTH="15" VPOS="1541" HPOS="1714"/>
                  <String HEIGHT="56"
                          WIDTH="135"
                          VPOS="1541"
                          HPOS="1669"
                          CONTENT="talis"/>
                  <SP HEIGHT="56" WIDTH="15" VPOS="1541" HPOS="1803"/>
                  <String HEIGHT="56"
                          WIDTH="180"
                          VPOS="1541"
                          HPOS="1758"
                          CONTENT="princeps"/>
                  <SP HEIGHT="56" WIDTH="15" VPOS="1541" HPOS="1938"/>
                  <String HEIGHT="56"
                          WIDTH="180"
                          VPOS="1541"
                          HPOS="1893"
                          CONTENT="secundum"/>
                  <SP HEIGHT="56" WIDTH="15" VPOS="1541" HPOS="2073"/>
                  <String HEIGHT="56"
                          WIDTH="150"
                          VPOS="1541"
                          HPOS="2028"
                          CONTENT="leges,"/>
                  <SP HEIGHT="56" WIDTH="15" VPOS="1541" HPOS="2178"/>
                  <String HEIGHT="56" WIDTH="75" VPOS="1541" HPOS="2133" CONTENT="&amp;"/>
                  <SP HEIGHT="56" WIDTH="15" VPOS="1541" HPOS="2208"/>
                  <String HEIGHT="56" WIDTH="30" VPOS="1541" HPOS="2148" CONTENT=""/>
               </TextLine>
               <TextLine ID="r2l70"
                         BASELINE="1632"
                         HEIGHT="52"
                         WIDTH="868"
                         VPOS="1580"
                         HPOS="1321">
                  <String HEIGHT="52"
                          WIDTH="118"
                          VPOS="1580"
                          HPOS="1306"
                          CONTENT="iura"/>
                  <SP HEIGHT="52" WIDTH="15" VPOS="1580" HPOS="1424"/>
                  <String HEIGHT="52"
                          WIDTH="177"
                          VPOS="1580"
                          HPOS="1380"
                          CONTENT="perdidit"/>
                  <SP HEIGHT="52" WIDTH="15" VPOS="1580" HPOS="1556"/>
                  <String HEIGHT="52"
                          WIDTH="265"
                          VPOS="1580"
                          HPOS="1512"
                          CONTENT="iurisdictionem"/>
                  <SP HEIGHT="52" WIDTH="15" VPOS="1580" HPOS="1777"/>
                  <String HEIGHT="52"
                          WIDTH="177"
                          VPOS="1580"
                          HPOS="1733"
                          CONTENT="respectu"/>
                  <SP HEIGHT="52" WIDTH="15" VPOS="1580" HPOS="1909"/>
                  <String HEIGHT="52"
                          WIDTH="132"
                          VPOS="1580"
                          HPOS="1865"
                          CONTENT="talis"/>
                  <SP HEIGHT="52" WIDTH="15" VPOS="1580" HPOS="1998"/>
                  <String HEIGHT="52"
                          WIDTH="177"
                          VPOS="1580"
                          HPOS="1954"
                          CONTENT="subditi,"/>
                  <SP HEIGHT="52" WIDTH="15" VPOS="1580" HPOS="2130"/>
                  <String HEIGHT="52"
                          WIDTH="103"
                          VPOS="1580"
                          HPOS="2086"
                          CONTENT="nec"/>
                  <SP HEIGHT="52" WIDTH="15" VPOS="1580" HPOS="2189"/>
                  <String HEIGHT="52" WIDTH="59" VPOS="1580" HPOS="2130" CONTENT="hu"/>
               </TextLine>
               <TextLine ID="r2l72"
                         BASELINE="1673"
                         HEIGHT="49"
                         WIDTH="852"
                         VPOS="1624"
                         HPOS="1317">
                  <String HEIGHT="49"
                          WIDTH="170"
                          VPOS="1624"
                          HPOS="1302"
                          CONTENT="iusmodi"/>
                  <SP HEIGHT="49" WIDTH="15" VPOS="1624" HPOS="1472"/>
                  <String HEIGHT="49"
                          WIDTH="186"
                          VPOS="1624"
                          HPOS="1425"
                          CONTENT="subditus"/>
                  <SP HEIGHT="49" WIDTH="15" VPOS="1624" HPOS="1611"/>
                  <String HEIGHT="49" WIDTH="93" VPOS="1624" HPOS="1565" CONTENT="ad"/>
                  <SP HEIGHT="49" WIDTH="15" VPOS="1624" HPOS="1658"/>
                  <String HEIGHT="49"
                          WIDTH="124"
                          VPOS="1624"
                          HPOS="1611"
                          CONTENT="eius"/>
                  <SP HEIGHT="49" WIDTH="15" VPOS="1624" HPOS="1735"/>
                  <String HEIGHT="49"
                          WIDTH="217"
                          VPOS="1624"
                          HPOS="1689"
                          CONTENT="obedietiam"/>
                  <SP HEIGHT="49" WIDTH="15" VPOS="1624" HPOS="1906"/>
                  <String HEIGHT="49"
                          WIDTH="186"
                          VPOS="1624"
                          HPOS="1859"
                          CONTENT="vlterius"/>
                  <SP HEIGHT="49" WIDTH="15" VPOS="1624" HPOS="2045"/>
                  <String HEIGHT="49"
                          WIDTH="186"
                          VPOS="1624"
                          HPOS="1983"
                          CONTENT="obligatur,"/>
               </TextLine>
               <TextLine ID="r2l74"
                         BASELINE="1716"
                         HEIGHT="58"
                         WIDTH="851"
                         VPOS="1658"
                         HPOS="1324">
                  <String HEIGHT="58"
                          WIDTH="115"
                          VPOS="1658"
                          HPOS="1308"
                          CONTENT="sed"/>
                  <SP HEIGHT="58" WIDTH="16" VPOS="1658" HPOS="1422"/>
                  <String HEIGHT="58"
                          WIDTH="131"
                          VPOS="1658"
                          HPOS="1373"
                          CONTENT="Deus"/>
                  <SP HEIGHT="58" WIDTH="16" VPOS="1658" HPOS="1504"/>
                  <String HEIGHT="58"
                          WIDTH="115"
                          VPOS="1658"
                          HPOS="1455"
                          CONTENT="est"/>
                  <SP HEIGHT="58" WIDTH="16" VPOS="1658" HPOS="1569"/>
                  <String HEIGHT="58"
                          WIDTH="164"
                          VPOS="1658"
                          HPOS="1520"
                          CONTENT="summus"/>
                  <SP HEIGHT="58" WIDTH="16" VPOS="1658" HPOS="1684"/>
                  <String HEIGHT="58"
                          WIDTH="196"
                          VPOS="1658"
                          HPOS="1635"
                          CONTENT="dominus,"/>
                  <SP HEIGHT="58" WIDTH="16" VPOS="1658" HPOS="1831"/>
                  <String HEIGHT="58" WIDTH="82" VPOS="1658" HPOS="1782" CONTENT="&amp;"/>
                  <SP HEIGHT="58" WIDTH="16" VPOS="1658" HPOS="1864"/>
                  <String HEIGHT="58"
                          WIDTH="327"
                          VPOS="1658"
                          HPOS="1815"
                          CONTENT="vuiuersalissimus"/>
                  <SP HEIGHT="58" WIDTH="16" VPOS="1658" HPOS="2142"/>
                  <String HEIGHT="58"
                          WIDTH="98"
                          VPOS="1658"
                          HPOS="2077"
                          CONTENT="lmpe"/>
               </TextLine>
               <TextLine ID="r2l76"
                         BASELINE="1758"
                         HEIGHT="52"
                         WIDTH="836"
                         VPOS="1706"
                         HPOS="1329">
                  <String HEIGHT="52"
                          WIDTH="152"
                          VPOS="1706"
                          HPOS="1314"
                          CONTENT="rator,"/>
                  <SP HEIGHT="52" WIDTH="15" VPOS="1706" HPOS="1466"/>
                  <String HEIGHT="52"
                          WIDTH="182"
                          VPOS="1706"
                          HPOS="1420"
                          CONTENT="respectu"/>
                  <SP HEIGHT="52" WIDTH="15" VPOS="1706" HPOS="1603"/>
                  <String HEIGHT="52"
                          WIDTH="137"
                          VPOS="1706"
                          HPOS="1557"
                          CONTENT="cuius"/>
                  <SP HEIGHT="52" WIDTH="15" VPOS="1706" HPOS="1694"/>
                  <String HEIGHT="52"
                          WIDTH="137"
                          VPOS="1706"
                          HPOS="1648"
                          CONTENT="omnis"/>
                  <SP HEIGHT="52" WIDTH="15" VPOS="1706" HPOS="1785"/>
                  <String HEIGHT="52"
                          WIDTH="182"
                          VPOS="1706"
                          HPOS="1739"
                          CONTENT="princeps"/>
                  <SP HEIGHT="52" WIDTH="15" VPOS="1706" HPOS="1922"/>
                  <String HEIGHT="52"
                          WIDTH="137"
                          VPOS="1706"
                          HPOS="1876"
                          CONTENT="huius"/>
                  <SP HEIGHT="52" WIDTH="15" VPOS="1706" HPOS="2013"/>
                  <String HEIGHT="52"
                          WIDTH="137"
                          VPOS="1706"
                          HPOS="1967"
                          CONTENT="mundi"/>
                  <SP HEIGHT="52" WIDTH="15" VPOS="1706" HPOS="2104"/>
                  <String HEIGHT="52"
                          WIDTH="106"
                          VPOS="1706"
                          HPOS="2059"
                          CONTENT="est"/>
                  <SP HEIGHT="52" WIDTH="15" VPOS="1706" HPOS="2165"/>
                  <String HEIGHT="52" WIDTH="61" VPOS="1706" HPOS="2104" CONTENT="in"/>
               </TextLine>
               <TextLine ID="r2l78"
                         BASELINE="1789"
                         HEIGHT="53"
                         WIDTH="222"
                         VPOS="1736"
                         HPOS="1325">
                  <String HEIGHT="53"
                          WIDTH="163"
                          VPOS="1736"
                          HPOS="1310"
                          CONTENT="ferior;"/>
                  <SP HEIGHT="53" WIDTH="15" VPOS="1736" HPOS="1473"/>
                  <String HEIGHT="53"
                          WIDTH="118"
                          VPOS="1736"
                          HPOS="1429"
                          CONTENT="ergo"/>
                  <SP HEIGHT="53" WIDTH="15" VPOS="1736" HPOS="1547"/>
                  <String HEIGHT="53" WIDTH="59" VPOS="1736" HPOS="1488" CONTENT="&amp;c"/>
               </TextLine>
               <TextLine ID="r2l80"
                         BASELINE="1833"
                         HEIGHT="47"
                         WIDTH="811"
                         VPOS="1786"
                         HPOS="1354">
                  <String HEIGHT="47"
                          WIDTH="101"
                          VPOS="1786"
                          HPOS="1337"
                          CONTENT="Ad"/>
                  <SP HEIGHT="47" WIDTH="17" VPOS="1786" HPOS="1438"/>
                  <String HEIGHT="47"
                          WIDTH="237"
                          VPOS="1786"
                          HPOS="1388"
                          CONTENT="argumentum"/>
                  <SP HEIGHT="47" WIDTH="17" VPOS="1786" HPOS="1624"/>
                  <String HEIGHT="47"
                          WIDTH="237"
                          VPOS="1786"
                          HPOS="1574"
                          CONTENT="principale"/>
                  <SP HEIGHT="47" WIDTH="17" VPOS="1786" HPOS="1810"/>
                  <String HEIGHT="47"
                          WIDTH="220"
                          VPOS="1786"
                          HPOS="1760"
                          CONTENT="dicendum,"/>
                  <SP HEIGHT="47" WIDTH="17" VPOS="1786" HPOS="1979"/>
                  <String HEIGHT="47"
                          WIDTH="135"
                          VPOS="1786"
                          HPOS="1928"
                          CONTENT="quod"/>
                  <SP HEIGHT="47" WIDTH="17" VPOS="1786" HPOS="2064"/>
                  <String HEIGHT="47"
                          WIDTH="118"
                          VPOS="1786"
                          HPOS="2013"
                          CONTENT="per"/>
                  <SP HEIGHT="47" WIDTH="17" VPOS="1786" HPOS="2131"/>
                  <String HEIGHT="47"
                          WIDTH="101"
                          VPOS="1786"
                          HPOS="2064"
                          CONTENT="ill"
                          SUBS_TYPE="HypPart1"
                          SUBS_CONTENT="illverba"/>
                  <HYP CONTENT="-"/>
               </TextLine>
               <TextLine ID="r2l82"
                         BASELINE="1867"
                         HEIGHT="54"
                         WIDTH="839"
                         VPOS="1813"
                         HPOS="1329">
                  <String HEIGHT="54"
                          WIDTH="142"
                          VPOS="1813"
                          HPOS="1313"
                          CONTENT="verba"
                          SUBS_TYPE="HypPart2"
                          SUBS_CONTENT="illverba"/>
                  <SP HEIGHT="54" WIDTH="16" VPOS="1813" HPOS="1456"/>
                  <String HEIGHT="54"
                          WIDTH="111"
                          VPOS="1813"
                          HPOS="1408"
                          CONTENT="non"/>
                  <SP HEIGHT="54" WIDTH="16" VPOS="1813" HPOS="1519"/>
                  <String HEIGHT="54"
                          WIDTH="190"
                          VPOS="1813"
                          HPOS="1471"
                          CONTENT="intendit"/>
                  <SP HEIGHT="54" WIDTH="16" VPOS="1813" HPOS="1661"/>
                  <String HEIGHT="54"
                          WIDTH="158"
                          VPOS="1813"
                          HPOS="1614"
                          CONTENT="beatus"/>
                  <SP HEIGHT="54" WIDTH="16" VPOS="1813" HPOS="1772"/>
                  <String HEIGHT="54"
                          WIDTH="190"
                          VPOS="1813"
                          HPOS="1725"
                          CONTENT="soannes,"/>
                  <SP HEIGHT="54" WIDTH="16" VPOS="1813" HPOS="1915"/>
                  <String HEIGHT="54"
                          WIDTH="127"
                          VPOS="1813"
                          HPOS="1867"
                          CONTENT="quod"/>
                  <SP HEIGHT="54" WIDTH="16" VPOS="1813" HPOS="1994"/>
                  <String HEIGHT="54"
                          WIDTH="174"
                          VPOS="1813"
                          HPOS="1946"
                          CONTENT="aliquod"/>
                  <SP HEIGHT="54" WIDTH="16" VPOS="1813" HPOS="2121"/>
                  <String HEIGHT="54"
                          WIDTH="111"
                          VPOS="1813"
                          HPOS="2057"
                          CONTENT="pecca"/>
               </TextLine>
               <TextLine ID="r2l84"
                         BASELINE="1908"
                         HEIGHT="47"
                         WIDTH="851"
                         VPOS="1861"
                         HPOS="1320">
                  <String HEIGHT="47"
                          WIDTH="115"
                          VPOS="1861"
                          HPOS="1304"
                          CONTENT="tum"/>
                  <SP HEIGHT="47" WIDTH="16" VPOS="1861" HPOS="1418"/>
                  <String HEIGHT="47"
                          WIDTH="278"
                          VPOS="1861"
                          HPOS="1369"
                          CONTENT="quamuiscumque"/>
                  <SP HEIGHT="47" WIDTH="16" VPOS="1861" HPOS="1647"/>
                  <String HEIGHT="47"
                          WIDTH="164"
                          VPOS="1861"
                          HPOS="1598"
                          CONTENT="magnum"/>
                  <SP HEIGHT="47" WIDTH="16" VPOS="1861" HPOS="1762"/>
                  <String HEIGHT="47"
                          WIDTH="115"
                          VPOS="1861"
                          HPOS="1713"
                          CONTENT="sit"/>
                  <SP HEIGHT="47" WIDTH="16" VPOS="1861" HPOS="1827"/>
                  <String HEIGHT="47"
                          WIDTH="213"
                          VPOS="1861"
                          HPOS="1778"
                          CONTENT="totaliter"/>
                  <SP HEIGHT="47" WIDTH="16" VPOS="1861" HPOS="1991"/>
                  <String HEIGHT="47"
                          WIDTH="245"
                          VPOS="1861"
                          HPOS="1926"
                          CONTENT="irremissibile"/>
               </TextLine>
               <TextLine ID="r2l86"
                         BASELINE="1948"
                         HEIGHT="46"
                         WIDTH="836"
                         VPOS="1902"
                         HPOS="1329">
                  <String HEIGHT="46"
                          WIDTH="177"
                          VPOS="1902"
                          HPOS="1313"
                          CONTENT="quamdiu"/>
                  <SP HEIGHT="46" WIDTH="16" VPOS="1902" HPOS="1490"/>
                  <String HEIGHT="46"
                          WIDTH="145"
                          VPOS="1902"
                          HPOS="1442"
                          CONTENT="viuit"/>
                  <SP HEIGHT="46" WIDTH="16" VPOS="1902" HPOS="1586"/>
                  <String HEIGHT="46"
                          WIDTH="129"
                          VPOS="1902"
                          HPOS="1538"
                          CONTENT="homo"/>
                  <SP HEIGHT="46" WIDTH="16" VPOS="1902" HPOS="1667"/>
                  <String HEIGHT="46" WIDTH="96" VPOS="1902" HPOS="1618" CONTENT="in"/>
                  <SP HEIGHT="46" WIDTH="16" VPOS="1902" HPOS="1715"/>
                  <String HEIGHT="46"
                          WIDTH="113"
                          VPOS="1902"
                          HPOS="1667"
                          CONTENT="hoc"/>
                  <SP HEIGHT="46" WIDTH="16" VPOS="1902" HPOS="1779"/>
                  <String HEIGHT="46"
                          WIDTH="161"
                          VPOS="1902"
                          HPOS="1731"
                          CONTENT="mundo,"/>
                  <SP HEIGHT="46" WIDTH="16" VPOS="1902" HPOS="1892"/>
                  <String HEIGHT="46"
                          WIDTH="113"
                          VPOS="1902"
                          HPOS="1843"
                          CONTENT="sed"/>
                  <SP HEIGHT="46" WIDTH="16" VPOS="1902" HPOS="1956"/>
                  <String HEIGHT="46"
                          WIDTH="193"
                          VPOS="1902"
                          HPOS="1908"
                          CONTENT="intendit"/>
                  <SP HEIGHT="46" WIDTH="16" VPOS="1902" HPOS="2101"/>
                  <String HEIGHT="46"
                          WIDTH="129"
                          VPOS="1902"
                          HPOS="2036"
                          CONTENT="dicers"/>
               </TextLine>
               <TextLine ID="r2l88"
                         BASELINE="1992"
                         HEIGHT="50"
                         WIDTH="838"
                         VPOS="1942"
                         HPOS="1333">
                  <String HEIGHT="50"
                          WIDTH="122"
                          VPOS="1942"
                          HPOS="1318"
                          CONTENT="quod"/>
                  <SP HEIGHT="50" WIDTH="15" VPOS="1942" HPOS="1440"/>
                  <String HEIGHT="50"
                          WIDTH="107"
                          VPOS="1942"
                          HPOS="1394"
                          CONTENT="sit"/>
                  <SP HEIGHT="50" WIDTH="15" VPOS="1942" HPOS="1501"/>
                  <String HEIGHT="50"
                          WIDTH="137"
                          VPOS="1942"
                          HPOS="1455"
                          CONTENT="valde"/>
                  <SP HEIGHT="50" WIDTH="15" VPOS="1942" HPOS="1592"/>
                  <String HEIGHT="50"
                          WIDTH="198"
                          VPOS="1942"
                          HPOS="1546"
                          CONTENT="difficile"/>
                  <SP HEIGHT="50" WIDTH="15" VPOS="1942" HPOS="1744"/>
                  <String HEIGHT="50"
                          WIDTH="183"
                          VPOS="1942"
                          HPOS="1699"
                          CONTENT="obtinere"/>
                  <SP HEIGHT="50" WIDTH="15" VPOS="1942" HPOS="1882"/>
                  <String HEIGHT="50"
                          WIDTH="229"
                          VPOS="1942"
                          HPOS="1836"
                          CONTENT="remissionem"/>
                  <SP HEIGHT="50" WIDTH="15" VPOS="1942" HPOS="2064"/>
                  <String HEIGHT="50" WIDTH="91" VPOS="1942" HPOS="2019" CONTENT="de"/>
                  <SP HEIGHT="50" WIDTH="15" VPOS="1942" HPOS="2110"/>
                  <String HEIGHT="50"
                          WIDTH="122"
                          VPOS="1942"
                          HPOS="2049"
                          CONTENT="huius"
                          SUBS_TYPE="HypPart1"
                          SUBS_CONTENT="huiusmodi"/>
                  <HYP CONTENT="-"/>
               </TextLine>
               <TextLine ID="r2l90"
                         BASELINE="2034"
                         HEIGHT="50"
                         WIDTH="842"
                         VPOS="1984"
                         HPOS="1336">
                  <String HEIGHT="50"
                          WIDTH="125"
                          VPOS="1984"
                          HPOS="1320"
                          CONTENT="modi"
                          SUBS_TYPE="HypPart2"
                          SUBS_CONTENT="huiusmodi"/>
                  <SP HEIGHT="50" WIDTH="16" VPOS="1984" HPOS="1445"/>
                  <String HEIGHT="50"
                          WIDTH="281"
                          VPOS="1984"
                          HPOS="1398"
                          CONTENT="nephandissimis"/>
                  <SP HEIGHT="50" WIDTH="16" VPOS="1984" HPOS="1679"/>
                  <String HEIGHT="50"
                          WIDTH="203"
                          VPOS="1984"
                          HPOS="1632"
                          CONTENT="peccatis;"/>
                  <SP HEIGHT="50" WIDTH="16" VPOS="1984" HPOS="1835"/>
                  <String HEIGHT="50" WIDTH="78" VPOS="1984" HPOS="1788" CONTENT="&amp;"/>
                  <SP HEIGHT="50" WIDTH="16" VPOS="1984" HPOS="1866"/>
                  <String HEIGHT="50"
                          WIDTH="125"
                          VPOS="1984"
                          HPOS="1819"
                          CONTENT="ideo"/>
                  <SP HEIGHT="50" WIDTH="16" VPOS="1984" HPOS="1944"/>
                  <String HEIGHT="50"
                          WIDTH="109"
                          VPOS="1984"
                          HPOS="1897"
                          CONTENT="non"/>
                  <SP HEIGHT="50" WIDTH="16" VPOS="1984" HPOS="2006"/>
                  <String HEIGHT="50"
                          WIDTH="109"
                          VPOS="1984"
                          HPOS="1960"
                          CONTENT="per"/>
                  <SP HEIGHT="50" WIDTH="16" VPOS="1984" HPOS="2069"/>
                  <String HEIGHT="50"
                          WIDTH="172"
                          VPOS="1984"
                          HPOS="2006"
                          CONTENT="orationem"/>
               </TextLine>
               <TextLine ID="r2l92"
                         BASELINE="2070"
                         HEIGHT="50"
                         WIDTH="851"
                         VPOS="2020"
                         HPOS="1324">
                  <String HEIGHT="50"
                          WIDTH="213"
                          VPOS="2020"
                          HPOS="1309"
                          CONTENT="cuiuslibet"/>
                  <SP HEIGHT="50" WIDTH="15" VPOS="2020" HPOS="1522"/>
                  <String HEIGHT="50"
                          WIDTH="198"
                          VPOS="2020"
                          HPOS="1476"
                          CONTENT="mediocris"/>
                  <SP HEIGHT="50" WIDTH="15" VPOS="2020" HPOS="1674"/>
                  <String HEIGHT="50"
                          WIDTH="213"
                          VPOS="2020"
                          HPOS="1628"
                          CONTENT="Christiani"/>
                  <SP HEIGHT="50" WIDTH="15" VPOS="2020" HPOS="1841"/>
                  <String HEIGHT="50"
                          WIDTH="198"
                          VPOS="2020"
                          HPOS="1795"
                          CONTENT="reducitur"/>
                  <SP HEIGHT="50" WIDTH="15" VPOS="2020" HPOS="1993"/>
                  <String HEIGHT="50"
                          WIDTH="137"
                          VPOS="2020"
                          HPOS="1947"
                          CONTENT="talis"/>
                  <SP HEIGHT="50" WIDTH="15" VPOS="2020" HPOS="2084"/>
                  <String HEIGHT="50"
                          WIDTH="152"
                          VPOS="2020"
                          HPOS="2023"
                          CONTENT="peccator"/>
               </TextLine>
               <TextLine ID="r2l94"
                         BASELINE="2102"
                         HEIGHT="42"
                         WIDTH="839"
                         VPOS="2060"
                         HPOS="1320">
                  <String HEIGHT="42"
                          WIDTH="101"
                          VPOS="2060"
                          HPOS="1303"
                          CONTENT="ad"/>
                  <SP HEIGHT="42" WIDTH="17" VPOS="2060" HPOS="1404"/>
                  <String HEIGHT="42"
                          WIDTH="218"
                          VPOS="2060"
                          HPOS="1354"
                          CONTENT="condignam"/>
                  <SP HEIGHT="42" WIDTH="17" VPOS="2060" HPOS="1572"/>
                  <String HEIGHT="42"
                          WIDTH="285"
                          VPOS="2060"
                          HPOS="1521"
                          CONTENT="poenitentiam,"/>
                  <SP HEIGHT="42" WIDTH="17" VPOS="2060" HPOS="1807"/>
                  <String HEIGHT="42"
                          WIDTH="117"
                          VPOS="2060"
                          HPOS="1756"
                          CONTENT="sed"/>
                  <SP HEIGHT="42" WIDTH="17" VPOS="2060" HPOS="1874"/>
                  <String HEIGHT="42"
                          WIDTH="151"
                          VPOS="2060"
                          HPOS="1823"
                          CONTENT="solum"/>
                  <SP HEIGHT="42" WIDTH="17" VPOS="2060" HPOS="1974"/>
                  <String HEIGHT="42"
                          WIDTH="117"
                          VPOS="2060"
                          HPOS="1924"
                          CONTENT="per"/>
                  <SP HEIGHT="42" WIDTH="17" VPOS="2060" HPOS="2042"/>
                  <String HEIGHT="42"
                          WIDTH="185"
                          VPOS="2060"
                          HPOS="1974"
                          CONTENT="orationem"/>
               </TextLine>
               <TextLine ID="r2l96"
                         BASELINE="2150"
                         HEIGHT="51"
                         WIDTH="836"
                         VPOS="2099"
                         HPOS="1326">
                  <String HEIGHT="51"
                          WIDTH="268"
                          VPOS="2099"
                          HPOS="1310"
                          CONTENT="excellentium,"/>
                  <SP HEIGHT="51" WIDTH="16" VPOS="2099" HPOS="1578"/>
                  <String HEIGHT="51" WIDTH="79" VPOS="2099" HPOS="1531" CONTENT="&amp;"/>
                  <SP HEIGHT="51" WIDTH="16" VPOS="2099" HPOS="1610"/>
                  <String HEIGHT="51"
                          WIDTH="284"
                          VPOS="2099"
                          HPOS="1563"
                          CONTENT="deuotissimorum"/>
                  <SP HEIGHT="51" WIDTH="16" VPOS="2099" HPOS="1847"/>
                  <String HEIGHT="51"
                          WIDTH="205"
                          VPOS="2099"
                          HPOS="1799"
                          CONTENT="fidelium."/>
                  <SP HEIGHT="51" WIDTH="16" VPOS="2099" HPOS="2004"/>
                  <String HEIGHT="51"
                          WIDTH="142"
                          VPOS="2099"
                          HPOS="1957"
                          CONTENT="Etiam"/>
                  <SP HEIGHT="51" WIDTH="16" VPOS="2099" HPOS="2099"/>
                  <String HEIGHT="51"
                          WIDTH="126"
                          VPOS="2099"
                          HPOS="2036"
                          CONTENT="posset"/>
               </TextLine>
               <TextLine ID="r2l98"
                         BASELINE="2182"
                         HEIGHT="48"
                         WIDTH="832"
                         VPOS="2134"
                         HPOS="1326">
                  <String HEIGHT="48"
                          WIDTH="141"
                          VPOS="2134"
                          HPOS="1310"
                          CONTENT="dici,"/>
                  <SP HEIGHT="48" WIDTH="16" VPOS="2134" HPOS="1452"/>
                  <String HEIGHT="48"
                          WIDTH="126"
                          VPOS="2134"
                          HPOS="1404"
                          CONTENT="quod"/>
                  <SP HEIGHT="48" WIDTH="16" VPOS="2134" HPOS="1530"/>
                  <String HEIGHT="48"
                          WIDTH="157"
                          VPOS="2134"
                          HPOS="1483"
                          CONTENT="beatus"/>
                  <SP HEIGHT="48" WIDTH="16" VPOS="2134" HPOS="1640"/>
                  <String HEIGHT="48"
                          WIDTH="173"
                          VPOS="2134"
                          HPOS="1593"
                          CONTENT="loannes"/>
                  <SP HEIGHT="48" WIDTH="16" VPOS="2134" HPOS="1766"/>
                  <String HEIGHT="48"
                          WIDTH="110"
                          VPOS="2134"
                          HPOS="1718"
                          CONTENT="per"/>
                  <SP HEIGHT="48" WIDTH="16" VPOS="2134" HPOS="1828"/>
                  <String HEIGHT="48"
                          WIDTH="141"
                          VPOS="2134"
                          HPOS="1781"
                          CONTENT="illud"/>
                  <SP HEIGHT="48" WIDTH="16" VPOS="2134" HPOS="1923"/>
                  <String HEIGHT="48"
                          WIDTH="188"
                          VPOS="2134"
                          HPOS="1875"
                          CONTENT="peccatum"/>
                  <SP HEIGHT="48" WIDTH="16" VPOS="2134" HPOS="2064"/>
                  <String HEIGHT="48" WIDTH="94" VPOS="2134" HPOS="2017" CONTENT="in"/>
                  <SP HEIGHT="48" WIDTH="16" VPOS="2134" HPOS="2111"/>
                  <String HEIGHT="48"
                          WIDTH="110"
                          VPOS="2134"
                          HPOS="2048"
                          CONTENT="morto"/>
               </TextLine>
               <TextLine ID="r2l100"
                         BASELINE="2221"
                         HEIGHT="54"
                         WIDTH="854"
                         VPOS="2167"
                         HPOS="1319">
                  <String HEIGHT="54"
                          WIDTH="217"
                          VPOS="2167"
                          HPOS="1303"
                          CONTENT="intelligit"/>
                  <SP HEIGHT="54" WIDTH="16" VPOS="2167" HPOS="1521"/>
                  <String HEIGHT="54"
                          WIDTH="186"
                          VPOS="2167"
                          HPOS="1474"
                          CONTENT="peccatum"/>
                  <SP HEIGHT="54" WIDTH="16" VPOS="2167" HPOS="1661"/>
                  <String HEIGHT="54" WIDTH="93" VPOS="2167" HPOS="1614" CONTENT="in"/>
                  <SP HEIGHT="54" WIDTH="16" VPOS="2167" HPOS="1707"/>
                  <String HEIGHT="54"
                          WIDTH="186"
                          VPOS="2167"
                          HPOS="1661"
                          CONTENT="spiritum"/>
                  <SP HEIGHT="54" WIDTH="16" VPOS="2167" HPOS="1847"/>
                  <String HEIGHT="54"
                          WIDTH="171"
                          VPOS="2167"
                          HPOS="1800"
                          CONTENT="sanctum"/>
                  <SP HEIGHT="54" WIDTH="16" VPOS="2167" HPOS="1971"/>
                  <String HEIGHT="54" WIDTH="93" VPOS="2167" HPOS="1925" CONTENT="ex"/>
                  <SP HEIGHT="54" WIDTH="16" VPOS="2167" HPOS="2018"/>
                  <String HEIGHT="54"
                          WIDTH="124"
                          VPOS="2167"
                          HPOS="1971"
                          CONTENT="illa"/>
                  <SP HEIGHT="54" WIDTH="16" VPOS="2167" HPOS="2095"/>
                  <String HEIGHT="54"
                          WIDTH="140"
                          VPOS="2167"
                          HPOS="2033"
                          CONTENT="circum"
                          SUBS_TYPE="HypPart1"
                          SUBS_CONTENT="circumstantia,"/>
                  <HYP CONTENT="-"/>
               </TextLine>
               <TextLine ID="r2l102"
                         BASELINE="2264"
                         HEIGHT="54"
                         WIDTH="844"
                         VPOS="2210"
                         HPOS="1320">
                  <String HEIGHT="54"
                          WIDTH="163"
                          VPOS="2210"
                          HPOS="1306"
                          CONTENT="stantia,"
                          SUBS_TYPE="HypPart2"
                          SUBS_CONTENT="circumstantia,"/>
                  <SP HEIGHT="54" WIDTH="14" VPOS="2210" HPOS="1470"/>
                  <String HEIGHT="54"
                          WIDTH="109"
                          VPOS="2210"
                          HPOS="1429"
                          CONTENT="quae"/>
                  <SP HEIGHT="54" WIDTH="14" VPOS="2210" HPOS="1538"/>
                  <String HEIGHT="54"
                          WIDTH="95"
                          VPOS="2210"
                          HPOS="1497"
                          CONTENT="est"/>
                  <SP HEIGHT="54" WIDTH="14" VPOS="2210" HPOS="1592"/>
                  <String HEIGHT="54"
                          WIDTH="150"
                          VPOS="2210"
                          HPOS="1551"
                          CONTENT="finalis"/>
                  <SP HEIGHT="54" WIDTH="14" VPOS="2210" HPOS="1701"/>
                  <String HEIGHT="54"
                          WIDTH="245"
                          VPOS="2210"
                          HPOS="1660"
                          CONTENT="impoenitentia:"/>
                  <SP HEIGHT="54" WIDTH="14" VPOS="2210" HPOS="1905"/>
                  <String HEIGHT="54"
                          WIDTH="109"
                          VPOS="2210"
                          HPOS="1865"
                          CONTENT="quia"/>
                  <SP HEIGHT="54" WIDTH="14" VPOS="2210" HPOS="1973"/>
                  <String HEIGHT="54"
                          WIDTH="95"
                          VPOS="2210"
                          HPOS="1933"
                          CONTENT="vbi"/>
                  <SP HEIGHT="54" WIDTH="14" VPOS="2210" HPOS="2028"/>
                  <String HEIGHT="54" WIDTH="82" VPOS="2210" HPOS="1987" CONTENT="de"/>
                  <SP HEIGHT="54" WIDTH="14" VPOS="2210" HPOS="2069"/>
                  <String HEIGHT="54"
                          WIDTH="123"
                          VPOS="2210"
                          HPOS="2028"
                          CONTENT="certo"/>
                  <SP HEIGHT="54" WIDTH="14" VPOS="2210" HPOS="2150"/>
                  <String HEIGHT="54"
                          WIDTH="68"
                          VPOS="2210"
                          HPOS="2096"
                          CONTENT="con"/>
               </TextLine>
               <TextLine ID="r2l104"
                         BASELINE="2291"
                         HEIGHT="41"
                         WIDTH="840"
                         VPOS="2250"
                         HPOS="1316">
                  <String HEIGHT="41"
                          WIDTH="147"
                          VPOS="2250"
                          HPOS="1301"
                          CONTENT="staret"/>
                  <SP HEIGHT="41" WIDTH="15" VPOS="2250" HPOS="1449"/>
                  <String HEIGHT="41"
                          WIDTH="162"
                          VPOS="2250"
                          HPOS="1404"
                          CONTENT="aliquem"/>
                  <SP HEIGHT="41" WIDTH="15" VPOS="2250" HPOS="1567"/>
                  <String HEIGHT="41" WIDTH="88" VPOS="2250" HPOS="1522" CONTENT="in"/>
                  <SP HEIGHT="41" WIDTH="15" VPOS="2250" HPOS="1611"/>
                  <String HEIGHT="41"
                          WIDTH="162"
                          VPOS="2250"
                          HPOS="1567"
                          CONTENT="peccato"/>
                  <SP HEIGHT="41" WIDTH="15" VPOS="2250" HPOS="1729"/>
                  <String HEIGHT="41"
                          WIDTH="162"
                          VPOS="2250"
                          HPOS="1684"
                          CONTENT="mortali"/>
                  <SP HEIGHT="41" WIDTH="15" VPOS="2250" HPOS="1847"/>
                  <String HEIGHT="41"
                          WIDTH="118"
                          VPOS="2250"
                          HPOS="1802"
                          CONTENT="sine"/>
                  <SP HEIGHT="41" WIDTH="15" VPOS="2250" HPOS="1920"/>
                  <String HEIGHT="41"
                          WIDTH="221"
                          VPOS="2250"
                          HPOS="1876"
                          CONTENT="poenitentia"/>
                  <SP HEIGHT="41" WIDTH="15" VPOS="2250" HPOS="2097"/>
                  <String HEIGHT="41" WIDTH="88" VPOS="2250" HPOS="2053" CONTENT="ab"/>
                  <SP HEIGHT="41" WIDTH="15" VPOS="2250" HPOS="2141"/>
                  <String HEIGHT="41"
                          WIDTH="74"
                          VPOS="2250"
                          HPOS="2082"
                          CONTENT="ha"
                          SUBS_TYPE="HypPart1"
                          SUBS_CONTENT="havita"/>
                  <HYP CONTENT="-"/>
               </TextLine>
               <TextLine ID="r2l106"
                         BASELINE="2335"
                         HEIGHT="40"
                         WIDTH="832"
                         VPOS="2295"
                         HPOS="1320">
                  <String HEIGHT="40"
                          WIDTH="123"
                          VPOS="2295"
                          HPOS="1305"
                          CONTENT="vita"
                          SUBS_TYPE="HypPart2"
                          SUBS_CONTENT="havita"/>
                  <SP HEIGHT="40" WIDTH="15" VPOS="2295" HPOS="1428"/>
                  <String HEIGHT="40"
                          WIDTH="200"
                          VPOS="2295"
                          HPOS="1382"
                          CONTENT="migrasse,"/>
                  <SP HEIGHT="40" WIDTH="15" VPOS="2295" HPOS="1582"/>
                  <String HEIGHT="40"
                          WIDTH="108"
                          VPOS="2295"
                          HPOS="1536"
                          CONTENT="pro"/>
                  <SP HEIGHT="40" WIDTH="15" VPOS="2295" HPOS="1644"/>
                  <String HEIGHT="40"
                          WIDTH="123"
                          VPOS="2295"
                          HPOS="1597"
                          CONTENT="isto"/>
                  <SP HEIGHT="40" WIDTH="15" VPOS="2295" HPOS="1721"/>
                  <String HEIGHT="40"
                          WIDTH="108"
                          VPOS="2295"
                          HPOS="1674"
                          CONTENT="non"/>
                  <SP HEIGHT="40" WIDTH="15" VPOS="2295" HPOS="1782"/>
                  <String HEIGHT="40"
                          WIDTH="139"
                          VPOS="2295"
                          HPOS="1736"
                          CONTENT="esset"/>
                  <SP HEIGHT="40" WIDTH="15" VPOS="2295" HPOS="1875"/>
                  <String HEIGHT="40"
                          WIDTH="169"
                          VPOS="2295"
                          HPOS="1828"
                          CONTENT="orandum"/>
                  <SP HEIGHT="40" WIDTH="15" VPOS="2295" HPOS="1998"/>
                  <String HEIGHT="40"
                          WIDTH="185"
                          VPOS="2295"
                          HPOS="1952"
                          CONTENT="secundum"/>
                  <SP HEIGHT="40" WIDTH="15" VPOS="2295" HPOS="2137"/>
                  <String HEIGHT="40"
                          WIDTH="77"
                          VPOS="2295"
                          HPOS="2075"
                          CONTENT="le"
                          SUBS_TYPE="HypPart1"
                          SUBS_CONTENT="legem"/>
                  <HYP CONTENT="-"/>
               </TextLine>
               <TextLine ID="r2l108"
                         BASELINE="2385"
                         HEIGHT="57"
                         WIDTH="842"
                         VPOS="2328"
                         HPOS="1327">
                  <String HEIGHT="57"
                          WIDTH="113"
                          VPOS="2328"
                          HPOS="1311"
                          CONTENT="gem"
                          SUBS_TYPE="HypPart2"
                          SUBS_CONTENT="legem"/>
                  <SP HEIGHT="57" WIDTH="16" VPOS="2328" HPOS="1424"/>
                  <String HEIGHT="57"
                          WIDTH="211"
                          VPOS="2328"
                          HPOS="1376"
                          CONTENT="communem,"/>
                  <SP HEIGHT="57" WIDTH="16" VPOS="2328" HPOS="1586"/>
                  <String HEIGHT="57" WIDTH="97" VPOS="2328" HPOS="1538" CONTENT="eo"/>
                  <SP HEIGHT="57" WIDTH="16" VPOS="2328" HPOS="1635"/>
                  <String HEIGHT="57"
                          WIDTH="130"
                          VPOS="2328"
                          HPOS="1586"
                          CONTENT="quod"/>
                  <SP HEIGHT="57" WIDTH="16" VPOS="2328" HPOS="1716"/>
                  <String HEIGHT="57"
                          WIDTH="146"
                          VPOS="2328"
                          HPOS="1667"
                          CONTENT="talis"/>
                  <SP HEIGHT="57" WIDTH="16" VPOS="2328" HPOS="1813"/>
                  <String HEIGHT="57"
                          WIDTH="113"
                          VPOS="2328"
                          HPOS="1764"
                          CONTENT="sit"/>
                  <SP HEIGHT="57" WIDTH="16" VPOS="2328" HPOS="1878"/>
                  <String HEIGHT="57"
                          WIDTH="146"
                          VPOS="2328"
                          HPOS="1829"
                          CONTENT="extra"/>
                  <SP HEIGHT="57" WIDTH="16" VPOS="2328" HPOS="1975"/>
                  <String HEIGHT="57"
                          WIDTH="162"
                          VPOS="2328"
                          HPOS="1926"
                          CONTENT="statum"/>
                  <SP HEIGHT="57" WIDTH="16" VPOS="2328" HPOS="2088"/>
                  <String HEIGHT="57"
                          WIDTH="146"
                          VPOS="2328"
                          HPOS="2023"
                          CONTENT="merendi"/>
               </TextLine>
               <TextLine ID="r2l110"
                         BASELINE="2413"
                         HEIGHT="39"
                         WIDTH="856"
                         VPOS="2374"
                         HPOS="1308">
                  <String HEIGHT="39" WIDTH="92" VPOS="2374" HPOS="1293" CONTENT="in"/>
                  <SP HEIGHT="39" WIDTH="15" VPOS="2374" HPOS="1384"/>
                  <String HEIGHT="39"
                          WIDTH="107"
                          VPOS="2374"
                          HPOS="1339"
                          CONTENT="quo"/>
                  <SP HEIGHT="39" WIDTH="15" VPOS="2374" HPOS="1446"/>
                  <String HEIGHT="39"
                          WIDTH="138"
                          VPOS="2374"
                          HPOS="1400"
                          CONTENT="statu"/>
                  <SP HEIGHT="39" WIDTH="15" VPOS="2374" HPOS="1537"/>
                  <String HEIGHT="39"
                          WIDTH="107"
                          VPOS="2374"
                          HPOS="1491"
                          CONTENT="nos"/>
                  <SP HEIGHT="39" WIDTH="15" VPOS="2374" HPOS="1598"/>
                  <String HEIGHT="39"
                          WIDTH="199"
                          VPOS="2374"
                          HPOS="1553"
                          CONTENT="conseruet"/>
                  <SP HEIGHT="39" WIDTH="15" VPOS="2374" HPOS="1751"/>
                  <String HEIGHT="39"
                          WIDTH="107"
                          VPOS="2374"
                          HPOS="1705"
                          CONTENT="pro"/>
                  <SP HEIGHT="39" WIDTH="15" VPOS="2374" HPOS="1812"/>
                  <String HEIGHT="39"
                          WIDTH="107"
                          VPOS="2374"
                          HPOS="1767"
                          CONTENT="via"/>
                  <SP HEIGHT="39" WIDTH="15" VPOS="2374" HPOS="1874"/>
                  <String HEIGHT="39"
                          WIDTH="214"
                          VPOS="2374"
                          HPOS="1828"
                          CONTENT="praesentis"/>
                  <SP HEIGHT="39" WIDTH="15" VPOS="2374" HPOS="2042"/>
                  <String HEIGHT="39"
                          WIDTH="183"
                          VPOS="2374"
                          HPOS="1981"
                          CONTENT="peregrina"
                          SUBS_TYPE="HypPart1"
                          SUBS_CONTENT="peregrinationis,"/>
                  <HYP CONTENT="-"/>
               </TextLine>
               <TextLine ID="r2l112"
                         BASELINE="2462"
                         HEIGHT="53"
                         WIDTH="848"
                         VPOS="2409"
                         HPOS="1314">
                  <String HEIGHT="53"
                          WIDTH="161"
                          VPOS="2409"
                          HPOS="1299"
                          CONTENT="tionis,"
                          SUBS_TYPE="HypPart2"
                          SUBS_CONTENT="peregrinationis,"/>
                  <SP HEIGHT="53" WIDTH="15" VPOS="2409" HPOS="1460"/>
                  <String HEIGHT="53"
                          WIDTH="132"
                          VPOS="2409"
                          HPOS="1416"
                          CONTENT="donec"/>
                  <SP HEIGHT="53" WIDTH="15" VPOS="2409" HPOS="1548"/>
                  <String HEIGHT="53"
                          WIDTH="175"
                          VPOS="2409"
                          HPOS="1504"
                          CONTENT="perducat"/>
                  <SP HEIGHT="53" WIDTH="15" VPOS="2409" HPOS="1680"/>
                  <String HEIGHT="53" WIDTH="88" VPOS="2409" HPOS="1636" CONTENT="ad"/>
                  <SP HEIGHT="53" WIDTH="15" VPOS="2409" HPOS="1723"/>
                  <String HEIGHT="53"
                          WIDTH="161"
                          VPOS="2409"
                          HPOS="1680"
                          CONTENT="patriam"/>
                  <SP HEIGHT="53" WIDTH="15" VPOS="2409" HPOS="1840"/>
                  <String HEIGHT="53"
                          WIDTH="146"
                          VPOS="2409"
                          HPOS="1796"
                          CONTENT="beatae"/>
                  <SP HEIGHT="53" WIDTH="15" VPOS="2409" HPOS="1943"/>
                  <String HEIGHT="53"
                          WIDTH="219"
                          VPOS="2409"
                          HPOS="1899"
                          CONTENT="fruitionis,"/>
                  <SP HEIGHT="53" WIDTH="15" VPOS="2409" HPOS="2118"/>
                  <String HEIGHT="53"
                          WIDTH="102"
                          VPOS="2409"
                          HPOS="2060"
                          CONTENT="Salua"/>
               </TextLine>
               <TextLine ID="r2l114"
                         BASELINE="2510"
                         HEIGHT="59"
                         WIDTH="851"
                         VPOS="2451"
                         HPOS="1311">
                  <String HEIGHT="59"
                          WIDTH="110"
                          VPOS="2451"
                          HPOS="1295"
                          CONTENT="tor"/>
                  <SP HEIGHT="59" WIDTH="16" VPOS="2451" HPOS="1406"/>
                  <String HEIGHT="59"
                          WIDTH="158"
                          VPOS="2451"
                          HPOS="1358"
                          CONTENT="omnium"/>
                  <SP HEIGHT="59" WIDTH="16" VPOS="2451" HPOS="1516"/>
                  <String HEIGHT="59"
                          WIDTH="252"
                          VPOS="2451"
                          HPOS="1469"
                          CONTENT="saluandorum,"/>
                  <SP HEIGHT="59" WIDTH="16" VPOS="2451" HPOS="1721"/>
                  <String HEIGHT="59"
                          WIDTH="110"
                          VPOS="2451"
                          HPOS="1673"
                          CONTENT="qui"/>
                  <SP HEIGHT="59" WIDTH="16" VPOS="2451" HPOS="1784"/>
                  <String HEIGHT="59"
                          WIDTH="158"
                          VPOS="2451"
                          HPOS="1737"
                          CONTENT="viuit,"/>
                  <SP HEIGHT="59" WIDTH="16" VPOS="2451" HPOS="1894"/>
                  <String HEIGHT="59" WIDTH="79" VPOS="2451" HPOS="1847" CONTENT="&amp;"/>
                  <SP HEIGHT="59" WIDTH="16" VPOS="2451" HPOS="1926"/>
                  <String HEIGHT="59"
                          WIDTH="158"
                          VPOS="2451"
                          HPOS="1878"
                          CONTENT="regnat"/>
                  <SP HEIGHT="59" WIDTH="16" VPOS="2451" HPOS="2036"/>
                  <String HEIGHT="59" WIDTH="95" VPOS="2451" HPOS="1989" CONTENT="in"/>
                  <SP HEIGHT="59" WIDTH="16" VPOS="2451" HPOS="2083"/>
                  <String HEIGHT="59"
                          WIDTH="142"
                          VPOS="2451"
                          HPOS="2020"
                          CONTENT="saecula"/>
               </TextLine>
               <TextLine ID="r2l116"
                         BASELINE="2544"
                         HEIGHT="61"
                         WIDTH="290"
                         VPOS="2483"
                         HPOS="1308">
                  <String HEIGHT="61"
                          WIDTH="269"
                          VPOS="2483"
                          HPOS="1287"
                          CONTENT="seculorum"/>
                  <SP HEIGHT="61" WIDTH="21" VPOS="2483" HPOS="1557"/>
                  <String HEIGHT="61"
                          WIDTH="124"
                          VPOS="2483"
                          HPOS="1474"
                          CONTENT="Amen"/>
               </TextLine>
            </TextBlock>
         </PrintSpace>
      </Page>
   </Layout>
</alto>
