2386 3555
212 258 89 63 re
257 258 104 63 per
316 258 163 63 liberum
434 258 192 63 arbitrium
582 258 178 63 iubemur,
715 258 178 63 facilius
848 258 178 63 possimus
967 258 133 63 implere

220 319 101 48 per
277 319 174 48 gratiam,
408 319 101 48 tam
466 319 130 48 quam,
553 319 72 48 &
582 319 87 48 si
625 319 145 48 gratia
726 319 101 48 non
784 319 174 48 daretur,
915 319 174 48 possimus
1031 319 72 48 ent

224 359 94 49 ne
271 359 126 49 illa
350 359 173 49 implere
475 359 173 49 mandata
601 359 173 49 diuina,
726 359 188 49 anathema
868 359 126 49 sit.
946 359 141 49 Patet
1025 359 78 49 er-

209 400 103 54 go,
268 400 118 54 quod
342 400 132 54 maior
430 400 147 54 illius
533 400 176 54 rationis
665 400 103 54 est
709 400 103 54 falsa

257 419 99 69 Ad
306 419 181 69 quartum
437 419 214 69 dicendum,
602 419 132 69 quod
684 419 181 69 quamuis
816 419 148 69 finis
914 419 115 69 sit
963 419 132 69 primim

200 479 91 50 a
236 479 237 50 voluntate
418 479 219 50 volitum,
582 479 164 50 tamen
691 479 109 50 ad
746 479 291 50 consequendum
965 479 127 50 finem

221 517 127 43 modo
301 517 175 43 debito,
428 517 175 43 indiget
555 517 191 43 voluntas
698 517 159 43 habitu
809 517 222 43 regulante.
984 517 95 43 Et
1016 517 79 43 cum

212 562 172 46 additur
337 562 94 46 de
384 562 218 46 intellectu
556 562 187 46 respectu
696 562 265 46 principiorum,
914 562 140 46 dico,
992 562 94 46 quod

215 593 132 48 bene
297 593 116 48 est
363 593 165 48 simile
479 593 182 48 quantum
611 593 99 48 ad
660 593 149 48 velle
759 593 165 48 finem,
875 593 116 48 non
941 593 149 48 tamen
1023 593 66 48 ac

215 634 257 53 consequendum
423 634 160 53 finem,
536 634 144 53 etiam
632 634 192 53 potentia
776 634 257 53 intellectiua
969 634 128 53 perfi-

207 685 135 51 citur
297 685 165 51 habitu,
417 685 105 51 qui
478 685 165 51 dicitur
598 685 226 51 intellectus
778 685 256 51 principiorum,
989 685 90 51 vt
1019 685 75 51 pa-

204 711 123 64 tet
274 711 88 64 e
291 711 210 64 ethicorum.

255 748 91 47 Ad
300 748 166 47 quintum
421 748 196 47 dicendum,
572 748 121 47 quod
647 748 136 47 licet
738 748 226 47 naturaliter
919 748 166 47 feramur
1025 748 60 47 it

203 791 131 49 Deum,
291 791 190 49 inquantum
437 791 117 49 ipse
510 791 102 49 est
568 791 146 49 alpha,
671 791 73 49 &
700 791 146 49 omega,
802 791 146 49 finis,
904 791 73 49 &
919 791 175 49 principium

204 842 187 40 omnium,
340 842 85 40 &
374 842 119 40 hoc
442 842 119 40 sub
510 842 255 40 obscuritate
714 842 272 40 fantalmatum,
935 842 136 40 quem
1003 842 85 40 mo-

212 871 114 47 dum
277 871 195 47 secundum
423 871 146 47 vires
520 871 211 47 naturales
683 871 179 47 nostras
813 871 260 47 transcendere
1008 871 81 47 non

206 915 186 46 valemus,
345 915 108 46 non
407 915 139 46 tamen
500 915 93 46 vt
546 915 108 46 est
608 915 186 46 obiectum
747 915 310 46 supernaturaliter
995 915 93 46 ani-

205 949 99 63 mam
261 949 226 63 glorificans.
445 949 85 63 Et
488 949 142 63 potest
587 949 127 63 dici,
672 949 127 63 sicut
757 949 85 63 ad
799 949 156 63 quartum
912 949 142 63 dictum
997 949 71 63 est

303 1027 670 62 ARTICVLVS
766 1027 206 62 IR

197 1071 148 64 Vtrum
295 1071 197 64 volintas
443 1071 214 64 informata
607 1071 197 64 caritate
755 1071 164 64 possit
870 1071 131 64 esse
953 1071 99 64 in
985 1071 99 64 actu

254 1128 244 60 frnitionis,
449 1128 228 60 intellectu
628 1128 179 60 manente
758 1128 195 60 suspenso
904 1128 98 60 ab
936 1128 98 60 omni

493 1173 129 76 actu
557 1173 226 76 cognitionis.

210 1249 177 78 SANTVM
334 1249 106 78 ad
388 1249 195 78 quartum
529 1249 248 78 principale
724 1249 160 78 dico,
831 1249 142 78 quod
919 1249 106 78 de
955 1249 124 78 poter

246 1301 101 53 me
297 1301 118 53 tia
364 1301 118 53 Dei
432 1301 219 53 absoluta,
600 1301 152 53 licet
701 1301 118 53 non
769 1301 202 53 secundum
920 1301 185 53 ordinem
1038 1301 51 53 a

201 1340 108 54 Deo
262 1340 123 54 nunc
339 1340 231 54 institutum,
525 1340 185 54 voluntas
663 1340 154 54 potest
771 1340 123 54 esse
849 1340 93 54 in
895 1340 123 54 actu
957 1340 123 54 cogni-

208 1386 166 46 tionis,
329 1386 211 46 intellectu
495 1386 196 46 existente
646 1386 196 46 suspenso,
796 1386 106 46 quo
857 1386 91 46 ad
902 1386 136 46 actum
977 1386 91 46 frui

205 1424 155 45 tionis:
318 1424 113 45 quia
388 1424 141 45 quando
487 1424 113 45 duae
557 1424 183 45 potentiae
698 1424 99 45 sic
754 1424 84 45 se
796 1424 155 45 habent,
909 1424 113 45 quod
965 1424 113 45 diffe-

214 1464 114 51 unt
279 1464 98 51 ab
328 1464 180 51 inuicem
459 1464 98 51 re
508 1464 213 51 absoluta,
671 1464 131 51 Deus
753 1464 114 51 per
818 1464 131 51 suam
884 1464 196 51 omnipotem-

205 1505 143 37 tiam,
301 1505 159 37 potest
412 1505 127 37 vnam
491 1505 223 37 conseruare
666 1505 95 37 in
714 1505 223 37 operatione
889 1505 127 37 sibi
953 1505 127 37 conue-

203 1537 176 58 niente,
331 1537 128 58 alia
411 1537 192 58 suspensa
556 1537 80 58 a
588 1537 112 58 sua
652 1537 225 58 operatione
828 1537 241 58 permanente:
1005 1537 80 58 sed

211 1581 122 57 ficut
293 1581 149 57 patebit
402 1581 82 57 in
442 1581 122 57 dist.
524 1581 82 57 3.
565 1581 163 57 voluntas
687 1581 149 57 differt
796 1581 82 57 ab
836 1581 190 57 intellectu
986 1581 122 57 abso

208 1620 144 56 luta,
304 1620 128 56 ergo
368 1620 64 56 &c

245 1638 107 78 Sed
306 1638 153 78 contra
413 1638 168 78 maiorem
535 1638 153 78 istius
642 1638 183 78 rationis
779 1638 168 78 instari
901 1638 153 78 potest
993 1638 76 78 tri

205 1694 147 61 plici
303 1694 196 61 exemplo.
450 1694 164 61 Primo,
565 1694 131 61 quia
646 1694 196 61 materia,
794 1694 82 61 &
826 1694 147 61 forma
908 1694 180 61 differunt

208 1748 92 46 re
254 1748 199 46 absoluta,
407 1748 77 46 &
437 1748 138 46 tamen
529 1748 138 46 nulla
621 1748 153 46 potest
729 1748 123 46 esse
805 1748 123 46 sine
882 1748 199 46 quantitat
1020 1748 61 46 e-

206 1782 169 43 Tertio,
328 1782 123 43 quia
405 1782 230 43 pulchritudo
589 1782 107 43 non
650 1782 153 43 potest
757 1782 123 43 esse
834 1782 123 43 sine
895 1782 123 43 colore

239 1821 107 59 Sed
300 1821 123 59 ista
377 1821 107 59 non
438 1821 200 59 impediunt
592 1821 138 59 istam
684 1821 154 59 dictam
791 1821 169 59 maiorem
914 1821 123 59 quia
976 1821 107 59 licet

201 1866 190 46 materia,
344 1866 174 46 figura,
471 1866 79 46 &
502 1866 238 46 pulchritudo
693 1866 127 46 sint
772 1866 206 46 absoluta:
930 1866 143 46 tamen
1010 1866 63 46 ne

207 1902 194 50 tessario
353 1902 227 50 concernunt
531 1902 227 50 respectum,
709 1902 130 50 puta
790 1902 178 50 materia
904 1902 178 50 concernit

190 1937 210 46 respectum
352 1937 97 46 ad
400 1937 178 46 formam,
529 1937 162 46 figura
643 1937 97 46 ad
691 1937 259 46 quantitatem,
885 1937 194 46 pulchritu-

207 1977 92 42 do
253 1977 92 42 ad
299 1977 184 42 colorem,
437 1977 123 42 sine
513 1977 153 42 quibus
620 1977 230 42 respectibus
804 1977 138 42 etiam
896 1977 107 42 non
942 1977 138 42 possunt

203 2017 200 48 intelligi:
360 2017 100 48 sed
417 2017 171 48 voluntas
545 2017 114 48 bene
616 2017 143 48 potest
716 2017 185 48 intelligi
845 2017 228 48 sineintellectu

250 2057 135 44 Dices
340 2057 150 44 forte,
445 2057 120 44 quod
519 2057 180 44 voluntas
654 2057 105 44 est
714 2057 195 44 appetitus
849 2057 224 44 intellectiuus

206 2097 89 65 in
251 2097 104 65 hoc
310 2097 119 65 enim
384 2097 163 65 differt
503 2097 74 65 a
533 2097 208 65 sensitiuo,
696 2097 119 65 ergo
770 2097 104 65 non
830 2097 163 65 poterit
934 2097 148 65 intelli-

204 2136 85 58 gi
246 2136 114 58 sine
303 2136 185 58 intellectu.

214 2182 82 43 1
246 2182 148 43 Dico,
345 2182 131 43 quod
427 2182 197 43 voluntas
575 2182 115 43 non
641 2182 181 43 dicitur
772 2182 214 43 appetitus
920 2182 148 43 intelle

211 2220 175 46 ctiuus,
338 2220 127 46 nisi
418 2220 239 46 aduenticie,
609 2220 80 46 &
641 2220 270 46 denominatione
863 2220 159 46 quadam
959 2220 127 46 extrin

201 2255 135 52 seca:
291 2255 105 52 sed
351 2255 150 52 primo,
457 2255 75 52 &
487 2255 105 52 per
547 2255 90 52 se
592 2255 75 52 &
622 2255 90 52 ab
667 2255 210 52 intrinseco
832 2255 165 52 dicitur
938 2255 135 52 appeti-

201 2294 97 49 tus
257 2294 139 49 liber,
354 2294 111 49 siue
423 2294 166 49 potentia
548 2294 152 49 libera.
658 2294 111 49 Vnde
728 2294 97 49 per
783 2294 111 49 hoc,
852 2294 111 49 quod
922 2294 97 49 est
963 2294 111 49 poten-

203 2343 102 36 tia
262 2343 146 36 libera
364 2343 102 36 per
423 2343 102 36 se,
481 2343 73 36 &
510 2343 248 36 principaliter
715 2343 161 36 differt
832 2343 102 36 non
890 2343 131 36 solum
978 2343 73 36 a
992 2343 88 36 sen-

201 2380 105 46 su,
261 2380 105 46 sed
321 2380 135 46 etiam
412 2380 90 46 ab
457 2380 226 46 intellectu:
637 2380 120 46 ideo
713 2380 151 46 potest
818 2380 211 46 intelligi,
984 2380 90 46 vt
1014 2380 75 46 po-

210 2418 147 40 tentia
313 2418 147 40 primo,
417 2418 74 40 &
446 2418 103 40 per
505 2418 103 40 se,
564 2418 118 40 siue
638 2418 251 40 essentialiter
844 2418 162 40 libera,
947 2418 133 40 circum-

204 2454 170 54 scripta
327 2454 200 54 quacumque
481 2454 123 54 alia
558 2454 185 54 potentia
697 2454 216 54 cognitiua,
866 2454 123 54 siue
928 2454 154 54 sensiti-

215 2493 98 54 ua,
271 2493 112 54 siue
327 2493 209 54 intellectiua.

226 2531 86 48 2
260 2531 241 48 Praeterea,
450 2531 155 48 bonum
553 2531 190 48 motiuum
691 2531 241 48 voluntatis
881 2531 121 48 non
950 2531 172 48 requi

211 2570 99 45 rit
267 2570 113 45 essc
338 2570 184 45 cognitum,
480 2570 113 45 nisi
551 2570 85 45 vt
593 2570 127 45 mouet
678 2570 85 45 in
721 2570 142 45 genere
820 2570 142 45 causae
905 2570 184 45 efficientis

207 2609 99 50 sed
263 2609 156 50 virtute
377 2609 212 50 cuiuscunque
547 2609 142 50 causae
646 2609 156 50 secudae
759 2609 85 50 in
802 2609 142 50 genere
901 2609 142 50 causae
986 2609 99 50 cffi-

213 2660 157 40 cientis
327 2660 129 40 causa
413 2660 143 40 prima,
513 2660 171 40 scilicet
641 2660 114 40 Deus
713 2660 100 40 per
770 2660 157 40 seipsam
884 2660 143 40 potest
970 2660 114 40 supplo

211 2694 109 44 re,
274 2694 125 44 ergo
352 2694 202 44 immediate
507 2694 109 44 per
569 2694 202 44 bonitatem
725 2694 140 44 suam,
818 2694 171 44 praeter
943 2694 125 44 esse
1005 2694 78 44 co-

217 2733 155 50 gnitum
326 2733 93 50 ab
373 2733 233 50 intellectu,
559 2733 233 50 efficienter
745 2733 171 50 poterit
870 2733 155 50 mouere
963 2733 124 50 volun-

207 2774 163 46 tatem:
321 2774 147 46 minor
419 2774 114 46 est
484 2774 98 46 ab
533 2774 180 46 omnibus
664 2774 212 46 concessa:
828 2774 114 46 sed
893 2774 147 46 maior
975 2774 114 46 patet

221 2809 105 50 per
281 2809 195 50 Auerroem.
431 2809 120 50 1a2,
507 2809 150 50 metaph
612 2809 105 50 vbi
672 2809 150 50 ponit,
777 2809 120 50 quod
852 2809 105 50 res
898 2809 180 50 appetibili

213 2854 133 42 habet
302 2854 148 42 duplex
405 2854 133 42 esse.
494 2854 118 42 Vnum
568 2854 89 42 in
612 2854 89 42 re
657 2854 148 42 extra,
760 2854 74 42 &
789 2854 103 42 sic
849 2854 103 42 est
908 2854 133 42 finis
982 2854 103 42 desi-

209 2888 154 50 derij,
316 2888 77 50 &
347 2888 185 50 terminat
485 2888 138 50 actum
578 2888 231 50 voluntatis.
762 2888 138 50 Aliud
854 2888 92 50 in
885 2888 200 50 intellectu,

214 2931 82 48 &
246 2931 115 48 sic
312 2931 132 48 agit
395 2931 247 48 desiderium,
592 2931 82 48 &
625 2931 148 48 mouet
707 2931 198 48 voluntatem

233 2962 79 59 3
265 2962 221 59 Praeterea,
438 2962 189 59 cognitio
580 2962 252 59 intellectiua
785 2962 95 59 in
832 2962 173 59 volendo
958 2962 110 59 non
1005 2962 79 59 re-

216 3017 193 40 quiritur,
364 3017 119 40 nisi
439 3017 89 40 ad
483 3017 252 40 praesentandum
691 3017 178 40 obiectum
824 3017 178 40 voiibile
957 3017 119 40 ipsi
1017 3017 59 40 vo

206 3047 196 52 luntati.
353 3047 114 52 Sed
418 3047 196 52 secundum
565 3047 180 52 August.
695 3047 98 52 in
744 3047 114 52 lib
810 3047 180 52 confes.
940 3047 131 52 Deus
1005 3047 82 52 per

209 3095 175 42 seipsum
336 3095 111 42 est
400 3095 206 42 intimior,
558 3095 79 42 &
590 3095 286 42 praesentialior
828 3095 222 42 voluntati,
987 3095 95 42 quam

186 3126 195 58 voluntas
332 3126 130 58 sibi
414 3126 147 58 ipsi:
511 3126 130 58 ergo
593 3126 114 58 per
658 3126 179 58 seipsum
788 3126 212 58 immediate
935 3126 147 58 poterit

1124 269 184 71 mouere
1234 269 240 71 voluntatem.

1203 304 217 83 Praeterea,
1373 304 93 83 ex
1419 304 155 83 dictis
1527 304 139 83 aliqu
1620 304 124 83 orum
1698 304 155 83 potest
1806 304 139 83 argui
1883 304 124 83 gratia

1136 371 237 56 collationis
1326 371 95 56 ad
1373 371 174 56 hominem
1500 371 127 56 sic.
1579 371 206 56 Sensibile
1737 371 142 56 mouet
1816 371 190 56 voluntaten

1134 401 120 64 sine
1209 401 165 64 notitia
1329 401 256 64 intellectiua,
1540 401 120 64 ergo
1615 401 75 64 &
1645 401 120 64 Deus
1720 401 105 64 hoc
1781 401 180 64 poterit:
1901 401 90 64 con-

1131 441 208 63 sequentia
1291 441 144 63 patet
1388 441 112 63 per
1452 441 144 63 locum
1548 441 80 63 a
1580 441 160 63 minori
1692 441 257 63 affirmatiue.
1885 441 112 63 Probo

1122 487 234 54 antecedens:
1310 487 125 54 quia
1388 487 141 54 sicut
1482 487 219 54 communiter
1653 487 187 54 dicitur,
1794 487 156 54 nullum
1888 487 109 54 iudi-

1123 529 112 51 cium
1193 529 140 51 potest
1291 529 112 51 feri
1361 529 84 51 in
1403 529 126 51 sensu
1487 529 84 51 de
1529 529 84 51 re
1571 529 168 51 sensata,
1697 529 98 51 siu
1753 529 70 51 e
1781 529 84 51 in
1823 529 126 51 sensu
1893 529 98 51 rece-

1131 571 118 46 pta,
1205 571 118 46 nisi
1278 571 132 46 adsit
1367 571 177 46 intentio
1499 571 221 46 voluntatis:
1676 571 103 46 sed
1735 571 147 46 planum
1838 571 118 46 est,
1897 571 88 46 quod

1117 597 112 61 non
1181 597 112 61 est
1245 597 177 61 necesse
1374 597 193 61 quicquid
1518 597 209 61 sentimus,
1679 597 96 61 vt
1727 597 145 61 illud
1807 597 177 61 immediato

1114 637 256 74 intelligamus
1322 637 80 74 :
1354 637 128 74 ergo
1434 637 176 74 poterit
1563 637 128 74 esse
1643 637 176 74 aliquid
1771 637 192 74 volitum,
1899 637 96 74 quod

1118 674 109 58 non
1181 674 109 58 est
1228 674 218 58 intellectum,

1156 698 89 82 Et
1201 698 236 82 confirmatur,
1392 698 118 82 quia
1466 698 207 82 intellectu
1629 698 192 82 existente
1776 698 89 82 in
1821 698 118 82 actu
1880 698 103 82 recto

1118 761 180 55 aliquod
1248 761 278 55 intelligibile
1477 761 261 55 cognoscendo,
1689 761 196 55 voluntas
1836 761 131 55 vult
1901 761 82 55 eum

1125 807 237 47 intelligere:
1318 807 119 47 quia
1392 807 89 47 si
1436 807 178 47 voluntas
1570 807 104 47 non
1629 807 148 47 vellet
1733 807 104 47 eum
1777 807 208 47 intelligere,

1123 847 130 48 ipse
1204 847 98 48 ad
1253 847 163 48 nullum
1367 847 195 48 momentum
1514 847 98 48 in
1563 847 130 48 tali
1644 847 277 48 intellectione
1856 847 130 48 posset

1122 887 89 46 se
1167 887 223 46 continuare:
1345 887 104 46 sed
1404 887 148 46 planum
1508 887 119 46 est,
1582 887 119 46 qued
1656 887 223 46 intellectus
1835 887 148 46 nondum
1924 887 59 46 so

1125 916 199 54 intelligit
1281 916 228 54 intelligere:
1466 916 114 54 quia
1538 916 100 54 tuc
1595 916 128 54 esset
1680 916 85 54 in
1723 916 114 54 actu
1794 916 157 54 ressexo
1894 916 85 54 simu

1119 959 105 53 cum
1179 959 120 53 actu
1254 959 151 53 recto,
1360 959 120 53 ergo
1435 959 105 53 non
1495 959 181 53 videtur,
1631 959 120 53 quod
1706 959 181 53 repugnet
1826 959 151 53 voluntat

1108 995 177 52 aliquid
1236 995 161 52 velle,
1349 995 128 52 quod
1429 995 241 52 intellectus
1622 995 161 52 nondum
1718 995 209 52 congnoscit.

1158 1034 104 58 Sed
1218 1034 149 58 contra
1322 1034 194 58 praedicta
1472 1034 119 58 sunt
1546 1034 149 58 quidam
1651 1034 194 58 dicentes,
1800 1034 119 58 quod
1860 1034 119 58 simpli

1113 1078 149 59 citer
1213 1078 116 59 est
1279 1078 248 59 impossibile
1477 1078 116 59 per
1543 1078 232 59 quamcumque
1725 1078 215 59 potentiam
1874 1078 116 59 volun

1119 1117 135 50 tatem
1209 1117 135 50 frui,
1299 1117 210 50 intellectu
1464 1117 105 50 non
1524 1117 240 50 intelligente
1719 1117 135 50 ipsum
1794 1117 165 50 fruibile-

1137 1160 76 51 1
1167 1160 122 51 Quia
1244 1160 229 51 simpliciter
1427 1160 107 51 est
1488 1160 229 51 impossibile
1671 1160 137 51 actum
1762 1160 183 51 visionis
1884 1160 107 51 fieri

1106 1196 119 53 sine
1180 1196 119 53 actu
1255 1196 223 53 fruitionis:
1433 1196 119 53 ergo
1507 1196 193 53 similiter
1655 1196 104 53 est
1715 1196 223 53 impossibile
1878 1196 104 53 actum

1112 1232 198 58 fruitionis
1267 1232 127 58 fieri
1352 1232 113 58 sine
1423 1232 113 58 actu
1493 1232 184 58 visionis,
1635 1232 99 58 seu
1691 1232 268 58 intellectionis;
1903 1232 85 58 con-

1109 1271 208 60 sequentia
1269 1271 144 60 patet
1365 1271 112 60 per
1429 1271 144 60 locum
1525 1271 80 60 a
1557 1271 160 60 maiori
1668 1271 208 60 negatiue:
1812 1271 176 60 probatio-

1118 1318 126 53 nes,
1197 1318 126 53 quas
1275 1318 188 53 adducunt
1417 1318 110 53 pro
1479 1318 251 53 antecedente,
1684 1318 110 53 ego
1746 1318 141 53 posui
1825 1318 157 53 superius

1120 1351 87 57 in
1163 1351 174 57 prologo.
1293 1351 159 57 quaest.
1409 1351 87 57 3,
1452 1351 174 57 articulo
1583 1351 87 57 1.
1626 1351 130 57 prima
1713 1351 217 57 conclusione
1872 1351 116 57 corol-

1110 1392 151 58 laria,
1216 1392 106 58 vbi
1276 1392 136 58 dixi,
1367 1392 121 58 quod
1442 1392 166 58 notitia
1563 1392 106 58 Dei
1623 1392 196 58 intuitiua
1775 1392 151 58 potest
1865 1392 121 58 commu-

1123 1428 137 56 nicari
1206 1428 123 56 viatori

1179 1457 213 58 Praeterea,
1346 1457 152 58 illud,
1452 1457 122 58 quod
1528 1457 106 58 non
1589 1457 152 58 potest
1695 1457 137 58 fieri
1787 1457 182 58 praesens
1908 1457 76 58 vo-

1109 1500 171 66 luntati
1234 1500 93 66 in
1280 1500 171 66 ratione
1404 1500 171 66 obiecti
1529 1500 202 66 mouentis,
1684 1500 124 66 nisi
1762 1500 186 66 mediante
1886 1500 93 66 actu

1119 1546 240 50 intellectus,
1314 1546 105 50 hoc
1374 1546 105 50 non
1434 1546 150 50 potest
1539 1546 150 50 mouere
1643 1546 225 50 voluntatem,
1823 1546 120 50 nisi
1883 1546 105 50 prius

1115 1595 161 36 moueat
1228 1595 258 36 intellectum,
1437 1595 113 36 sed
1502 1595 193 36 obiectum
1647 1595 209 36 fruibile,
1808 1595 81 36 &
1824 1595 161 36 quodcum-

1112 1630 113 52 que
1177 1630 146 52 aliud
1274 1630 194 52 obiectum
1419 1630 226 52 voluntatis
1597 1630 113 52 est
1662 1630 226 52 hniusmodi,
1839 1630 129 52 ergo
1904 1630 81 52 &c.

1112 1673 176 48 maiorem
1240 1673 160 48 dicunt
1352 1673 128 48 esse
1432 1673 160 48 notam:
1544 1673 128 48 quia
1624 1673 144 48 nulla
1720 1673 192 48 potentia
1848 1673 128 48 potess

1123 1713 142 40 moueri
1222 1713 71 40 a
1251 1713 99 40 suo
1307 1713 170 40 obiecto,
1435 1713 114 40 nisi
1506 1713 114 40 fiat
1577 1713 114 40 sibi
1648 1713 170 40 praesens
1776 1713 85 40 in
1819 1713 156 40 ratione
1918 1713 71 40 ob-

1111 1744 137 43 iecti
1202 1744 198 43 mouentis:
1355 1744 168 43 minorem
1477 1744 183 43 probant,
1615 1744 122 43 quia
1691 1744 168 43 dicunt,
1813 1744 122 43 quod
1874 1744 107 43 natu-

1110 1789 90 51 ra
1155 1789 195 51 specifica
1305 1789 165 51 istarum
1425 1789 225 51 potentiarum
1606 1789 105 51 hoc
1666 1789 195 51 requirat,
1816 1789 120 51 quod
1876 1789 105 51 nihil

1119 1826 160 49 moueat
1231 1826 240 49 voluntatem,
1423 1826 128 49 nisi
1503 1826 144 49 prius
1600 1826 160 49 moueat
1712 1826 208 49 intellect
1856 1826 64 49 um

1129 1863 76 46 3
1159 1863 212 46 Praeterea,
1326 1863 91 46 si
1371 1863 182 46 voluntas
1508 1863 152 46 posset
1614 1863 152 46 moueri
1720 1863 76 46 a
1751 1863 182 46 fruibili
1872 1863 106 46 obie-

1108 1906 114 54 cto
1173 1906 114 54 non
1238 1906 180 54 mouente
1369 1906 262 54 intellectum,
1582 1906 131 54 tunc
1663 1906 196 54 voluntas
1811 1906 114 54 non
1860 1906 114 54 esset

1116 1946 197 47 appetitus
1268 1946 258 47 intellectiuus
1480 1946 213 47 consequens
1647 1946 106 47 est
1708 1946 167 47 falsum:
1829 1946 121 47 quia
1890 1946 91 47 tunc

1116 1991 192 46 voluntas
1260 1991 208 46 transiret
1420 1991 96 46 de
1468 1991 160 46 specie
1579 1991 96 46 in
1627 1991 192 46 speciem,
1755 1991 224 46 consequentia

1119 2029 189 43 probatur:
1265 2029 116 43 quia
1337 2029 131 43 sicut
1424 2029 189 43 appetitus
1570 2029 189 43 naturalis
1715 2029 102 43 est
1773 2029 87 43 in
1816 2029 145 43 genere
1903 2029 73 43 na-

1120 2064 165 40 turali,
1240 2064 120 40 quia
1315 2064 180 40 sequitur
1451 2064 150 40 formam
1556 2064 211 40 naturalem,
1721 2064 75 40 &
1751 2064 195 40 appetitus
1887 2064 90 40 sen-

1117 2100 159 60 sitiuus
1232 2100 87 60 in
1276 2100 145 60 genere
1377 2100 202 60 sensitiuo,
1536 2100 116 60 quia
1608 2100 174 60 sequitur
1738 2100 159 60 sensum,
1854 2100 101 60 sic
1912 2100 116 60 appe
1970 2100 43 60 (

1111 2143 129 49 titus
1197 2143 243 49 intellectiuus
1397 2143 158 49 dicitur
1512 2143 86 49 in
1555 2143 115 49 tali
1626 2143 158 49 genere,
1741 2143 115 49 quia
1812 2143 172 49 sequitur
1941 2143 86 49 in
1970 2143 43 49 (

1106 2178 229 49 tellectum.
1285 2178 98 49 Da
1334 2178 229 49 oppositum,
1514 2178 131 49 tunc
1595 2178 180 49 mutabit
1726 2178 114 49 non
1791 2178 147 49 solum
1873 2178 98 49 spe-

1108 2219 152 50 ciem,
1210 2219 152 50 verum
1311 2219 152 50 etiam
1412 2219 186 50 mutabit
1531 2219 118 50 genus

1151 2253 108 55 Sed
1212 2253 138 55 illud
1304 2253 108 55 non
1366 2253 154 55 valet:
1474 2253 123 55 quia
1550 2253 92 55 si
1597 2253 123 55 Deus
1673 2253 108 55 non
1735 2253 154 55 posset
1827 2253 154 55 obiectum

1120 2295 162 53 ruibile
1238 2295 191 53 ostendere
1385 2295 206 53 voluntati,
1547 2295 118 53 sine
1621 2295 206 53 cognitione
1768 2295 206 53 intellectus;

1108 2338 117 48 tunc
1182 2338 102 48 vel
1240 2338 132 48 talis
1328 2338 176 48 cognitio
1460 2338 132 48 esset
1548 2338 88 48 de
1591 2338 190 48 intriseca
1738 2338 161 48 ratione
1840 2338 132 48 obiecti

1110 2377 217 43 fruibilis,
1281 2377 109 43 vel
1343 2377 124 43 tale
1421 2377 202 43 obiectum,
1576 2377 186 43 secundum
1716 2377 93 43 se
1763 2377 202 43 acceptum,
1902 2377 78 43 non

1110 2420 138 45 esset
1202 2420 108 45 ens
1263 2420 231 45 simpliciter
1448 2420 215 45 absolutum.
1617 2420 215 45 consequens
1786 2420 108 45 est
1833 2420 138 45 falsum;

1112 2463 128 42 ergo
1192 2463 80 42 &
1224 2463 223 42 antecedens
1399 2463 80 42 :
1431 2463 255 42 consequentia
1638 2463 159 42 patet:
1750 2463 128 42 quia
1814 2463 159 42 quaecum-

1118 2500 112 47 que
1182 2500 128 47 Deus
1262 2500 96 47 ab
1310 2500 176 47 inuicem
1438 2500 112 47 non
1502 2500 160 47 potest
1615 2500 208 47 separare,
1775 2500 112 47 vel
1839 2500 128 47 vnum
1903 2500 80 47 est

1107 2537 96 50 de
1155 2537 225 50 intrinseca
1332 2537 177 50 ratione
1460 2537 209 50 alterius,
1621 2537 112 50 vel
1685 2537 128 50 vnum
1765 2537 193 50 secundum
1894 2537 80 50 sui

1121 2575 161 42 aturam
1233 2575 145 42 dicit
1330 2575 241 42 habitudinem
1522 2575 96 42 ad
1571 2575 193 42 alterum:
1715 2575 225 42 falsitatem
1876 2575 96 42 con-

1119 2618 183 51 equentis
1256 2618 153 51 probo:
1363 2618 122 51 quia
1439 2618 107 51 cum
1500 2618 183 51 obiectum
1637 2618 183 51 fruibile
1775 2618 107 51 sit
1836 2618 92 51 in
1866 2618 107 51 crea-

1117 2656 114 47 tum,
1188 2656 128 47 nulla
1274 2656 171 47 creatura
1402 2656 157 47 poterit
1516 2656 114 47 esse
1588 2656 86 47 de
1630 2656 100 47 sua
1688 2656 200 47 intrinseca
1830 2656 143 47 ratione,

1105 2701 137 44 talis
1196 2701 137 44 autem
1287 2701 182 44 cognitio
1424 2701 106 44 est
1485 2701 198 44 creatura.
1637 2701 137 44 Item,
1728 2701 182 44 essentia
1849 2701 122 44 diuina

1126 2734 104 53 uae
1185 2734 104 53 est
1245 2734 178 53 obiectum
1378 2734 193 53 fruibile,
1526 2734 104 53 est
1586 2734 104 53 ens
1645 2734 222 53 simpliciter
1808 2734 163 53 absolutum

1111 2774 79 46 &
1143 2774 111 46 non
1206 2774 190 46 includit
1348 2774 174 46 aliquam
1475 2774 237 46 necessariam
1664 2774 237 46 habitudinem
1854 2774 95 46 ad
1885 2774 95 46 quan

1119 2816 166 47 tumque
1219 2816 199 47 creaturam.

1151 2852 103 40 Ad
1202 2852 171 40 primum
1322 2852 154 40 horum
1425 2852 239 40 argumentum
1613 2852 222 40 dicendum,
1784 2852 137 40 quod
1852 2852 120 40 ante-

1111 2891 159 49 cedens
1222 2891 111 49 non
1286 2891 111 49 est
1350 2891 159 49 verum,
1461 2891 95 49 ad
1509 2891 239 49 probationem
1700 2891 127 49 eius
1779 2891 191 49 respondi
1906 2891 64 49 in

1114 2929 186 47 prologo,
1254 2929 109 47 cum
1316 2929 186 47 tractaui
1456 2929 93 47 de
1503 2929 217 47 cognitione
1658 2929 186 47 intuitiua-

1154 2967 96 50 Ad
1202 2967 191 50 secundum
1345 2967 207 50 dicendum,
1504 2967 127 50 quod
1584 2967 143 50 minor
1679 2967 111 50 non
1743 2967 111 50 est
1807 2967 143 50 vera:
1886 2967 96 50 quia

1115 3003 120 51 Deus
1190 3003 105 51 est
1250 3003 150 51 intime
1354 3003 180 51 praesens
1489 3003 120 51 omni
1564 3003 210 51 creaturae,
1729 3003 75 51 &
1759 3003 105 51 per
1803 3003 180 51 consequens

1115 3047 195 49 voluntati
1265 3047 105 49 sed
1325 3047 120 49 Deus
1400 3047 105 49 est
1460 3047 180 49 obiectum
1596 3047 195 49 fruibile:
1746 3047 120 49 ergo
1821 3047 105 49 &c.
1866 3047 105 49 Etiam

1120 3086 86 53 de
1163 3086 130 53 rebus
1249 3086 173 53 creatis,
1379 3086 216 53 aliqualiter
1551 3086 158 53 videtur
1666 3086 115 53 esse
1738 3086 130 53 dubia
1825 3086 115 53 illa
1882 3086 101 53 minor

1115 3128 180 64 propter
1246 3128 180 64 vltimam
1377 3128 197 64 rationem
1524 3128 115 64 cum
1590 3128 115 64 sua
1655 3128 295 64 confirmatione,
1885 3128 98 64 quam
