2357 3572
413 261 141 68 pali.
507 261 141 68 Ignis
601 261 125 68 enim
679 261 172 68 genitus
805 261 235 68 immediatius
992 261 188 68 causatur
1133 261 78 68 a
1149 261 125 68 calore

412 322 122 44 quam
488 322 76 44 a
519 322 214 44 substantia
686 322 137 44 ignis
778 322 229 44 generantis,
961 322 168 44 quamuis
1083 322 137 44 magis
1174 322 107 44 fit
1220 322 61 44 in

412 354 185 67 potestate
554 354 243 67 substantialis
754 354 157 67 sormae,
868 354 114 67 quam
940 354 171 67 caloris,
1068 354 114 67 quia
1139 354 128 67 causa
1211 354 71 67 pri

410 391 136 60 maria
500 391 121 60 plus
576 391 181 60 influit,
712 391 121 60 quam
772 391 196 60 secundaria.

458 435 96 54 Ad
506 435 193 54 secundum
651 435 193 54 dicendum
795 435 96 54 ad
843 435 193 54 minorem,
988 435 128 54 quod
1068 435 193 54 voluntas
1197 435 80 54 non

419 477 158 38 semper
530 477 143 38 habet
625 477 158 38 plenum
736 477 143 38 posse
831 477 143 38 super
926 477 206 38 remotione
1085 477 158 38 illius
1180 477 95 38 pro-

416 514 201 50 hibentis:
570 514 123 50 quia
647 514 108 50 non
709 514 108 50 est
771 514 93 50 in
817 514 201 50 potestate
971 514 170 50 nostra,
1095 514 77 50 a
1126 514 108 50 quo
1172 514 108 50 primo

411 561 182 42 moueatur
547 561 227 42 intellectus
729 561 76 42 :
759 561 136 42 etiam
850 561 212 42 corporalis
1016 561 151 42 nostra
1107 561 166 42 necessita

414 595 109 46 nos
477 595 141 46 cogit
571 595 234 46 considerare
758 595 203 46 quandoque
915 595 94 46 de
961 595 156 46 alijs,
1071 595 125 46 quam
1149 595 94 46 de
1180 595 94 46 vlti

411 633 92 41 mo
457 633 123 41 fine
533 633 138 41 etiam
625 633 123 41 illa
702 633 138 41 maior
794 633 107 41 non
855 633 169 41 videtur
978 633 123 41 esse
1054 633 138 41 vera:
1146 633 123 41 quia
1207 633 77 41 om-

416 675 105 50 nes
476 675 164 50 homines
595 675 149 50 natura
700 675 135 50 scire
790 675 209 50 desiderant
954 675 90 50 vt
999 675 135 50 patet
1089 675 90 50 1.
1134 675 164 50 metaph.
1238 675 45 50 &

418 712 153 45 tamen
520 712 119 45 non
588 712 153 45 omnes
690 712 204 45 remouent
843 712 272 45 impedimentum
1065 712 170 45 ipsius
1167 712 119 45 scire

423 750 91 48 in
468 750 167 48 quantum
590 750 183 48 possunt:
727 750 122 48 quia
803 750 137 48 multi
895 750 107 48 non
955 750 167 48 student
1077 750 167 48 tantum,
1184 750 91 48 quan

417 786 108 55 tum
478 786 169 55 possunt
601 786 77 55 &
632 786 200 55 deberent:
786 786 108 55 nec
848 786 200 55 abstinent
1002 786 77 55 a
1033 786 246 55 delectatione
1217 786 62 55 vo

408 831 228 53 nereorum,
584 831 140 53 quae
671 831 193 53 maximum
811 831 228 53 praestant
986 831 280 53 impedimentum
1196 831 88 53 in-

427 866 208 57 tellectiuae
594 866 208 57 cognitioni,
760 866 83 57 vt
802 866 125 57 patet
885 866 83 57 7.
913 866 180 57 ethicorum.,

463 891 119 70 Item
537 891 163 70 quamuis
656 891 222 70 intellectus
834 891 89 70 de
878 891 222 70 necessitate
1056 891 193 70 assentiat
1189 891 89 70 pri-

419 959 106 43 mis
479 959 227 43 principiis,
661 959 106 43 non
722 959 136 43 tamen
813 959 136 43 eadem
904 959 227 43 necessitate
1086 959 152 43 tollit
1177 959 106 43 impe-

421 991 182 49 dimentum
557 991 151 49 illius
663 991 182 49 actualis
799 991 197 49 assensus:
951 991 121 49 quia
1027 991 106 49 non
1087 991 151 49 semper
1178 991 106 49 consi

415 1024 156 56 derat
519 1024 225 56 terminos,
692 1024 87 56 &
726 1024 190 56 ordinem
847 1024 208 56 terminorum

455 1065 91 49 Ad
500 1065 167 49 tertium
622 1065 198 49 dicendum,
774 1065 122 49 quod
850 1065 137 49 minor
941 1065 106 49 non
1002 1065 106 49 est
1063 1065 122 49 vera
1139 1065 106 49 pro
1185 1065 106 49 statu

415 1101 200 56 praesentis
572 1101 143 56 vitae,
672 1101 100 56 vbi
730 1101 186 56 volubiles
873 1101 157 56 patimur
987 1101 229 56 cognitiones,
1173 1101 72 56 &
1202 1101 72 56 a
1216 1101 72 56 fan

412 1153 237 49 tasmatibus
599 1153 153 49 vario
700 1153 136 49 modo
785 1153 220 49 immutatur
955 1153 170 49 noster
1057 1153 220 49 intellectus

417 1191 103 43 nec
476 1191 103 43 est
535 1191 88 43 in
579 1191 191 43 potestate
726 1191 162 43 nostra,
844 1191 74 43 a
874 1191 103 43 quo
933 1191 147 43 primum
1036 1191 177 43 moueatur
1168 1191 74 43 :
1183 1191 103 43 etiam

417 1224 200 52 corporalis
574 1224 229 52 necessitatis
760 1224 157 52 inedia,
874 1224 86 52 de
917 1224 143 52 multis
1017 1224 143 52 aliis,
1117 1224 114 52 quam
1188 1224 86 52 de
1217 1224 57 52 vl

421 1266 117 49 timo
495 1266 117 49 fine
568 1266 103 49 nos
627 1266 132 49 saepe
714 1266 176 49 cogitare
846 1266 205 49 compellit:
1008 1266 161 49 propter
1125 1266 103 49 que
1169 1266 117 49 velit,

419 1303 102 40 vel
478 1303 132 40 nolit
566 1303 176 40 voluntas
697 1303 102 40 pro
756 1303 132 40 statu
844 1303 205 40 praesenris
1005 1303 190 40 miseriae,
1151 1303 88 40 in
1181 1303 102 40 vltim

424 1339 130 50 finis
510 1339 216 50 dilectione,
683 1339 86 50 se
726 1339 101 50 non
783 1339 144 50 potest
884 1339 201 50 continuare
1042 1339 115 50 actu
1114 1339 144 50 semper
1201 1339 86 50 eli-

415 1385 128 48 cito
495 1385 144 48 circa
591 1385 208 48 huiusmodi
751 1385 160 48 finem.
863 1385 160 48 Potest
975 1385 144 48 etiam
1071 1385 128 48 dici
1151 1385 96 48 ad
1183 1385 96 48 maio

427 1418 97 52 rem
483 1418 139 52 istius
580 1418 180 52 rationis:
718 1418 111 52 quia
787 1418 125 52 licet
870 1418 97 52 sit
926 1418 111 52 vera
995 1418 249 52 condicionibus,
1203 1418 69 52 &
1217 1418 69 52 cir

423 1460 259 49 cumstantiis
630 1460 155 49 eodem
734 1460 138 49 modo
820 1460 311 49 permanentibus,
1079 1460 155 49 tamen
1165 1460 121 49 muta-

429 1503 108 38 tis
490 1503 201 38 huiusmodi
645 1503 279 38 condicionibus,
877 1503 108 38 non
939 1503 108 38 est
1001 1503 139 38 vera:
1094 1503 170 38 quamuis
1202 1503 93 38 enim

422 1538 156 47 grauis
531 1538 125 47 aqua
609 1538 233 47 naturaliter
796 1538 187 47 quiescat
936 1538 187 47 deorsum,
1076 1538 140 47 tamen
1154 1538 140 47 impres-

417 1587 89 42 so
462 1587 119 42 sibi
536 1587 148 42 calore
640 1587 148 42 tendit
744 1587 163 42 sursum.
863 1587 104 42 Sic
922 1587 163 42 quamuis
1041 1587 134 42 finem
1115 1587 178 42 necessario

419 1622 178 51 velimus,
552 1622 148 51 stante
656 1622 118 51 eius
730 1622 163 51 actuali
848 1622 281 51 consideratione,
1085 1622 118 51 ista
1159 1622 133 51 tamen
1233 1622 59 51 mu

422 1653 130 58 tata,
508 1653 174 58 cessamus
639 1653 87 58 ab
682 1653 116 58 eius
740 1653 174 58 volitione.

467 1696 97 53 Ad
515 1696 178 53 quartum
644 1696 210 53 dicendum,
806 1696 129 53 quod
887 1696 145 53 agens
983 1696 242 53 necessarium
1161 1696 129 53 potest

427 1739 197 53 dupliciter
582 1739 225 53 considerari,
765 1739 99 53 vel
821 1739 211 53 simpliciter
990 1739 183 53 naturale,
1131 1739 99 53 vel
1187 1739 85 53 in
1216 1739 70 53 his

425 1776 134 44 quae
509 1776 151 44 agunt
610 1776 84 44 a
643 1776 218 44 proposito
811 1776 168 44 aliquo
928 1776 151 44 modo.
1029 1776 101 44 De
1079 1776 168 44 primo,
1179 1776 101 44 maio

434 1811 104 46 est
494 1811 134 46 vera;
583 1811 134 46 ignis
672 1811 119 46 enim
747 1811 193 46 calefacit
895 1811 164 46 quantum
1014 1811 149 46 potest
1118 1811 89 46 De
1148 1811 134 46 secunde

420 1853 108 50 non
481 1853 108 50 est
543 1853 138 50 vera:
635 1853 123 50 quia
712 1853 138 50 licet
804 1853 138 50 omnes
896 1853 169 50 homines
1019 1853 154 50 natura
1126 1853 138 50 scire
1203 1853 77 50 des

432 1892 173 50 derent,
558 1892 79 50 &
590 1892 110 50 per
653 1892 221 50 consequens
826 1892 236 50 necessario,
1015 1892 110 50 non
1078 1892 142 50 tamen
1157 1892 126 50 semper

423 1931 135 48 aeque
513 1931 164 48 intense
632 1931 209 48 desiderant
797 1931 135 48 ipsum
886 1931 149 48 scire;
991 1931 75 48 &
1021 1931 135 48 licet
1096 1931 194 48 intellectus

428 1973 193 42 necessario
580 1973 179 42 principus
717 1973 193 42 assentiat;
868 1973 124 42 tamen
951 1973 96 42 non
1006 1973 138 42 semper
1102 1973 124 42 aeque
1171 1973 110 42 intess

424 2012 200 49 assentit:
577 2012 108 49 sed
639 2012 154 49 quanto
746 2012 138 49 magis
838 2012 184 49 terminos
977 2012 261 49 principiorum,
1192 2012 77 49 &
1207 2012 77 49 or-

428 2046 147 53 dinem
525 2046 212 53 huiusmodi
688 2046 228 53 terminorum
868 2046 244 53 considerat,
1063 2046 147 53 tanto
1161 2046 114 53 cum
1210 2046 65 53 ma

418 2093 115 44 iori
489 2093 144 44 conatu
590 2093 158 44 firmius
705 2093 201 44 principiis
863 2093 172 44 assentit
993 2093 201 44 compositis
1151 2093 86 44 ex
1179 2093 101 44 tali-

425 2129 109 53 bus
488 2129 202 53 terminis,
643 2129 78 53 &
674 2129 109 53 hoc
736 2129 171 53 ceteris
861 2129 249 53 existentibus
1062 2129 186 53 paribus:
1187 2129 93 53 quod

421 2171 109 46 pro
484 2171 140 46 tanto
577 2171 186 46 adiungo,
716 2171 124 46 quia
794 2171 202 46 quandoque
949 2171 93 46 ex
995 2171 155 46 aliquo
1104 2171 171 46 euentu,
1212 2171 78 46 ita

419 2210 145 48 nigra
516 2210 161 48 posset
628 2210 177 48 aliquis
757 2210 161 48 habere
870 2210 242 48 fantasmata,
1063 2210 129 48 quod
1128 2210 161 48 terminis

425 2244 205 53 conceptis
583 2244 142 53 eodem
678 2244 174 53 ordine,
804 2244 111 53 non
867 2244 142 53 tanto
962 2244 158 53 conatu
1073 2244 142 53 ipsis
1152 2244 126 53 princi

432 2288 120 42 buis
507 2288 225 42 assentiret,
687 2288 150 42 quanto
792 2288 120 42 alio
867 2288 180 42 tempote,
1002 2288 105 42 cum
1062 2288 105 42 sua
1107 2288 180 42 fantasmata

421 2328 146 51 essent
523 2328 189 51 clariora.
669 2328 102 51 Sic
727 2328 87 51 in
771 2328 189 51 proposito
916 2328 146 51 stante
1018 2328 146 51 semper
1120 2328 175 51 actuali,
1236 2328 44 51 &

424 2362 161 54 aequali
541 2362 146 54 vltimi
644 2362 132 54 finis
731 2362 278 54 consideratione,
965 2362 132 54 aeque
1053 2362 161 54 intense
1155 2362 132 54 appetit

425 2401 191 56 voluntas
568 2401 143 56 ipsum
663 2401 159 56 finem;
775 2401 175 56 dummodo
902 2401 159 56 cetera
1013 2401 127 56 sint
1092 2401 159 56 paria:
1188 2401 95 56 quod

428 2445 114 41 pro
493 2445 147 41 tanto
591 2445 147 41 dico;
688 2445 130 41 quia
770 2445 130 41 homo
851 2445 163 41 bonus,
965 2445 81 41 &
998 2445 179 41 deuotus
1112 2445 163 41 languens

415 2488 72 48 &
443 2488 173 48 aestuans
573 2488 144 48 diuina
674 2488 188 48 caritate,
818 2488 159 48 aequali
934 2488 188 48 existente
1064 2488 216 48 consideratio-

417 2525 88 51 ne
461 2525 88 51 in
505 2525 132 51 ipso,
593 2525 73 51 &
623 2525 88 51 in
667 2525 147 51 quodam
769 2525 132 51 alio,
858 2525 103 51 qui
916 2525 103 51 vel
975 2525 103 51 non
1034 2525 132 51 habet
1107 2525 176 51 caritatem,

426 2564 108 49 vel
487 2564 108 49 non
549 2564 169 49 tantam,
672 2564 169 49 quantam
795 2564 139 49 habet
888 2564 139 49 ipse:
980 2564 154 49 potest
1088 2564 139 49 magis
1165 2564 108 49 inten

421 2594 101 53 se
472 2594 152 53 finem
573 2594 152 53 aeque
675 2594 270 53 consideratum
894 2594 220 53 appetere.
1063 2594 101 53 Et
1114 2594 135 53 idem
1182 2594 101 53 homo

414 2642 102 41 vno
473 2642 117 41 tpe,
546 2642 146 41 quauis
648 2642 161 41 inuitus
765 2642 161 41 patiens
882 2642 234 41 tentationes;
1072 2642 161 41 aequali
1174 2642 102 41 actu-

408 2675 85 48 li
450 2675 184 48 existente
592 2675 85 48 in
634 2675 99 48 suo
691 2675 198 48 intellectu
847 2675 127 48 finis
931 2675 269 48 consideratione,
1158 2675 71 48 &
1186 2675 85 48 in
1214 2675 57 48 af

410 2719 137 49 fectu
501 2719 183 49 aequali,
639 2719 107 49 vel
700 2719 137 49 etiam
791 2719 153 49 maiori
898 2719 183 49 caritate
1036 2719 168 49 quantum
1158 2719 92 49 ad
1188 2719 92 49 sub-

409 2760 191 45 stantiam
552 2760 191 45 habitus,
695 2760 223 45 retardatus
870 2760 143 45 tamen
966 2760 207 45 huiusmodi
1109 2760 159 45 tentatio

416 2794 154 46 nibus,
524 2794 139 46 minus
616 2794 170 46 intense
740 2794 154 46 fertur
848 2794 93 46 in
894 2794 170 46 vltimum
1017 2794 154 46 finem,
1125 2794 123 46 quam
1187 2794 77 46 ali

419 2838 195 49 tempore,
565 2838 113 49 quo
630 2838 211 49 huiusmodi
792 2838 276 49 tentationibus
1019 2838 113 49 non
1083 2838 195 49 laborat.
1213 2838 65 49 Ei

414 2872 136 56 istis
505 2872 121 56 bene
580 2872 227 56 intellectis
762 2872 197 56 soluuntur
914 2872 136 56 multa
1004 2872 197 56 argumenta
1141 2872 136 56 aliquo-

418 2909 108 47 rum
479 2909 200 47 doctorum,
633 2909 123 47 quae
710 2909 108 47 hic
771 2909 108 47 non
833 2909 154 47 adduxi
940 2909 169 47 ratione
1048 2909 200 47 breuitatis.

458 2948 96 50 Ad
506 2948 175 50 quintum
633 2948 207 50 dicendum,
793 2948 128 50 quod
873 2948 143 50 maior
968 2948 112 50 non
1032 2948 112 50 est
1096 2948 143 50 vera.
1175 2948 96 50 Motu

424 2972 126 76 enim
503 2972 142 76 coeli
598 2972 236 76 necessarius
787 2972 110 76 est
850 2972 189 76 secundum
991 2972 252 76 philosophos;
1196 2972 79 76 &
1212 2972 63 76 ta

412 3032 111 45 men
476 3032 143 45 motus
571 3032 239 45 inferiores,
762 3032 111 45 qui
826 3032 127 45 sibi
905 3032 270 45 subordinantur
1128 3032 127 45 sunt
1191 3032 80 45 con

427 3070 199 44 tingentes:
583 3070 114 44 quia
654 3070 128 44 agens
740 3070 213 44 necessarium
910 3070 171 44 mediante
1038 3070 128 44 causa
1124 3070 142 44 secuda
1209 3070 71 44 com

407 3113 213 57 tingente,
570 3113 164 57 potest
685 3113 196 57 effectum
832 3113 262 57 contingentem
1045 3113 229 57 producere.
1209 3113 65 57 Vn

1303 252 101 77 de
1354 252 254 77 naturaliter
1557 252 220 77 loquendo,
1726 252 152 77 magis
1827 252 220 77 econuerso
1996 252 152 77 debet
2081 252 101 77 sumi

1314 312 138 45 maior
1406 312 138 45 illa;
1497 312 122 45 quia
1574 312 138 45 causa
1666 312 184 45 inferior
1803 312 153 45 aliquo
1911 312 122 45 modo
1987 312 138 45 habet
2064 312 122 45 ratio-

1321 355 103 48 nem
1380 355 176 48 effectus
1512 355 176 48 respectu
1644 355 147 48 causae
1746 355 220 48 superioris:
1922 355 73 48 &
1952 355 117 48 quia
2025 355 132 48 sicut
2098 355 88 48 isti

1313 403 181 42 doctores
1449 403 106 42 met
1509 403 166 42 dicunt:
1630 403 181 42 effectus
1766 403 106 42 non
1827 403 151 42 potest
1932 403 121 42 esse
1993 403 181 42 necessariu

1307 441 144 44 causa
1403 441 207 44 existente
1562 441 255 44 contingente;
1769 441 128 44 ideo
1849 441 239 44 conformiter
2040 441 96 44 ad
2072 441 112 44 dicta

1316 470 142 53 eorum
1411 470 206 53 loquendo,
1569 470 126 53 ipsi
1648 470 158 53 dicere
1759 470 174 53 debent,
1885 470 126 53 quod
1964 470 95 53 in
1996 470 174 53 potentiis

1326 512 142 56 causis
1425 512 242 56 subordinatis,
1624 512 85 56 si
1667 512 171 56 inferior
1795 512 142 56 fuerit
1895 512 213 56 necessaria,
2065 512 114 56 tunc
2122 512 57 56 de

1314 562 227 45 necessitate
1495 562 166 45 oportet
1616 562 212 45 superiorem
1782 562 121 45 esse
1858 562 242 45 necessariam,
2054 562 106 45 cum
2099 562 76 45 ta-

1307 590 111 50 men
1370 590 205 50 econuerso
1528 590 158 50 dicant
1639 590 95 50 in
1686 590 126 50 illa
1750 590 126 50 maiore

1302 610 103 75 Ad
1353 610 172 75 primam
1473 610 206 75 rationem
1628 610 189 75 secundi
1765 610 206 75 doctoris
1920 610 223 75 dicendum,
2074 610 103 75 quod

1319 668 136 51 minor
1410 668 106 51 est
1470 668 151 51 falsa:
1576 668 121 51 quia
1652 668 182 51 fruibile
1788 668 121 51 siue
1863 668 212 51 beatificum
2015 668 166 51 obiectum,

1312 718 182 46 quamuis
1445 718 182 46 obscure
1577 718 281 46 apprehenditur
1809 718 116 46 sub
1875 718 182 46 ratione
2007 718 149 46 summi
2090 718 99 46 boni

1319 747 237 55 aggregantis
1509 747 95 55 in
1556 747 95 55 se
1603 747 142 55 omnem
1698 747 189 55 rationem
1840 747 142 55 boni.
1934 747 110 55 Sic
1997 747 126 55 enim
2061 747 110 55 illi-

1318 786 188 57 mundanus
1459 786 250 57 philosophus.
1662 786 94 57 5.
1709 786 141 57 meth.
1803 786 94 57 c.
1850 786 94 57 de
1897 786 188 57 perfecto
2022 786 156 57 appreher

1322 825 111 53 dit
1386 825 143 53 ipsum
1481 825 175 53 dicens.
1608 825 111 53 Est
1672 825 127 53 enim
1751 825 175 53 quoddam
1878 825 111 53 ens
1942 825 207 53 perfectum
2085 825 95 53 vni-

1314 870 174 42 uersali
1440 870 252 42 perfectione,
1646 870 158 42 habens
1756 870 95 42 in
1803 870 95 42 se
1851 870 252 42 perfectionem
2040 870 142 42 omniuni

1311 903 202 59 generum.
1463 903 101 59 Et
1513 903 101 59 2.
1564 903 169 59 metaph
1682 903 118 59 ait
1750 903 219 59 Auerroes.
1918 903 118 59 Est
1986 903 135 59 enim
2053 903 118 59 quodd

1323 953 99 44 ens
1379 953 99 44 per
1436 953 85 44 se
1478 953 113 44 ens,
1549 953 71 44 &
1577 953 99 44 per
1634 953 85 44 se
1676 953 141 44 verum,
1775 953 184 44 entitate,
1916 953 71 44 &
1945 953 170 44 veritate
2072 953 141 44 cuius,

1316 996 142 44 omnia
1411 996 127 44 alia
1490 996 127 44 sunt
1569 996 158 44 entia,
1680 996 79 44 &
1712 996 142 44 vera.
1807 996 95 44 Et
1854 996 142 44 eodem
1949 996 142 44 modo:
2044 996 127 44 quia
2108 996 63 44 bo

1318 1020 125 57 num,
1397 1020 78 57 &
1428 1020 110 57 ens
1491 1020 267 57 conuertuntur,
1710 1020 141 57 habet
1805 1020 173 57 dicere,
1930 1020 125 57 quod
2008 1020 110 57 sit
2071 1020 110 57 per
2118 1020 63 57 se

1319 1062 165 52 bonum,
1434 1062 82 52 &
1467 1062 132 52 quod
1549 1062 197 52 bonitate
1697 1062 132 52 eius
1779 1062 148 52 omnia
1878 1062 132 52 alia
1960 1062 132 52 sunt
2042 1062 148 52 bona.
2125 1062 49 52 E

1313 1110 95 46 ad
1361 1110 238 46 probationem
1551 1110 143 46 dico,
1646 1110 127 46 quod
1726 1110 95 46 ex
1773 1110 127 46 illa
1853 1110 111 46 non
1916 1110 238 46 quietatione
2091 1110 79 46 non

1313 1143 184 52 arguitur
1451 1143 153 52 aliqua
1558 1143 230 52 impersectio
1742 1143 92 52 in
1788 1143 123 52 illo
1864 1143 123 52 bono
1941 1143 215 52 appreheso:
2094 1143 77 52 qui

1318 1184 252 45 apprehendens
1523 1184 142 45 illud
1617 1184 142 45 bonum
1711 1184 110 45 sub
1774 1184 173 45 ratione
1900 1184 157 45 vltimi
2010 1184 142 45 finis
2089 1184 94 45 per-

1323 1228 138 48 cipit
1415 1228 138 48 illam
1507 1228 277 48 inquietudinem,
1737 1228 123 48 quam
1814 1228 138 48 adhuc
1906 1228 184 48 patitur,
2045 1228 108 48 non
2091 1228 92 48 pro-

1323 1262 148 45 uenire
1427 1262 89 45 ex
1471 1262 162 45 defectu
1589 1262 148 45 illius
1693 1262 118 45 boni
1766 1262 207 45 apprehensi
1929 1262 103 45 sed
1988 1262 133 45 magis
2077 1262 89 45 ex
2106 1262 74 45 in-

1318 1300 264 55 dispositone,
1532 1300 82 55 &
1565 1300 231 55 impotentia
1746 1300 313 55 apprehendentis.
2009 1300 132 55 Vnde
2075 1300 132 55 philo-

1322 1338 159 46 sophus
1433 1338 254 46 apprehendens
1639 1338 190 46 obiectum
1782 1338 190 46 fruibile
1925 1338 127 46 sinc
2004 1338 127 46 omni
2068 1338 111 46 defe-

1313 1391 110 38 ctu
1376 1391 126 38 ait.
1455 1391 79 38 1
1486 1391 157 38 ethic.
1596 1391 94 38 Si
1643 1391 126 38 ergo
1722 1391 110 38 est
1785 1391 173 38 aliquod
1911 1391 157 38 Deorum
2021 1391 142 38 donum
2099 1391 79 38 ho-

1329 1423 181 46 minibus,
1465 1423 226 46 rationabile
1646 1423 121 46 est,
1721 1423 226 46 felicitatem
1902 1423 106 46 Dei
1963 1423 136 46 donum
2053 1423 136 46 esse.
2129 1423 60 46 Et

1321 1459 197 59 sequitur
1468 1459 180 59 ibidem.
1599 1459 180 59 Optimum
1730 1459 197 59 videtur,
1878 1459 82 59 &
1910 1459 180 59 diuinum
2042 1459 147 59 quid,
2140 1459 82 59 &

1304 1500 166 47 beatum.

1365 1539 92 44 Ad
1411 1539 183 44 secundum
1548 1539 199 44 dicendum,
1701 1539 122 44 quod
1777 1539 138 44 minor
1869 1539 107 44 non
1930 1539 107 44 est
1991 1539 138 44 vera:
2083 1539 92 44 ad
2114 1539 76 44 pro

1326 1580 203 43 bationem
1478 1580 152 43 dico,
1580 1580 135 43 quod
1664 1580 169 43 legens
1782 1580 169 43 librum
1901 1580 220 43 ethicorum
2053 1580 135 43 primum

1323 1621 111 46 vel
1386 1621 205 46 inquirens
1544 1621 205 46 veritatem
1702 1621 142 46 circa
1797 1621 142 46 finis
1892 1621 284 46 speculationem;
2113 1621 79 46 non

1329 1657 161 41 semper
1441 1657 241 41 apprehendit
1634 1657 177 41 vltimum
1762 1657 161 41 finem,
1875 1657 112 41 ita
1939 1657 128 41 quod
2019 1657 128 41 actu
2084 1657 112 41 iudi-

1321 1694 101 51 cet
1378 1694 87 51 de
1422 1694 115 51 ipso
1494 1694 130 51 sicut
1580 1694 87 51 de
1623 1694 159 51 obiecto
1739 1694 245 51 felicitatiuo,
1941 1694 72 51 &
1970 1694 202 51 beatifico:
2114 1694 72 51 pro

1316 1736 207 43 quocunque
1475 1736 128 43 enim
1555 1736 175 43 tempore
1683 1736 112 43 sic
1747 1736 175 43 iudicat
1874 1736 96 43 de
1922 1736 143 43 ipso,
2002 1736 175 43 necessari

1321 1776 177 46 appetit
1450 1776 161 46 ipsum,
1562 1776 80 46 &
1594 1776 113 46 pro
1659 1776 129 46 tunc
1739 1776 113 46 non
1803 1776 161 46 potest
1916 1776 145 46 ipsum
2012 1776 113 46 non
2060 1776 129 46 amare.

1329 1812 114 49 Vnde
1400 1812 86 49 si
1443 1812 129 49 esset
1529 1812 157 49 aliquis
1643 1812 100 49 ita
1701 1812 172 49 peruersi
1829 1812 157 49 cordis,
1944 1812 114 49 quod
2015 1812 172 49 diceret:
2130 1812 57 49 se

1318 1853 196 53 obiectum
1464 1853 228 53 beatificum
1644 1853 114 53 non
1709 1853 212 53 appetere,
1872 1853 114 53 cum
1937 1853 147 53 tamen
2035 1853 130 53 actu
2100 1853 82 53 iud

1314 1897 151 47 caret:
1420 1897 91 47 de
1465 1897 121 47 ipso
1540 1897 136 47 modo,
1631 1897 106 47 quo
1691 1897 121 47 dixi
1767 1897 91 47 de
1812 1897 121 47 illo
1887 1897 151 47 vtique
1993 1897 151 47 dicere
2083 1897 91 47 debe

1321 1938 157 47 remus,
1431 1938 141 47 sicut
1525 1938 110 47 ait
1588 1938 235 47 philosophus
1776 1938 251 47 denegantibus
1980 1938 157 47 primum
2074 1938 110 47 prin-

1318 1971 158 42 cipium
1429 1971 95 42 4.
1477 1971 174 42 metaph.
1603 1971 127 42 quod
1683 1971 158 42 negant
1794 1971 111 42 ore
1857 1971 79 42 :
1889 1971 143 42 corde
1984 1971 143 42 tamen
2063 1971 111 42 conci

1321 2012 144 50 dunt.
1417 2012 112 50 Sic
1481 2012 128 50 iste
1561 2012 160 50 negans
1673 2012 112 50 ore
1737 2012 256 50 beatitudinem
1946 2012 128 50 actu
2010 2012 176 50 apprehen-

1318 2055 106 45 sam
1378 2055 182 45 ordinato
1515 2055 182 45 rationis
1651 2055 167 45 iudicio
1772 2055 91 45 se
1818 2055 197 45 appetere:
1969 2055 197 45 appeteret
2105 2055 76 45 ta-

1315 2093 116 43 men
1382 2093 165 43 corde.
1497 2093 116 43 vel
1563 2093 215 43 dicendum,
1728 2093 132 43 quod
1811 2093 182 43 quamuis
1943 2093 116 43 per
2009 2093 116 43 hoc
2058 2093 116 43 probe

1314 2134 120 47 tur,
1389 2134 120 47 quod
1464 2134 135 47 talis
1554 2134 135 47 actus
1644 2134 180 47 absolute
1778 2134 105 47 non
1838 2134 105 47 sit
1898 2134 240 47 necessarius:
2078 2134 105 47 tamen

1323 2171 110 61 non
1386 2171 204 61 probatur,
1543 2171 125 61 quin
1621 2171 157 61 stante
1731 2171 110 61 hac
1794 2171 235 61 conditione,
1982 2171 125 61 puta
2045 2171 141 61 actuali

1320 2209 124 56 finis
1403 2209 261 56 consideratione,
1623 2209 110 56 ipse
1692 2209 96 56 sit
1733 2209 179 56 necessarius

1347 2241 107 62 Ad
1401 2241 215 62 secundam
1562 2241 268 62 probationem
1777 2241 233 62 dicendum,
1955 2241 143 62 quod
2027 2241 161 62 quamuis

1317 2292 194 45 affectati
1466 2292 209 45 affectione
1630 2292 119 45 mala
1705 2292 104 45 non
1764 2292 119 45 bene
1839 2292 194 45 iudicent,
1988 2292 119 45 tame
2048 2292 134 45 affect.

1316 2327 80 52 ti
1356 2327 188 52 affectione
1503 2327 121 52 bona,
1584 2327 134 52 qualis
1678 2327 94 52 est
1731 2327 161 52 affectio
1852 2327 134 52 vltimi
1946 2327 134 52 finis,
2040 2327 107 52 illi
2094 2327 80 52 opti

1319 2366 100 48 me
1353 2366 183 48 iudicant.

1324 2404 92 45 Ad
1370 2404 169 45 tertium
1493 2404 200 45 dicendum,
1646 2404 123 45 quod
1723 2404 138 45 maior
1815 2404 108 45 est
1877 2404 154 45 falsa:
1984 2404 123 45 quia
2061 2404 108 45 per
2107 2404 77 45 im-

1318 2446 224 50 mobilitatem
1497 2446 224 50 voluntatis,
1676 2446 105 50 vel
1736 2446 224 50 intelligis,
1915 2446 119 50 quod
1990 2446 179 50 voluntas
2109 2446 75 50 non

1319 2495 151 43 potest
1424 2495 90 43 id
1469 2495 105 43 non
1530 2495 151 43 velle,
1635 2495 181 43 respectu
1771 2495 135 43 cuius
1861 2495 166 43 dicitur
1966 2495 211 43 immobilitari

1329 2521 100 54 vel
1386 2521 114 54 quod
1457 2521 100 54 non
1514 2521 142 54 possit
1614 2521 128 54 aliud
1699 2521 142 54 velle,
1799 2521 100 54 sed
1856 2521 128 54 solum
1941 2521 142 54 illud,
2041 2521 100 54 vel
2083 2521 100 54 licet

1319 2557 132 55 aliud
1408 2557 147 55 velit;
1511 2557 132 55 illud
1599 2557 147 55 tamen,
1702 2557 177 55 respectu
1834 2557 132 55 cuius
1923 2557 162 55 dicitur
2026 2557 147 55 immobili

1321 2604 135 54 tari,
1411 2604 105 54 non
1471 2604 151 54 potest
1577 2604 166 54 referre
1697 2604 90 54 in
1742 2604 151 54 illud,
1848 2604 151 54 taquam
1953 2604 90 54 in
1998 2604 135 54 maius
2074 2604 105 54 bonum

1330 2649 142 49 quia
1419 2649 160 49 illud
1525 2649 195 49 reputat
1667 2649 177 49 summum
1792 2649 177 49 bonum.
1916 2649 106 49 Si
1969 2649 160 49 primo
2058 2649 124 49 modo;

1321 2679 125 49 tunc
1399 2679 140 49 maior
1493 2679 109 49 est
1555 2679 156 49 falsa:
1664 2679 125 49 quia
1742 2679 171 49 hominis
1867 2679 125 49 esse
1944 2679 109 49 sic
1991 2679 187 49 immobilita

1322 2720 130 54 eius
1403 2720 244 54 voluntatem,
1598 2720 130 54 quod
1679 2720 195 54 secundum
1826 2720 130 54 Aug.
1907 2720 146 54 etiam
2004 2720 130 54 ipsi
2069 2720 114 54 damna

1315 2760 92 50 ti
1361 2760 107 50 per
1422 2760 107 50 se,
1483 2760 76 50 &
1513 2760 168 50 directe
1635 2760 107 50 non
1697 2760 168 50 possunt
1819 2760 183 50 appetere
1956 2760 107 50 non
2017 2760 137 50 esse;
2094 2760 76 50 &ta

1317 2800 105 47 men
1377 2800 90 47 ex
1422 2800 120 47 illo
1497 2800 210 47 immutabili
1662 2800 195 47 desiderio
1812 2800 105 47 non
1872 2800 120 47 sunt
1947 2800 195 47 feliciter
2082 2800 105 47 quie-

1321 2839 136 42 tati.
1411 2839 91 42 Si
1457 2839 151 42 secudo
1562 2839 136 42 modo,
1653 2839 121 42 tunc
1728 2839 106 42 nec
1789 2839 166 42 beatus,
1909 2839 106 42 nec
1970 2839 121 42 ipse
2045 2839 121 42 Deus
2106 2839 75 42 im-

1326 2881 237 50 mutabiliter
1516 2881 158 50 vellet
1626 2881 126 50 suum
1705 2881 189 50 obiectum
1847 2881 237 50 beatificum,
2036 2881 142 50 cuius
2115 2881 63 50 op

1319 2922 135 46 posit
1409 2922 210 46 ostendetur
1574 2922 90 46 in
1619 2922 150 46 tertio
1724 2922 195 46 articulo.
1873 2922 90 46 Si
1918 2922 120 46 enim
1993 2922 150 46 beatus
2083 2922 90 46 nihi

1325 2950 127 53 aliud
1409 2950 141 53 posset
1508 2950 183 53 appetere,
1649 2950 155 53 praeter
1762 2950 155 53 obiectu
1875 2950 197 53 beatificu,
2030 2950 113 53 tunc
2086 2950 113 53 nullum

1327 2994 167 43 posset
1444 2994 167 43 habere
1562 2994 184 43 praemim
1696 2994 268 43 accidentale.
1913 2994 134 43 Quod
1997 2994 151 43 autem
2081 2994 100 43 Deus

1310 3028 145 53 aliqud
1411 3028 130 53 aliud
1498 3028 72 53 a
1527 3028 87 53 se
1570 3028 145 53 velit,
1672 3028 72 53 &
1701 3028 159 53 diligat
1817 3028 130 53 patet
1904 3028 87 53 et
1947 3028 159 53 physice
2049 3028 159 53 loquendo.

1321 3075 172 42 Dicitur
1447 3075 141 42 enim.
1541 3075 94 42 x.
1588 3075 157 42 ethic.
1698 3075 125 42 quod
1776 3075 188 42 secundum
1917 3075 235 42 intellectum
2090 3075 78 42 opo

1300 3110 148 57 rans,
1398 3110 82 57 &
1431 3110 132 57 hunc
1513 3110 165 57 curans
1629 3110 230 57 dispositus
1810 3110 181 57 optime,
1941 3110 82 57 &
1958 3110 230 57 amantissimus
