2358 3531
182 238 109 72 Deo
245 238 125 72 esse
323 238 187 72 videtur.
463 238 94 72 Et
510 238 187 72 sequitur
651 238 140 72 parum
744 238 140 72 post.
822 238 203 72 Amantissimu

183 303 122 46 ergo
259 303 107 46 Deo
320 303 137 46 erit;
412 303 122 46 ergo
488 303 168 46 sapiens
610 303 153 46 maxime
717 303 153 46 felix.
823 303 92 46 Si
869 303 153 46 tertio
961 303 76 46 mo-

182 343 104 48 do,
242 343 119 48 tunc
316 343 134 48 adhuc
406 343 134 48 maior
495 343 104 48 est
555 343 149 48 falsa:
659 343 119 48 quia
734 343 134 48 licet
808 343 224 48 immutabiliter

177 383 257 41 desideremus
383 383 120 41 id,
451 383 137 41 quod
537 383 223 41 iudicamus
708 383 137 41 esse
794 383 171 41 summum
897 383 137 41 bonum,

176 419 81 53 &
208 419 113 53 non
273 419 227 53 referibile
451 419 97 53 in
500 419 146 53 aliud
597 419 146 53 maius
695 419 162 53 bonum,
808 419 146 53 tamen
889 419 146 53 quandiu

176 459 139 45 sumus
268 459 92 45 in
314 459 123 45 via,
391 459 185 45 perfecte
530 459 108 45 non
592 459 231 45 quiescimus:
776 459 123 45 quia
854 459 139 45 ipsum
931 459 92 45 per-

178 498 146 42 fecte
275 498 114 42 non
340 498 243 42 possidemus:
535 498 227 42 desiderium
713 498 130 42 enim
794 498 114 42 rei
859 498 162 42 nondum
956 498 65 42 ha

178 535 147 43 bitae,
281 535 133 43 dato,
370 535 118 43 quod
444 535 221 43 impossibile
620 535 103 43 sit
679 535 103 43 non
738 535 133 43 esse,
827 535 133 43 tamen
915 535 103 43 non
959 535 74 43 dat

177 576 170 47 quietum
300 576 139 47 esse:
393 576 124 47 quia
470 576 216 47 desiderium
640 576 108 47 rei
702 576 108 47 non
764 576 170 47 habitae
888 576 108 47 est
934 576 93 47 qui-

177 615 105 56 dam
237 615 135 56 motus
327 615 149 56 animi,
431 615 135 56 cuius
521 615 179 56 terminus
655 615 105 56 est
715 615 135 56 quies
805 615 90 56 in
850 615 120 56 ipsa
924 615 90 56 re
954 615 75 56 de-

167 652 179 46 fiderata
301 652 104 46 iam
361 652 164 46 habita,
480 652 75 46 &
495 652 149 46 possessa

209 684 91 49 Ad
254 684 167 49 quartum
376 684 197 49 dicendum,
527 684 121 49 quod
603 684 137 49 minor
694 684 106 49 non
755 684 106 49 est
816 684 137 49 vera:
907 684 91 49 ad
937 684 91 49 pro-

166 731 187 46 bationem
306 731 140 46 dico,
400 731 124 46 quod
478 731 140 46 amor,
571 731 109 46 quo
633 731 171 46 diligit
758 731 93 46 se
804 731 140 46 homo,
898 731 109 46 non
944 731 78 46 est

172 774 192 40 contigens
320 774 103 40 sed
379 774 236 40 nectssarius,
571 774 251 40 praesupposita
778 774 162 40 actuali
881 774 148 40 conside-

169 815 188 45 ratione,
310 815 78 45 &
342 815 141 45 recto
436 815 173 45 indicio
561 815 94 45 de
609 815 94 45 se
656 815 141 45 ipso:
750 815 141 45 tamen
844 815 110 45 hoc
907 815 110 45 non
954 815 78 45 ob-

156 850 166 44 stante,
276 850 151 44 potest
382 850 90 44 se
427 850 121 44 homo
503 850 136 44 plus,
593 850 105 44 vel
653 850 136 44 minus
744 850 196 44 diligere,
879 850 151 44 secundum

153 892 71 49 u
181 892 100 49 est
238 892 157 49 melius,
353 892 100 49 vel
410 892 129 49 minus
496 892 214 49 dispositus,
667 892 71 49 &
695 892 171 49 secundum
824 892 100 49 que
881 892 129 49 magis
953 892 71 49 in-

158 930 151 43 tense,
264 930 106 43 vel
324 930 136 43 minus
414 930 166 43 intense
535 930 166 43 iudicat
656 930 91 43 de
701 930 91 43 se
746 930 136 43 ipso,
837 930 75 43 &
867 930 106 43 nec
912 930 106 43 virtu

155 967 110 43 nec
218 967 157 43 vitium
328 967 110 43 est
391 967 94 43 in
438 967 125 43 isto
516 967 141 43 amore
610 967 188 43 absolute
751 967 204 43 loquendo:
908 967 125 43 quia
971 967 47 43 v

146 1007 92 44 fc
192 1007 123 44 amor
269 1007 123 44 iste
346 1007 108 44 est
407 1007 200 44 purissime
561 1007 215 44 naturalis:
730 1007 92 44 Ex
776 1007 138 44 puris
868 1007 138 44 autem
945 1007 77 44 na-

153 1047 228 45 turalibus,
332 1047 114 45 nec
397 1047 211 45 laudamur,
559 1047 114 45 nec
624 1047 260 45 vituperamur,
836 1047 98 45 vt
885 1047 146 45 patet
966 1047 65 45 in

156 1086 183 49 ethicis.
293 1086 92 49 In
339 1086 122 49 modo
415 1086 137 49 tamen
507 1086 153 49 istius
613 1086 153 49 amoris
720 1086 153 49 potest
827 1086 122 49 esse
888 1086 137 49 vitium,

154 1126 202 46 velurtus:
310 1126 124 46 quia
388 1126 171 46 quamuis
512 1126 124 46 amor
590 1126 124 46 iste
667 1126 109 46 sit
730 1126 249 46 necessarius,
916 1126 109 46 multi

151 1161 149 50 tamen
251 1161 133 50 modi
334 1161 182 50 possunt
466 1161 133 50 esse
549 1161 149 50 circa
649 1161 149 50 istum
748 1161 182 50 amorem,
881 1161 116 50 qui
931 1161 99 50 sunt

150 1211 274 34 contingentes,
376 1211 81 34 &
408 1211 97 34 in
457 1211 210 34 potestate
602 1211 129 34 nostra

182 1242 108 42 Sed
243 1242 139 42 forte
336 1242 139 42 dices
428 1242 139 42 mihi,
520 1242 123 42 quod
597 1242 139 42 multi
689 1242 169 42 seipsos
813 1242 200 42 occidunt,
951 1242 77 42 quo

147 1281 127 43 modo
227 1281 127 43 illi
306 1281 95 43 se
354 1281 191 43 diligunt
497 1281 127 43 Item
577 1281 143 43 multi
672 1281 159 43 sancti
783 1281 159 43 mortem
879 1281 143 43 deside-

147 1330 200 44 rauerunt,
301 1330 154 44 quorum
408 1330 123 44 vnus
485 1330 169 44 sanctus
608 1330 185 44 scilicet
747 1330 154 44 Paulus
855 1330 154 44 dixit.
947 1330 77 44 Cu-

142 1358 112 53 pio
206 1358 208 53 dissolui:
366 1358 80 53 &
398 1358 128 53 esse
478 1358 112 53 cum
526 1358 160 53 Christo.

179 1397 207 47 Respondeo
338 1397 239 47 dupliciter.
530 1397 143 47 Primo
625 1397 128 47 quia
705 1397 112 47 cum
769 1397 143 47 dico,
865 1397 128 47 quod
928 1397 96 47 homo

152 1437 231 45 necessario
333 1437 182 45 diligit
465 1437 198 45 seipsum,
614 1437 165 45 loquor
729 1437 99 45 de
779 1437 165 45 homine
894 1437 99 45 vt
927 1437 99 45 homo

148 1474 120 44 est,
223 1474 105 44 sed
283 1474 120 44 nunc
358 1474 105 44 est
418 1474 120 44 ita,
493 1474 120 44 quod
568 1474 150 44 aliqui
674 1474 120 44 sunt
749 1474 165 44 peiores
854 1474 180 44 hominibus:

148 1515 128 42 ficut
233 1515 113 42 sunt
304 1515 128 42 illi,
389 1515 99 42 qui
446 1515 170 42 laborant
573 1515 85 42 in
616 1515 128 42 vitio
701 1515 255 42 bestialitatis,
914 1515 85 42 de
942 1515 85 42 qui-

148 1553 115 47 bus
213 1553 262 47 phiolosophus
426 1553 245 47 determinat.
622 1553 98 47 7.
671 1553 147 47 ethi.
769 1553 131 47 Alij
851 1553 147 47 autem
933 1553 98 47 sunt

141 1595 194 50 meliores
287 1595 227 50 hominibus:
465 1595 97 50 de
514 1595 162 50 quibus
627 1595 146 50 circa
724 1595 227 50 principium
886 1595 130 50 eiusdi

140 1631 181 44 septimi
271 1631 197 44 Hectorem
419 1631 164 44 ponens
534 1631 98 44 in
583 1631 197 44 exemplum
731 1631 131 44 ait,
813 1631 131 44 quod
878 1631 148 44 Priamus

156 1670 76 43 i
186 1670 91 43 de
232 1670 182 43 Hectore,
368 1670 121 43 quod
444 1670 106 43 non
504 1670 121 43 erat
580 1670 151 43 filius
686 1670 182 43 mortalis
822 1670 182 43 hominis,
943 1670 76 43 sec

147 1711 123 49 Dei,
223 1711 169 49 quoniam
346 1711 138 49 valde
438 1711 123 49 erat
515 1711 153 49 bonus.
622 1711 92 49 Et
668 1711 184 49 sequitur
806 1711 169 49 ibidem.
914 1711 107 49 Quare

145 1757 255 44 quemadmodum
349 1757 153 44 aiut,
451 1757 102 44 ex
502 1757 221 44 hominibus
671 1757 153 44 erunt
773 1757 170 44 diuini
875 1757 153 44 propter

152 1791 157 41 nentis
262 1791 266 41 excelsentiam.
481 1791 94 41 Et
528 1791 94 41 de
575 1791 157 41 eisdem
685 1791 110 41 ait
748 1791 141 41 primo
842 1791 157 41 ethic.
936 1791 78 41 vi-

146 1833 147 47 torum
244 1833 196 47 optimos,
391 1833 82 47 &
423 1833 245 47 dignissimos
620 1833 278 47 beatificamus.
848 1833 98 47 Et
897 1833 114 47 per
946 1833 82 47 hoc

161 1868 111 40 tet
225 1868 95 40 ad
272 1868 239 40 instantias:
463 1868 127 40 quia
543 1868 175 40 occisor
670 1868 127 40 sui,
750 1868 111 40 est
813 1868 143 40 peior
893 1868 127 40 homine

159 1907 110 43 rmo
222 1907 142 43 peror
317 1907 110 43 est
380 1907 173 43 bestia,
506 1907 79 43 &
537 1907 126 43 ideo
616 1907 110 43 non
679 1907 157 43 mirum,
789 1907 94 43 si
836 1907 110 43 non
883 1907 142 43 diligit

156 1948 100 45 IA
206 1948 150 45 homo.
307 1948 184 45 Cupiens
440 1948 150 45 autem
541 1948 217 45 dissolui,
708 1948 84 45 &
741 1948 134 45 esse
825 1948 117 45 cum
875 1948 150 45 Christo

161 1986 84 45 m
195 1986 167 45 nelior
312 1986 184 45 homine:
445 1986 134 45 quia
529 1986 117 45 non
596 1986 150 45 solum
696 1986 200 45 heroicam
846 1986 150 45 habet
930 1986 84 45 vir

161 2021 125 48 nm,
233 2021 143 48 quae
322 2021 214 48 secundum
483 2021 268 48 philosophum
697 2021 197 48 hominem
840 2021 161 48 facit
930 2021 89 48 di-

154 2073 160 40 tinum,
266 2073 112 40 sed
330 2073 144 40 etiam
425 2073 192 40 perfecte
569 2073 192 40 possidet
713 2073 239 40 theologicam
888 2073 128 40 carita

154 2112 136 44 tem,
239 2112 136 44 quae
324 2112 255 44 transformat
528 2112 187 44 amantem
664 2112 102 44 in
698 2112 153 44 amatum.

170 2135 164 59 Secundo
289 2135 149 59 possum
394 2135 74 59 &
423 2135 149 59 aliter
528 2135 179 59 soluere,
662 2135 119 59 quod
736 2135 164 59 occisor
855 2135 104 59 sui
900 2135 119 59 ipsius

143 2182 109 45 non
206 2182 140 45 habet
299 2182 156 45 rectum
408 2182 187 45 iudicium
548 2182 93 45 de
595 2182 93 45 se
642 2182 140 45 ipso:
735 2182 125 45 quia
813 2182 171 45 malitia
922 2182 109 45 super

153 2221 177 51 oundans
282 2221 209 51 peruertit
442 2221 193 51 iudicium
587 2221 209 51 rationis,
748 2221 80 51 &
780 2221 129 51 ideo
860 2221 161 51 potest
957 2221 64 51 si

142 2262 149 46 etire
242 2262 116 46 Sed
308 2262 232 46 desiderans
490 2262 132 46 mori
572 2262 182 46 propter
705 2262 132 46 Deum
787 2262 165 46 maxime
903 2262 99 46 se
936 2262 83 46 di-

149 2303 97 41 ee
197 2303 130 41 quia
279 2303 130 41 sibi
360 2303 130 41 ipsi
441 2303 211 41 perfectum
603 2303 146 41 bonum
700 2303 195 41 appetit.
847 2303 114 41 Nam
895 2303 130 41 firmi-

136 2341 100 42 tet
193 2341 157 42 eredit,
307 2341 114 42 quod
378 2341 100 42 non
436 2341 86 42 ab
478 2341 129 42 esse,
564 2341 100 42 vel
621 2341 114 42 vita
693 2341 171 42 recedat,
821 2341 100 42 sed
878 2341 114 42 post
935 2341 86 42 mor-

135 2376 115 47 tem
200 2376 214 47 perfectum
365 2376 148 47 esse,
464 2376 82 47 &
497 2376 165 47 beatam
612 2376 148 47 vitam
711 2376 231 47 possideat.
876 2376 148 47 Propter

140 2414 128 44 quod
220 2414 160 44 beatus
332 2414 176 44 August.
460 2414 144 44 super
556 2414 112 44 iam
619 2414 144 44 dicto
715 2414 144 44 verbo
811 2414 192 44 Apostoli
939 2414 80 44 ait

139 2455 127 46 veue
219 2455 207 46 dissolui,
378 2455 80 46 &
410 2455 127 46 esse
489 2455 111 46 cum
553 2455 175 46 Christo
681 2455 143 46 multo
776 2455 159 46 melius
888 2455 127 46 est,
951 2455 80 46 vn-

139 2493 96 48 de
203 2493 127 48 idem
282 2493 207 48 Apostolus
442 2493 127 48 post
521 2493 143 48 verba
617 2493 207 48 praedicta
776 2493 175 48 subdit.
904 2493 127 48 Mihi
967 2493 64 48 vi

134 2542 134 39 nere
218 2542 201 39 Christus
369 2542 134 39 est,
453 2542 134 39 mori
537 2542 185 39 lucrum.
671 2542 101 39 Et
722 2542 168 39 eandem
823 2542 201 39 sententiam

145 2577 207 47 exprimens
304 2577 159 47 beatus
416 2577 127 47 Ore.
495 2577 111 47 10.
559 2577 143 47 libus
655 2577 143 47 mora.
750 2577 127 47 ait.
830 2577 96 47 Si
878 2577 127 47 enim
941 2577 80 47 men

136 2609 83 50 r
170 2609 233 50 intentione
352 2609 100 50 in
402 2609 133 50 Deum
485 2609 233 50 dirigitur,
668 2609 166 50 quicqu
785 2609 100 50 id
835 2609 100 50 in
884 2609 116 50 hoc
934 2609 100 50 mun-

147 2650 91 45 do
192 2650 151 45 amarum
298 2650 121 45 fit,
374 2650 136 45 dulce
464 2650 197 45 aestimat:
616 2650 121 45 omne
691 2650 121 45 quod
767 2650 197 45 affligit,
918 2650 136 45 requi

161 2690 122 43 mtat
237 2690 183 43 transire
374 2690 107 43 per
435 2690 152 43 mortem
542 2690 183 43 appetit,
679 2690 91 43 vt
724 2690 183 43 obtincre
861 2690 137 43 vitam
938 2690 91 43 ple-

146 2727 111 56 nia
209 2727 174 56 possit:
336 2727 190 56 funditus
478 2727 95 56 in
525 2727 174 56 infimis
652 2727 190 56 extingui
794 2727 221 56 desiderat,
952 2727 79 56 quo

155 2768 173 53 rirtu:
276 2768 155 53 summa
362 2768 207 53 conscendat

180 2802 84 53 P
214 2802 118 53 his
281 2802 185 53 inferre
416 2802 169 53 possum
534 2802 135 53 vnum
618 2802 253 53 corollarium
821 2802 169 53 contra
922 2802 101 53 quos

157 2845 87 48 m
191 2845 227 48 doctores,
366 2845 122 48 qui
436 2845 227 48 concedunt
610 2845 122 48 iam
680 2845 174 48 dictam
785 2845 244 48 conclusionem

150 2890 192 51 neantum
289 2890 105 51 ad
342 2890 157 51 finem
447 2890 105 51 in
499 2890 245 51 vniuersali
692 2890 280 51 apprehensum,
902 2890 122 51 negan

141 2925 143 48 timem
236 2925 127 48 eam,
316 2925 95 48 si
363 2925 285 48 apprehenditur,
601 2925 111 48 vel
664 2925 222 48 ostenditur
839 2925 95 48 in
870 2925 159 48 particu-

160 2963 73 50 m
190 2963 102 50 pro
248 2963 131 50 statu
336 2963 131 50 viae:
423 2963 131 50 puta,
511 2963 88 50 si
555 2963 205 50 concipitur
716 2963 117 50 Deus
789 2963 88 50 in
832 2963 102 50 via
891 2963 88 50 vt
920 2963 117 50 trinus

147 3002 154 51 Svnus,
255 3002 123 51 tunc
332 3002 170 51 dicunt,
455 3002 123 51 quod
532 3002 154 51 viator
640 3002 154 51 potest
748 3002 108 51 con
810 3002 108 51 non
872 3002 139 51 frui:
949 3002 77 51 Seo

128 3042 238 53 Tconerpitur
319 3042 95 53 in
367 3042 223 53 vniuersali
541 3042 111 53 sub
605 3042 175 53 ratione
732 3042 175 53 obiecti
843 3042 191 53 beatifici,

165 3080 153 71 ator
261 3080 134 71 non
337 3080 191 71 potest
471 3080 115 71 eo
528 3080 134 71 non
585 3080 134 71 frui

1107 263 139 50 lstud
1199 263 108 50 non
1261 263 154 50 valet,
1369 263 123 50 quia
1446 263 185 50 secundum
1584 263 108 50 hoc
1646 263 154 50 fieret
1754 263 123 50 vnus
1816 263 123 50 svllo-

1072 308 155 48 gismus
1181 308 93 48 in
1228 308 155 48 debito
1336 308 140 48 modo,
1429 308 78 48 &
1460 308 171 48 figura,
1584 308 140 48 cuius
1677 308 140 48 ambae
1755 308 186 48 praemissae

1071 346 151 54 essent
1177 346 151 54 verae,
1283 346 76 54 &
1313 346 136 54 tamen
1404 346 197 54 conclusio
1555 346 151 54 falsa;
1661 346 121 54 quod
1737 346 106 54 est
1783 346 151 54 impossi-

1068 382 136 49 bile,
1158 382 91 49 vt
1204 382 136 49 patet
1294 382 91 49 2.
1340 382 181 49 priorum.
1475 382 151 49 Arguam
1581 382 121 49 enim
1641 382 91 49 sic.

1071 422 86 46 1
1105 422 275 46 Quandocumque
1329 422 172 46 illud,
1449 422 138 46 quod
1535 422 120 46 est
1604 422 172 46 summum
1725 422 172 46 bonum,
1828 422 103 46 con-

1065 465 163 48 cipitur
1184 465 222 48 actualiter,
1362 465 74 48 &
1391 465 208 48 ostenditur
1554 465 208 48 voluntati,
1717 465 119 48 tunc
1777 465 148 48 voluntas

1072 499 207 48 necessario
1235 499 192 48 desiderat
1382 499 148 48 ipsum,
1485 499 74 48 &
1515 499 103 48 non
1574 499 148 48 potest
1677 499 133 48 ipsum
1766 499 103 48 non
1810 499 118 48 velle;

1070 541 111 43 Sed
1133 541 158 43 quando
1244 541 126 43 Deus
1323 541 237 43 concipitur,
1513 541 79 43 &
1545 541 221 43 ostenditur
1718 541 206 43 voluntati
1861 541 63 43 vt

1069 584 163 47 trinus,
1188 584 74 47 &
1218 584 134 47 vnus,
1307 584 119 47 tunc
1381 584 89 47 in
1426 584 104 47 rei
1485 584 178 47 veritare
1619 584 149 47 summum
1723 584 134 47 bonum
1797 584 119 47 osten-

1069 617 131 48 ditur
1156 617 116 48 ipsi
1228 617 203 48 voluntati;
1388 617 116 48 ergo
1460 617 102 48 &c.
1518 617 131 48 Maior
1605 617 102 48 est
1663 617 116 48 vera
1736 617 131 48 etiam
1808 617 116 48 secun-

1068 656 111 43 dum
1131 656 190 43 doctores
1274 656 158 43 istos:
1384 656 126 43 quia
1463 656 126 43 ipsi
1543 656 174 43 vtuntur
1669 656 95 43 ea
1716 656 95 43 ad
1748 656 174 43 probandum

1067 696 160 48 primam
1179 696 272 48 conclusionem.
1403 696 144 48 Etiam
1499 696 144 48 minor
1594 696 112 48 est
1658 696 144 48 vera,
1754 696 112 48 non
1802 696 112 48 solum

1061 733 78 44 a
1093 733 109 44 pud
1155 733 218 44 theologos,
1326 733 109 44 sed
1388 733 140 44 etiam
1482 733 125 44 apud
1560 733 249 44 philosophos.
1762 733 187 44 Philolo

1064 778 129 50 phus
1144 778 129 50 enim
1225 778 145 50 saepe
1321 778 145 50 ponit
1418 778 129 50 Deum
1498 778 129 50 esse
1578 778 161 50 omnium
1691 778 177 50 bonorum
1803 778 113 50 opti-

1067 814 128 41 mum,
1147 814 112 41 tam
1211 814 96 41 in
1259 814 192 41 ethicis,
1403 814 128 41 quam
1483 814 96 41 in
1515 814 224 41 metaphysica.

1072 848 73 56 2
1102 848 117 56 Item
1175 848 132 56 ratio
1263 848 147 56 trini,
1366 848 73 56 &
1395 848 132 56 vnius
1483 848 103 56 non
1542 848 103 56 est
1600 848 176 56 condicio
1732 848 220 56 distrahens,

1062 893 80 43 &
1094 893 129 43 ideo
1174 893 113 43 non
1239 893 161 43 minuit
1351 893 193 43 rationem
1496 893 209 43 bonitatis
1657 893 96 43 in
1705 893 129 43 Deo;
1785 893 129 43 ergo
1850 893 64 43 si

1063 930 126 46 Deus
1142 930 94 46 in
1189 930 220 46 vniuersali
1362 930 220 46 conceptus,
1534 930 141 46 habet
1628 930 188 46 rationem
1770 930 141 46 summi
1848 930 63 46 bo

1062 969 101 52 ni:
1119 969 130 52 etiam
1206 969 202 52 conceptus,
1365 969 87 52 vt
1408 969 159 52 trinus,
1524 969 72 52 &
1553 969 116 52 vnus
1625 969 217 52 concipitur,
1798 969 87 52 vt
1827 969 87 52 sum-

1064 1015 98 47 me
1113 1015 163 47 bonus,
1226 1015 179 47 dommodo
1357 1015 244 47 concipiatur
1552 1015 146 47 verus
1649 1015 98 47 vt
1698 1015 146 47 Deus.

1323 1083 193 68 Secunda
1445 1083 210 68 conclusio.

1063 1167 132 77 Quod
1145 1167 198 77 voluntas
1293 1167 115 77 per
1359 1167 198 77 accidens
1508 1167 165 77 potest
1623 1167 198 77 obiectum
1755 1167 165 77 fruibile

1247 1221 123 68 sibi
1323 1221 184 68 ostensum
1461 1221 92 68 in
1507 1221 107 68 via
1568 1221 107 68 non
1614 1221 123 68 velle-

1134 1316 176 55 VANTVM
1258 1316 106 55 ad
1311 1316 212 55 secundum
1469 1316 247 55 principale
1663 1316 141 55 dico
1734 1316 176 55 breuiter

1171 1361 125 41 quod
1249 1361 187 41 voluntas
1389 1361 109 41 per
1452 1361 187 41 accidens
1592 1361 156 41 potest
1701 1361 187 41 obiectum
1826 1361 93 41 frui

1072 1396 103 43 ile
1131 1396 118 43 sibi
1205 1396 177 43 ostensum
1337 1396 88 43 in
1381 1396 103 43 via
1440 1396 103 43 non
1484 1396 118 43 velle-

1150 1436 115 46 Quia
1222 1436 129 46 illud
1308 1436 101 46 per
1365 1436 173 46 accidens
1495 1436 144 46 potest
1595 1436 173 46 obiectum
1725 1436 173 46 fruibile
1854 1436 101 46 non

1064 1477 148 38 velle,
1168 1477 118 38 quod
1242 1477 163 38 praeter
1360 1477 222 38 intentionem
1537 1477 163 38 auertit
1656 1477 207 38 intellectu
1818 1477 74 38 a
1833 1477 89 38 con-

1060 1516 228 53 sideratione
1242 1516 137 53 talis
1333 1516 182 53 obiecti;
1470 1516 182 53 voluntas
1607 1516 106 53 est
1668 1516 213 53 huiusmodi,
1820 1516 91 53 ergo

1055 1557 113 50 &c.
1119 1557 145 50 Maior
1216 1557 161 50 patet,
1329 1557 129 50 quia
1409 1557 193 50 secundum
1554 1557 129 50 quod
1635 1557 177 50 aliquid
1764 1557 177 50 auertit
1877 1557 48 50 a

1052 1594 216 46 cognitione
1221 1594 201 46 alicuius,
1376 1594 185 46 secundum
1515 1594 108 46 hoc
1576 1594 139 46 etiam
1669 1594 170 46 auertit
1793 1594 77 46 a
1808 1594 108 46 voli-

1066 1633 143 46 tione
1162 1633 143 46 eius;
1257 1633 111 46 cum
1321 1633 143 46 bonum
1416 1633 191 46 cognitum
1560 1633 111 46 sit
1623 1633 191 46 obiectum
1751 1633 159 46 volunta-

1070 1669 112 49 tis.
1140 1669 126 49 Illud
1225 1669 141 49 etiam,
1323 1669 112 49 quod
1393 1669 84 49 in
1435 1669 183 49 agentibus
1576 1669 70 49 a
1604 1669 183 49 proposito
1744 1669 98 49 fit
1787 1669 126 49 praeter

1049 1711 249 50 intentionem,
1252 1711 109 50 per
1314 1711 187 50 accidens
1455 1711 140 50 fieri
1548 1711 187 50 videtur.
1688 1711 171 50 minorem
1797 1711 125 50 probo:

1070 1753 123 50 quia
1146 1753 199 50 voluntas,
1299 1753 107 50 dum
1361 1753 123 50 actu
1437 1753 123 50 vult
1514 1753 168 50 vltimum
1636 1753 153 50 finem,
1744 1753 92 50 ex
1789 1753 107 50 sua
1835 1753 77 50 li-

1069 1790 164 51 pertate
1188 1790 149 51 potest
1292 1790 223 51 intellectui
1471 1790 179 51 imperare
1605 1790 283 51 considerationem
1828 1790 89 51 ali-

1054 1830 126 48 tuius
1138 1830 167 48 alterius
1263 1830 112 48 rei,
1333 1830 98 48 non
1389 1830 181 48 aduertens
1528 1830 112 48 quod
1598 1830 209 48 intellectus
1766 1830 126 48 simul
1835 1830 84 48 plu-

1060 1870 98 42 ra,
1116 1870 84 42 vt
1158 1870 140 42 plura,
1255 1870 209 42 intelligere
1423 1870 98 42 non
1479 1870 153 42 potest.
1590 1870 209 42 Intellectus
1758 1870 112 42 vero
1827 1870 126 42 talem

1061 1907 113 51 rem
1125 1907 241 51 cognoscendo
1318 1907 145 51 iuxta
1415 1907 193 51 imperium
1560 1907 241 51 voluntatis,
1737 1907 177 51 immediato

1059 1948 167 40 desinit
1180 1948 76 40 a
1210 1948 212 40 cognitione
1377 1948 151 40 finis;
1483 1948 106 40 quo
1543 1948 136 40 facto
1634 1948 182 40 voluntas
1755 1948 167 40 auertitur

1058 1988 89 46 ab
1103 1988 119 46 eius
1177 1988 194 46 volitione
1327 1988 75 46 :
1356 1988 104 46 cum
1416 1988 104 46 per
1476 1988 89 46 se
1520 1988 104 46 non
1580 1988 164 46 feratur
1699 1988 119 46 nisi
1774 1988 89 46 in
1804 1988 119 46 cogni-

1062 2019 124 48 tum,
1139 2019 77 48 &
1170 2019 93 48 de
1216 2019 139 48 primo
1309 2019 93 48 ad
1356 2019 170 48 vltimum
1480 2019 170 48 seipsam
1603 2019 186 48 auertit,
1743 2019 155 48 saltem
1836 2019 77 48 per

1062 2062 183 45 accidens
1199 2062 76 45 a
1230 2062 137 45 summi
1321 2062 122 45 boni
1398 2062 168 45 actuali
1505 2062 183 45 volitione-

1342 2138 165 64 Tertia
1442 2138 198 64 conctusio.

1059 2223 130 74 Quod
1140 2223 179 74 obiecto
1270 2223 195 74 fruibili
1416 2223 146 74 clare
1514 2223 130 74 viso
1595 2223 98 74 in
1644 2223 163 74 patria
1758 2223 114 74 per
1806 2223 98 74 selo

1185 2270 183 73 quendo,
1318 2270 183 73 necesse
1451 2270 116 73 est
1518 2270 233 73 voluntatem
1684 2270 100 73 frui

1334 2325 195 63 fruitione
1469 2325 150 63 patriae.

1136 2413 176 51 VANTVM
1259 2413 105 51 ad
1312 2413 193 51 tertium
1453 2413 246 51 principale
1646 2413 158 51 dico,
1752 2413 141 51 quod
1822 2413 88 51 ob-

1180 2454 128 44 iecto
1265 2454 171 44 fruibili
1394 2454 128 44 clare
1479 2454 114 44 viso
1551 2454 86 44 in
1594 2454 143 44 patria
1694 2454 171 44 voluntas
1808 2454 114 44 neces-

1067 2488 132 46 sario
1155 2488 176 46 fruetur,
1287 2488 73 46 &
1316 2488 102 46 non
1375 2488 146 46 potest
1477 2488 88 46 eo
1521 2488 102 46 non
1579 2488 117 46 frui
1653 2488 161 46 quantum
1770 2488 88 46 de
1814 2488 88 46 se
1843 2488 73 46 est

1080 2528 124 52 Quod
1157 2528 124 52 addo
1234 2528 108 52 pro
1296 2528 155 52 tanto:
1405 2528 124 52 quia
1482 2528 108 52 non
1544 2528 170 52 inquiro
1668 2528 124 52 hoc,
1746 2528 124 52 quid
1808 2528 108 52 fieri

1076 2572 141 50 ossit
1170 2572 110 50 per
1233 2572 110 50 Dei
1296 2572 204 50 potentiam
1453 2572 204 50 absolutam
1609 2572 78 50 :
1641 2572 110 50 hoc
1703 2572 125 50 enim
1766 2572 157 50 superius

1069 2613 198 44 inquisiui:
1224 2613 113 44 Haec
1295 2613 183 44 conclusio
1436 2613 141 44 potest
1535 2613 155 44 probari
1633 2613 85 44 sic.

1153 2648 164 47 Quando
1267 2648 164 47 aliqua
1382 2648 196 47 potentia
1529 2648 196 47 secundum
1676 2648 98 47 se
1726 2648 147 47 totam
1807 2648 115 47 exce

1005 2659 126 36 I

1065 2680 153 49 denter
1172 2680 168 49 mouetur
1294 2680 92 49 ab
1340 2680 153 49 aliquo
1447 2680 183 49 obiecto,
1585 2680 92 49 si
1630 2680 138 49 talis
1722 2680 138 49 motio
1799 2680 122 49 fuerit

1067 2728 244 39 conueniens,
1262 2728 81 39 &
1294 2728 195 39 secundum
1441 2728 277 39 inclinationem
1669 2728 228 39 potentiae;
1831 2728 98 39 tunc

1077 2767 177 50 potentia
1210 2767 88 50 de
1254 2767 221 50 necessitate
1430 2767 147 50 tendet
1533 2767 88 50 in
1578 2767 191 50 obiectum:
1725 2767 88 50 da
1754 2767 162 50 oppositum

1074 2806 125 48 tunc
1153 2806 188 48 potentia
1293 2806 109 48 non
1356 2806 141 48 esset
1450 2806 250 48 sufficienter
1653 2806 141 48 mota:
1747 2806 78 48 &
1763 2806 156 48 secundum

1070 2842 156 50 aliquid
1184 2842 100 50 sui
1240 2842 128 50 esset
1326 2842 100 50 non
1383 2842 128 50 mota,
1468 2842 156 50 ratione
1582 2842 128 50 cuius
1667 2842 142 50 posset
1767 2842 85 50 se
1809 2842 85 50 ab
1838 2842 85 50 isto

1068 2884 206 42 auertere,
1227 2884 79 42 &
1259 2884 95 42 ad
1306 2884 143 42 aliud
1401 2884 238 42 conuertere,
1592 2884 111 42 vel
1655 2884 143 42 actum
1750 2884 127 42 suum
1814 2884 111 42 circa

1077 2928 121 44 psum
1152 2928 227 44 suspendere.
1334 2928 106 44 Sed
1394 2928 181 44 obiectum
1530 2928 227 44 beatificum,
1711 2928 121 44 siue
1772 2928 151 44 fruibile

1065 2963 138 41 clare
1157 2963 138 41 visum
1249 2963 230 41 excedenter,
1433 2963 77 41 &
1463 2963 307 41 sufficientissime
1724 2963 138 41 mouet
1800 2963 123 41 volun-

1068 3003 159 49 tatem,
1179 3003 175 49 quantum
1306 3003 95 49 ad
1354 3003 95 49 se
1401 3003 159 49 totam,
1512 3003 79 49 &
1544 3003 206 49 quamlibet
1703 3003 190 49 rationem
1830 3003 95 49 sui,

1068 3045 123 48 tali
1145 3045 185 48 motione,
1283 3045 123 48 quae
1361 3045 108 48 est
1422 3045 308 48 conuenientissima
1684 3045 216 48 voluntati;
1838 3045 93 48 ergo

1069 3084 164 59 voluntas
1192 3084 109 59 actu
1261 3084 96 59 sui
1316 3084 233 59 perfectissimi
1507 3084 150 59 amoris,
1616 3084 109 59 siue
1685 3084 109 59 actu
1753 3084 191 59 fruitionis
1890 3084 41 59 a
