2337 3540
401 212 114 68 tali
472 212 157 68 obiecto
587 212 100 68 non
644 212 100 68 pot
701 212 186 68 resilire,
844 212 100 68 sed
901 212 200 68 necessario
1059 212 129 68 tedet
1144 212 86 68 in
1173 212 100 68 iptum

443 272 76 55 2
473 272 213 55 Praeterea,
641 272 167 55 obiecto
762 272 183 55 fruibili
899 272 122 55 actu
976 272 213 55 apprehenso
1128 272 152 55 cognitio

412 311 83 56 ne
454 311 124 56 viae,
536 311 165 56 voluntas
660 311 193 56 necessario
812 311 152 56 fruitur
922 311 179 56 fruitione
1060 311 124 56 viae:
1142 311 110 56 ergo
1197 311 83 56 ipso

410 356 216 48 apprehenso
579 356 216 48 cognitione
748 356 169 48 patriae
871 356 108 48 non
933 356 154 48 potino
1041 356 139 48 frui:
1118 356 169 48 consequen

417 391 106 48 tia
477 391 136 48 patet
568 391 106 48 per
628 391 136 48 locum
719 391 75 48 a
749 391 151 48 minori
855 391 241 48 affirmatiue,
1051 391 211 48 antecedens
1202 391 75 48 pro

412 434 203 50 batum
548 434 158 50 est
638 434 135 50 in
706 434 271 50 articulo
909 434 226 50 primo.

457 473 71 52 3
485 473 199 52 Praeterea,
642 473 85 52 ab
684 473 114 52 illo
756 473 171 52 voluntas
884 473 100 52 non
941 473 142 52 potest
1040 473 185 52 resilire,
1182 473 85 52 in
1211 473 71 52 quo

409 508 158 46 reperit
524 508 173 46 rationem
653 508 129 46 omnis
739 508 129 46 boni,
826 508 72 46 &
855 508 158 46 penitus
970 508 158 46 nullius
1085 508 129 46 mali;
1157 508 129 46 obiectu

410 553 180 48 fruibile
545 553 135 48 clare
636 553 135 48 visum
726 553 105 48 est
786 553 211 48 huiusmodi,
951 553 105 48 cum
1011 553 105 48 sit
1072 553 120 48 Deus
1147 553 120 48 ergo
1207 553 60 48 &c

443 590 77 48 4
473 590 217 48 Praeterea,
644 590 186 48 potentia
783 590 186 48 volitiua
923 590 108 48 non
985 590 155 48 potest
1093 590 93 48 se
1124 590 155 48 auertere

416 628 94 47 ab
463 628 173 47 obiecto
589 628 142 47 clare
684 628 126 47 viso
763 628 189 47 replente
904 628 142 47 totam
999 628 126 47 eius
1062 628 220 47 capacitatem,

410 670 82 48 &
442 670 132 48 omne
525 670 132 48 suum
607 670 247 48 desiderium;
805 670 198 48 obiectum
953 670 198 48 fruibile
1102 670 115 48 est
1151 670 132 48 huius-

408 705 147 54 modi,
505 705 130 54 ergo
571 705 81 54 &c.

431 741 77 55 3
461 741 216 55 Praeterea,
631 741 216 55 quaecunque
801 741 154 55 virtus
909 741 154 55 finita
1017 741 108 55 per
1079 741 108 55 sui
1126 741 154 55 motionem

416 781 159 50 taliter
531 781 159 50 immutat
646 781 159 50 aliquam
762 781 202 50 potentiam,
920 781 115 50 quod
993 781 188 50 difficile
1137 781 101 50 est
1180 781 101 50 poten

421 827 112 42 tiae
491 827 182 42 resistere
631 827 112 42 tali
702 827 168 42 virtuti;
828 827 84 42 si
870 827 182 42 huiusmodi
1010 827 140 42 virtus
1109 827 154 42 sumatur
1207 827 70 42 in-

419 866 171 46 finita,
544 866 233 46 impossibile
730 866 124 46 erit
808 866 140 46 ipsam
901 866 202 46 potentiam
1056 866 186 46 motionem
1181 866 93 46 tali

417 903 173 48 virtutis
546 903 173 48 abijcere
676 903 101 48 vel
734 903 187 48 resutare:
878 903 101 48 sed
935 903 173 48 voluntas
1065 903 72 48 a
1094 903 158 48 virtute
1195 903 86 48 boni

414 942 139 50 tatis
506 942 169 50 finitae
629 942 123 50 immo
706 942 231 50 apparentis,
891 942 77 50 &
922 942 169 50 modicum
1045 942 216 50 existentis
1199 942 77 50 mo-

414 987 88 53 ta
458 987 88 53 in
502 987 103 53 via
561 987 162 53 patitur
679 987 250 53 difficultatem
884 987 88 53 ad
928 987 235 53 resistendum:
1119 987 118 53 ergo
1193 987 88 53 in
1222 987 59 53 pa

415 1021 128 54 tria
495 1021 128 54 mota
575 1021 80 54 a
607 1021 128 54 bono
687 1021 192 54 infinito
831 1021 144 54 clare
926 1021 144 54 viso,
1022 1021 240 54 impossibile
1198 1021 80 54 ess

426 1058 111 53 quod
482 1058 153 53 resistat.

458 1076 78 65 e
490 1076 219 65 Praeterea,
661 1076 203 65 tristitia
817 1076 219 65 damnatorum
989 1076 109 65 sic
1051 1076 140 65 mouet
1130 1076 140 65 volunta

416 1142 106 41 tem
476 1142 151 41 eorum,
582 1142 121 41 quod
658 1142 121 41 ipsi
734 1142 106 41 non
794 1142 166 41 possunt
915 1142 106 41 non
976 1142 197 41 tristari,
1127 1142 121 41 ergo
1187 1142 91 41 gau-

417 1181 132 48 dium,
505 1181 73 48 &
534 1181 175 48 laetitia
666 1181 175 48 beatorum
798 1181 161 48 causata
914 1181 88 48 ab
958 1181 161 48 obiecto
1075 1181 190 48 fruibili,
1207 1181 73 48 sic

426 1220 218 47 delectabit
597 1220 218 47 voluntatem
768 1220 155 47 eorum,
877 1220 124 47 quod
955 1220 109 47 non
1017 1220 171 47 possint
1141 1220 93 47 ad
1172 1220 109 47 prae-

408 1254 169 44 sentiam
531 1254 138 44 talis
623 1254 169 44 obiecti
746 1254 108 44 non
807 1254 185 44 laetari;
946 1254 77 44 &
977 1254 123 44 ipso
1053 1254 108 44 per
1100 1254 185 44 consequens

410 1296 207 44 necessario
573 1296 177 44 fructur;
706 1296 236 44 consequentia
898 1296 133 44 patet
986 1296 103 44 per
1045 1296 133 44 locum
1134 1296 74 44 a
1149 1296 118 44 minori

444 1334 81 50 3
476 1334 228 50 Praeterea,
655 1334 98 50 in
704 1334 146 50 statu
801 1334 130 50 viae
883 1334 211 50 quandoque
1045 1334 163 50 animus
1143 1334 146 50 amantis

414 1376 118 47 sic
482 1376 202 47 rapitur,
633 1376 135 47 quod
718 1376 118 47 non
785 1376 169 47 potest
903 1376 118 47 non
971 1376 169 47 amare:
1089 1376 135 47 ergo
1156 1376 118 47 multo

424 1412 155 52 magis
527 1412 104 52 in
562 1412 155 52 patria.

455 1457 104 46 Sed
515 1457 149 46 contra
619 1457 134 46 istam
708 1457 238 46 conclusionem
901 1457 149 46 arguit
1005 1457 149 46 quidam
1109 1457 149 46 doctor
1198 1457 89 46 sic.

458 1491 70 49 1
486 1491 126 49 Prius
570 1491 140 49 potest
668 1491 126 49 stare
753 1491 112 49 sine
823 1491 211 49 posteriori,
991 1491 98 49 sed
1047 1491 126 49 visio
1132 1491 98 49 est
1174 1491 112 49 natura

420 1532 130 44 liter
506 1532 130 44 prior
593 1532 188 44 fruitione
738 1532 116 44 siue
810 1532 217 44 dilectione;
983 1532 116 44 ergo
1041 1532 58 44 &c

420 1568 77 49 2
450 1568 215 49 Praeterea,
619 1568 215 49 necessitas
788 1568 153 49 agendi
895 1568 107 49 non
956 1568 153 49 potest
1063 1568 153 49 alicui
1155 1568 123 49 inesse

422 1606 113 53 nisi
492 1606 98 53 per
549 1606 155 53 aliquod
661 1606 225 53 intrinsecum,
844 1606 70 53 &
872 1606 84 53 in
914 1606 169 53 existens
1041 1606 183 53 principio
1167 1606 113 53 ipsius

420 1655 149 45 actus:
525 1655 105 45 sed
584 1655 179 45 obiectum
719 1655 134 45 clare
808 1655 134 45 visum
898 1655 105 45 non
958 1655 105 45 est
1017 1655 164 45 aliquid
1122 1655 149 45 intriuse

411 1691 118 53 cum
478 1691 235 53 voluntati,
663 1691 134 53 ergo
747 1691 118 53 non
814 1691 185 53 fruetur
949 1691 235 53 necessario
1117 1691 168 53 voluntas

421 1727 200 55 propter
548 1727 127 55 ipsum

430 1764 86 42 3
464 1764 239 42 Praeterea,
652 1764 120 42 vna
721 1764 205 42 potentia
875 1764 171 42 tantum
994 1764 154 42 habet
1097 1764 137 42 vnum
1165 1764 120 42 modum

422 1808 166 43 agendi:
543 1808 106 43 sed
603 1808 136 43 modus
694 1808 151 43 agendi
800 1808 212 43 voluntatis
966 1808 106 43 est
1026 1808 136 43 agere
1117 1808 166 43 libere,
1238 1808 76 43 &

423 1850 254 50 contingenter;
632 1850 119 50 ergo
706 1850 104 50 non
766 1850 119 50 aget
841 1850 224 50 necessario:
1020 1850 134 50 alias
1109 1850 179 50 oppositi
1228 1850 60 50 mo

422 1883 93 55 di
468 1883 155 55 agendi
577 1883 186 55 inessent
716 1883 140 55 eidem
794 1883 171 55 potentiae

451 1926 79 46 4
483 1926 221 46 Praeterea,
657 1926 253 46 approximatio
862 1926 174 46 agentis
989 1926 95 46 ad
1036 1926 158 46 passum
1147 1926 111 46 non
1194 1926 95 46 cau-

408 1963 104 48 sat
468 1963 253 48 necessitatem,
676 1963 164 48 quamuis
795 1963 164 48 causare
914 1963 149 48 possit
1018 1963 179 48 actionis
1137 1963 149 48 intensio

414 2010 117 43 nem:
488 2010 132 43 sicut
576 2010 132 43 patet
663 2010 88 43 de
707 2010 117 43 igne
781 2010 176 43 respectu
913 2010 264 43 calefactibilis
1132 2010 147 43 magis,
1235 2010 73 43 &

413 2044 148 47 minus
511 2044 264 47 approximato:
726 2044 115 47 sed
792 2044 198 47 obiectum
940 2044 181 47 sumptum
1072 2044 99 47 vt
1122 2044 148 47 clare
1204 2044 66 47 vi

407 2083 125 52 sum,
485 2083 78 52 &
516 2083 93 52 vt
563 2083 171 52 obscure
688 2083 140 52 visum
781 2083 109 52 non
843 2083 109 52 est
905 2083 125 52 nisi
983 2083 156 52 maior,
1092 2083 78 52 &
1123 2083 140 52 minor
1201 2083 78 52 ap-

422 2118 215 50 proximatio
590 2118 92 50 ad
636 2118 215 50 potentiam,
805 2118 77 50 &
836 2118 138 50 visum
927 2118 92 50 in
973 2118 230 50 vniuersali,
1157 2118 77 50 &
1173 2118 107 50 obscu

416 2160 94 45 re
463 2160 109 45 non
526 2160 219 45 necessitat
698 2160 234 45 voluntatem,
885 2160 125 45 ergo
963 2160 109 45 nec
1026 2160 141 45 clare
1120 2160 141 45 visum
1198 2160 78 45 ip-

426 2195 92 62 am
456 2195 231 62 necessitabit,

457 2208 75 81 S
487 2208 210 81 Praeterea,
652 2208 105 81 aut
712 2208 90 81 ad
757 2208 135 81 istum
847 2208 135 81 actum
936 2208 225 81 volitionis,
1116 2208 120 81 quem
1176 2208 105 81 dicis

410 2286 125 38 esse
488 2286 249 38 necessarium,
691 2286 171 38 mouebit
816 2286 187 38 obiectum
956 2286 203 38 fruibile,
1112 2286 109 38 aut
1158 2286 125 38 volun-

414 2318 120 47 tas,
489 2318 105 47 aut
549 2318 195 47 vtrumque.
698 2318 90 47 Si
743 2318 135 47 primo
833 2318 135 47 modo,
923 2318 120 47 tunc
998 2318 135 47 nulla
1087 2318 120 47 erit
1162 2318 105 47 ibi
1207 2318 75 47 ne-

407 2355 206 44 cessitas:
566 2355 127 44 quia
645 2355 127 44 Deus
724 2355 95 44 ad
772 2355 159 44 nullum
883 2355 143 44 actum
978 2355 174 44 creatum
1089 2355 190 44 necessita-

410 2397 116 42 tur.
483 2397 87 42 Si
527 2397 189 42 voluntas,
672 2397 102 42 non
730 2397 116 42 erit
803 2397 102 42 ibi
861 2397 218 42 necessitas,
1036 2397 102 42 cum
1094 2397 102 42 sit
1138 2397 145 42 potentia

421 2434 170 42 libera,
544 2434 93 42 Si
590 2434 154 42 tertio
698 2434 124 42 modo
776 2434 185 42 sequitur
915 2434 139 42 idem,
1007 2434 124 42 quod
1069 2434 108 42 primo

413 2472 77 42 3
443 2472 216 42 Praeterea,
613 2472 169 42 caritas
736 2472 139 42 Pauli
828 2472 123 42 post
905 2472 169 42 raptum,
1029 2472 123 42 fuit
1090 2472 185 42 principium

411 2513 184 53 elicendi
549 2513 138 53 actum
641 2513 230 53 dilectionis
825 2513 261 53 contingenter,
1041 2513 77 53 &
1071 2513 169 53 libere;
1179 2513 92 53 ergo

417 2551 76 46 &
447 2551 91 46 in
493 2551 152 46 raptu;
599 2551 243 46 consequentia
796 2551 152 46 patet,
903 2551 106 46 cum
963 2551 152 46 fuerit
1070 2551 137 46 eadem
1146 2551 121 46 carita

412 2591 131 46 tas.
493 2591 131 46 Idem
575 2591 131 46 enim
657 2591 164 46 manens
772 2591 131 46 idem
854 2591 164 46 semper
968 2591 147 46 facit
1066 2591 131 46 idem
1132 2591 147 46 secundo

417 2628 96 52 de
449 2628 225 52 generatione.

445 2669 84 47 V
479 2669 234 47 Praeterea,
663 2669 184 47 habitus
797 2669 117 47 non
864 2669 151 47 mutat
964 2669 234 47 potentiam,
1148 2669 117 47 nec
1198 2669 84 47 mo-

418 2709 103 44 dum
477 2709 148 44 agendi
581 2709 133 44 eius:
669 2709 103 44 sed
728 2709 192 44 voluntas,
876 2709 89 44 vt
920 2709 177 44 voluntas
1053 2709 118 44 agit
1126 2709 162 44 libere,
1230 2709 44 44 &

410 2749 265 53 contingenter;
629 2749 125 53 ergo
706 2749 265 53 quantumcunque
925 2749 187 53 eleuetur
1065 2749 109 53 per
1112 2749 171 53 caritaten

407 2787 94 41 in
454 2787 172 41 patria,
580 2787 157 41 semper
689 2787 141 41 tamen
783 2787 157 41 libere
893 2787 141 41 aget,
987 2787 78 41 &
1002 2787 235 41 contingenter.

449 2828 110 44 Sed
512 2828 125 44 ista
590 2828 141 44 omnia
685 2828 220 44 procedunt,
857 2828 141 44 quasi
951 2828 94 44 ex
998 2828 157 44 quadam
1092 2828 173 44 aequiuoca

410 2867 129 48 tione
496 2867 243 48 necessitatis,
696 2867 72 48 &
724 2867 215 48 libertatis.
896 2867 114 48 Quia
968 2867 157 48 quaedam
1082 2867 100 48 est
1125 2867 143 48 necessi-

407 2915 71 44 t
435 2915 85 44 as
478 2915 213 44 violentiae,
648 2915 71 44 &
676 2915 213 44 coactionis,
846 2915 71 44 &
874 2915 113 44 ista
945 2915 128 44 sonat
1030 2915 85 44 in
1073 2915 184 44 defectum,
1200 2915 71 44 nec

405 2946 123 54 stat
482 2946 108 54 cum
543 2946 216 54 libertate,
713 2946 123 54 quia
790 2946 92 54 vt
836 2946 169 54 dicitur
959 2946 92 54 s,
1005 2946 154 54 metaph
1113 2946 123 54 omne
1175 2946 92 54 vio-

402 2983 151 50 lentum
508 2983 242 50 contristans.
704 2983 121 50 Alia
780 2983 106 50 est
840 2983 211 50 necessitas
1006 2983 302 50 immutabilitatis,

408 3027 117 44 quae
482 3027 103 44 est
540 3027 132 44 quasi
628 3027 161 44 quaedam
746 3027 176 44 inuiolab
878 3027 117 44 ilis
951 3027 176 44 adhaesio
1069 3027 205 44 conuenientis

405 3063 106 50 cum
466 3063 243 50 conuenienti.
663 3063 106 50 Est
724 3063 137 50 etiam
815 3063 152 50 duplex
921 3063 182 50 libertas
1058 3063 198 50 slibertas
1195 3063 76 50 con

1321 211 254 68 tradictionis,
1530 211 105 68 qua
1590 211 179 68 possumus
1724 211 119 68 hoc,
1799 211 75 68 &
1829 211 209 68 oppositum,
1993 211 75 68 &
2023 211 119 68 ista
2082 211 105 68 liber

1317 274 106 42 tax
1377 274 136 42 inest
1468 274 197 42 voluntati
1619 274 166 42 quantum
1740 274 91 42 ad
1786 274 136 42 actum
1877 274 212 42 electionis
2028 274 151 42 respecti

1318 314 152 45 eorum,
1424 314 121 45 quae
1500 314 121 45 sunt
1576 314 91 45 ad
1621 314 152 45 finem.
1728 314 121 45 Alia
1804 314 106 45 est
1864 314 182 45 libertas
2001 314 167 45 eximiae
2107 314 76 45 com

1324 351 217 46 placentiae
1494 351 77 46 :
1525 351 186 46 secundum
1664 351 124 46 quam
1741 351 217 46 innascitur
1911 351 93 46 in
1958 351 139 46 nobis
2051 351 170 46 quaedam

1324 392 249 49 placidissima
1527 392 203 49 tendentia
1683 392 94 49 in
1730 392 187 49 obiectum
1870 392 156 49 absque
1979 392 125 49 omni
2042 392 140 49 defectu

1307 432 238 47 monstratum,
1497 432 79 47 &
1529 432 238 47 apprehensum
1719 432 111 47 sub
1783 432 174 47 ratione
1910 432 206 47 perfecti,
2068 432 79 47 &
2084 432 95 47 vni-

1316 472 177 46 uersalis
1449 472 133 46 boni;
1538 472 74 46 &
1567 472 118 46 ista
1641 472 177 46 libertas
1774 472 103 46 non
1833 472 177 46 conuenit
1966 472 148 46 volunt
2070 472 103 46 ati
2114 472 74 46 pe-

1307 512 105 43 nes
1367 512 135 43 actum
1457 512 226 43 clectionis:
1638 512 105 43 sed
1698 512 135 43 penes
1789 512 151 43 actum,
1894 512 105 43 qui
1954 512 166 43 dicitur
2060 512 120 43 volun-

1321 550 108 47 tas:
1388 550 108 47 quia
1455 550 108 47 haec
1522 550 161 47 libertas
1643 550 148 47 proprie
1751 550 94 47 est
1805 550 161 47 respectu
1926 550 134 47 vltimi
2020 550 134 47 finis,
2100 550 81 47 res-

1326 589 135 38 pectu
1416 589 135 38 cuius
1506 589 105 38 non
1567 589 135 38 cadit
1657 589 180 38 electio:
1792 589 135 38 iuxta
1882 589 135 38 illud
1973 589 90 38 3.
2003 589 180 38 ethicorum.

1315 630 171 45 Voluntas
1443 630 100 45 est
1500 630 143 45 ipsius
1600 630 143 45 finis,
1700 630 157 45 electio
1815 630 114 45 vero
1886 630 143 45 eorum,
1986 630 114 45 quae
2058 630 114 45 sunt
2115 630 57 45 ad

1307 664 152 44 finem.
1413 664 106 44 Est
1474 664 136 44 tamen
1565 664 106 44 hic
1625 664 197 44 sciendum,
1777 664 121 44 quod
1853 664 106 44 non
1913 664 121 44 pono
1989 664 106 44 has
2050 664 121 44 duas
2110 664 76 44 li-

1327 704 170 49 pertates
1454 704 213 49 voluntatis,
1625 704 128 49 quasi
1710 704 113 49 duas
1781 704 99 49 res
1838 704 199 49 intrinsece
1979 704 199 49 differentes)

1313 743 106 48 sed
1374 743 121 48 vnam
1449 743 106 48 rem
1510 743 213 48 simplicem,
1677 743 121 48 quae
1753 743 106 48 vel
1814 743 106 48 est
1874 743 121 48 ipsa
1950 743 152 48 natura
2041 743 137 48 volunta

1316 783 118 47 tis,
1390 783 103 47 vel
1449 783 103 47 est
1508 783 163 47 quaedam
1627 783 222 47 nobilissima
1804 783 207 47 proprietas
1966 783 118 47 ipsi
2025 783 163 47 voluntati

1317 824 84 45 a
1351 824 118 45 Deo
1418 824 269 45 communicata:
1637 824 185 45 cabiens
1772 824 236 45 praedictam
1940 824 253 45 distinctionem

1323 863 130 46 olum
1404 863 227 46 extrinsece
1582 863 146 46 penes
1679 863 162 46 aliam,
1792 863 81 46 &
1825 863 146 46 aliam
1922 863 243 46 condicionem
2100 863 81 46 ob-

1318 903 209 46 tectorum.
1479 903 145 46 Licet
1575 903 129 46 ergo
1656 903 193 46 libertas
1800 903 145 46 primo
1897 903 129 46 modo
1977 903 161 46 sumpta
2073 903 113 46 stare

1316 947 113 37 non
1380 947 161 37 possit
1493 947 113 37 cum
1558 947 161 37 aliquo
1671 947 129 37 modo
1751 947 274 37 necessitatis,
1977 947 81 37 &
2010 947 177 37 secundo
2122 947 65 37 mo

1312 980 95 45 do
1360 980 159 45 sumpta
1471 980 143 45 stare
1567 980 111 45 non
1630 980 159 45 possit
1742 980 111 45 cum
1805 980 143 45 primo
1901 980 127 45 modo
1964 980 223 45 necessitatis

1308 1032 142 34 tamen
1403 1032 221 34 libertatis
1576 1032 189 34 secundus
1718 1032 158 34 modus,
1829 1032 79 34 &
1860 1032 252 34 necessitatis
2050 1032 126 34 secun-

1314 1057 109 44 dus
1377 1057 140 44 modus
1470 1057 156 44 optime
1579 1057 93 44 se
1626 1057 265 44 compatiuntur,
1844 1057 109 44 nec
1906 1057 156 44 aliqua
2015 1057 93 44 in
2061 1057 109 44 eis
2108 1057 78 44 ap-

1317 1100 158 52 paret
1405 1100 246 52 repugnantia.

1349 1143 109 45 His
1412 1143 218 45 praemissis
1583 1143 140 45 patet
1676 1143 187 45 facilius
1816 1143 171 45 solutio
1941 1143 264 45 praedictorum.

1355 1176 128 51 Vnde
1435 1176 96 51 ad
1483 1176 160 51 primum
1595 1176 208 51 dicendum,
1755 1176 128 51 quod
1835 1176 144 51 maior
1931 1176 160 51 sumpta
2027 1176 144 51 vniuer-

1317 1216 163 51 saliter
1436 1216 104 51 est
1495 1216 148 51 falsa.
1599 1216 208 51 Substantia
1762 1216 119 51 enim
1836 1216 148 51 creata
1940 1216 104 51 est
1984 1216 193 51 naturaliter

1325 1255 139 48 prior
1417 1255 200 48 respectu,
1571 1255 123 48 quem
1648 1255 154 48 fundat
1756 1255 92 48 ad
1802 1255 216 48 creatorem,
1972 1255 77 48 &
2003 1255 139 48 tamen
2080 1255 92 48 nul-

1319 1295 82 47 la
1360 1295 165 47 potentia
1484 1295 137 47 posset
1580 1295 124 47 fieri
1663 1295 110 47 sine
1731 1295 110 47 tali
1800 1295 179 47 respectu,
1937 1295 124 47 sicut
2020 1295 151 47 istemet
2116 1295 55 47 do

1316 1335 127 47 ctor
1396 1335 143 47 ponit
1491 1335 95 47 in
1539 1335 111 47 suo
1602 1335 175 47 scripto
1729 1335 143 47 super
1824 1335 175 47 quartum
1936 1335 238 47 sententiarum.

1317 1373 137 45 Item,
1408 1373 168 45 numerus
1530 1373 107 45 est
1591 1373 229 45 naturaliter
1774 1373 153 45 prior,
1881 1373 122 45 quam
1957 1373 107 45 par
2018 1373 107 45 vel
2064 1373 122 45 impar:

1310 1411 113 49 cum
1374 1411 209 49 subiectum
1535 1411 113 49 sit
1600 1411 242 49 naturaliter
1793 1411 145 49 prius
1890 1411 209 49 passione:
2051 1411 81 49 &
2067 1411 113 49 tamen

1321 1460 134 39 nulla
1411 1460 179 39 potentia
1545 1460 149 39 potest
1650 1460 134 39 fieri
1739 1460 179 39 numerus,
1873 1460 105 39 qui
1933 1460 105 39 nec
1993 1460 105 39 sit
2053 1460 119 39 par,
2112 1460 75 39 nec

1316 1492 155 52 impar,
1425 1492 78 52 &
1456 1492 140 52 eodem
1549 1492 124 52 modo
1627 1492 93 52 de
1673 1492 140 52 linea
1766 1492 186 52 respectu
1906 1492 264 52 rectitudinis,
2107 1492 78 52 vel

1318 1537 230 45 curuitatis,
1502 1537 77 45 &
1532 1537 92 45 de
1579 1537 199 45 triangulo
1732 1537 184 45 respectu
1870 1537 138 45 trium
1962 1537 199 45 angulorum
2100 1537 77 45 va-

1316 1569 165 43 lentium
1436 1569 120 43 duos
1511 1569 165 43 rectos;
1631 1569 75 43 &
1661 1569 135 43 alias
1751 1569 150 43 multas
1855 1569 120 43 illa
1930 1569 135 43 maior
2020 1569 165 43 patitur
2125 1569 60 43 in

1322 1609 172 48 tantias
1447 1609 187 48 Concessa
1587 1609 140 48 tamen
1681 1609 125 48 tota
1759 1609 187 48 ratione,
1899 1609 140 48 nihil
1993 1609 125 48 plus
2055 1609 125 48 conclu

1321 1649 145 57 ditur,
1422 1649 116 57 nisi
1494 1649 87 57 de
1537 1649 173 57 potentia
1668 1649 101 57 Dei
1725 1649 188 57 absoluta,
1870 1649 87 57 de
1913 1649 101 57 qua
1971 1649 87 57 ad
2015 1649 173 57 praesens
2130 1649 58 57 ni

1304 1687 176 53 hil
1379 1687 301 53 quaeritur.

1348 1730 95 51 Ad
1396 1730 190 51 secundum
1538 1730 190 51 dicendum
1681 1730 95 51 ad
1728 1730 190 51 minorem,
1871 1730 127 51 quod
1950 1730 143 51 talis
2030 1730 158 51 necessi-

1311 1767 132 54 tatis
1399 1767 132 54 visio
1488 1767 162 54 obiecti
1605 1767 103 54 non
1664 1767 103 54 est
1723 1767 132 54 causa
1811 1767 103 54 per
1870 1767 103 54 se:
1928 1767 103 54 sed
1987 1767 176 54 secundum
2105 1767 88 54 ordi

1311 1807 128 50 nem,
1391 1807 128 50 quem
1472 1807 193 50 videmus,
1616 1807 112 50 est
1680 1807 145 50 causa
1777 1807 128 50 sine
1857 1807 112 50 qua
1921 1807 128 50 non.
2001 1807 128 50 Vnde
2066 1807 112 50 talis

1315 1848 215 49 necessitas
1483 1848 138 49 inest
1575 1848 199 49 voluntati
1729 1848 107 49 per
1790 1848 169 49 aliquod
1913 1848 245 49 intrinsecum:
2097 1848 92 49 quia

1319 1886 138 41 inest
1411 1886 123 41 sibi
1488 1886 108 41 per
1549 1886 185 41 propriam
1688 1886 169 41 naturam
1811 1886 77 41 a
1842 1886 108 41 Deo
1903 1886 123 41 sibi
1980 1886 154 41 datam,
2072 1886 108 41 licet

1314 1927 106 49 non
1375 1927 198 49 conueniat
1527 1927 122 49 sibi
1603 1927 182 49 respectu
1739 1927 228 49 cuiuscunque
1922 1927 182 49 obiecti,
2058 1927 106 49 sed
2104 1927 76 49 re-

1315 1963 164 59 spectu
1430 1963 148 59 summi
1512 1963 115 59 boni.

1336 1997 102 59 Ad
1387 1997 186 59 tertium
1522 1997 135 59 nego
1607 1997 203 59 maiorem:
1759 1997 135 59 quia
1844 1997 203 59 voluntas
1996 1997 169 59 diuina
2097 1997 85 59 est

1314 2048 110 49 vna
1377 2048 204 49 potentia,
1534 2048 78 49 &
1565 2048 141 49 tamen
1659 2048 110 49 est
1722 2048 219 49 principium
1894 2048 219 49 producendi
2051 2048 125 49 creatu

1314 2079 123 51 ram,
1391 2079 123 51 quae
1468 2079 247 51 contingenter
1668 2079 231 51 producitur:
1853 2079 123 51 quia
1930 2079 154 51 posset
2038 2079 108 51 non
2084 2079 93 51 pro-

1313 2118 141 54 duci,
1407 2118 78 54 &
1438 2118 109 54 est
1501 2118 219 54 principium
1673 2118 219 54 producendi
1844 2118 187 54 spiritum
1985 2118 187 54 sanctum,
2110 2118 78 54 qui

1312 2159 207 50 necessario
1475 2159 222 50 producitur:
1653 2159 118 50 quia
1727 2159 104 50 non
1786 2159 148 50 potest
1890 2159 104 50 non
1949 2159 178 50 produci:
2082 2159 133 50 etiam

1307 2198 97 48 in
1355 2198 161 48 minori
1468 2198 225 48 supponitur
1645 2198 177 48 quoddam
1774 2198 177 48 falsum,
1902 2198 193 48 scilicet
2047 2198 129 48 quod
2112 2198 64 48 om

1307 2248 108 41 ne,
1368 2248 124 41 quod
1446 2248 155 41 libere
1554 2248 139 41 agit,
1647 2248 248 41 contingenter
1848 2248 139 41 agat:
1941 2248 124 41 quod
2018 2248 139 41 tamen
2096 2248 77 41 non

1314 2283 106 45 est
1374 2283 151 45 verum,
1480 2283 121 45 nisi
1555 2283 91 45 de
1601 2283 196 45 libertate
1751 2283 136 45 primo
1842 2283 121 45 modo
1917 2283 151 45 dicta;
2023 2283 136 45 pater
2098 2283 91 45 enim

1319 2320 76 48 &
1349 2320 152 48 filius
1456 2320 198 48 liberrime
1608 2320 198 48 producunt
1760 2320 182 48 spiritum
1896 2320 182 48 sanctum:
2033 2320 122 48 quia
2094 2320 76 48 per

1304 2358 146 44 modum
1401 2358 178 44 amoris,
1531 2358 81 44 &
1563 2358 146 44 tamen
1660 2358 227 44 necessario
1839 2358 146 44 ipsum
1936 2358 113 44 pro
2001 2358 162 44 ducunt
2098 2358 81 44 non

1307 2396 230 45 necessitate
1491 2396 230 45 coactionis:
1674 2396 107 45 sed
1736 2396 230 45 necessitate
1904 2396 276 45 immutabilitatis;

1312 2441 106 45 non
1373 2441 121 45 enim
1448 2441 182 45 spiritus
1585 2441 167 45 sanctus
1706 2441 243 45 contingenter
1904 2441 197 45 procedit,
2056 2441 106 45 cum
2101 2441 76 45 non

1323 2472 151 52 possit
1429 2472 106 52 non
1489 2472 212 52 procedere,
1656 2472 76 52 &
1686 2472 136 52 tamen
1777 2472 151 52 libere
1883 2472 197 52 procedit,
2035 2472 106 52 cum
2080 2472 106 52 spiri

1309 2516 101 42 tus
1366 2516 158 42 sanctus
1481 2516 101 42 sit
1539 2516 115 42 amor
1611 2516 187 42 productus
1755 2516 86 42 in
1784 2516 144 42 diuinis;

1350 2551 93 46 Ad
1396 2551 171 46 quartum
1520 2551 202 46 dicendum,
1675 2551 124 46 quod
1753 2551 155 46 falsum
1861 2551 202 46 assumitur
2016 2551 93 46 in
2047 2551 124 46 minori

1321 2591 134 57 quia
1405 2591 168 57 summum
1523 2591 151 57 bonum
1623 2591 151 57 etiam
1724 2591 101 57 in
1774 2591 117 57 via
1841 2591 268 57 apprenhensum
2060 2591 101 57 in
2093 2591 84 57 vni

1317 2637 166 37 uersali
1438 2637 181 37 necessit
1574 2637 91 37 at
1619 2637 212 37 voluntatem
1785 2637 227 37 necessitate
1951 2637 227 37 immutabilita-

1309 2671 112 47 tis,
1379 2671 84 47 vt
1421 2671 169 47 probatum
1548 2671 98 47 est
1604 2671 84 47 in
1646 2671 126 47 primo
1730 2671 169 47 articulo
1857 2671 140 47 istius
1955 2671 225 47 quaestionis,
2138 2671 70 47 &

1305 2708 135 56 ibidem
1400 2708 163 56 rationes
1522 2708 135 56 istius
1617 2708 163 56 doctoris
1739 2708 176 56 probantes
1874 2708 176 56 oppositum
2010 2708 149 56 solutae
2105 2708 81 56 sunt

1359 2749 86 47 Ad
1402 2749 157 47 quintum
1516 2749 185 47 dicendum,
1658 2749 114 47 quod
1729 2749 114 47 ista
1801 2749 200 47 necessitas
1957 2749 100 47 est
2014 2749 86 47 ab
2043 2749 128 47 vtroque

1305 2788 177 45 Estenim
1434 2788 177 45 propter
1563 2788 210 45 obiectum:
1724 2788 129 45 quia
1805 2788 113 45 ita
1869 2788 258 45 sufficienter
2063 2788 113 45 mouet

1322 2829 194 48 potentiam,
1475 2829 111 48 quod
1544 2829 111 48 ipsa
1614 2829 236 48 immutabiliter
1808 2829 125 48 actum
1891 2829 208 48 fruitionis,
2058 2829 111 48 sine
2114 2829 69 48 per

1313 2862 129 59 fecti
1398 2862 143 59 amoris
1498 2862 143 59 elicit
1598 2862 129 59 circa
1684 2862 143 59 ipsum.
1784 2862 86 59 Et
1827 2862 186 59 similiter
1970 2862 100 59 est
2027 2862 71 59 a
2041 2862 143 59 volunta-

1316 2909 96 50 te,
1371 2909 110 50 quod
1440 2909 82 50 ex
1481 2909 96 50 sua
1535 2909 137 50 natura
1631 2909 96 50 hoc
1686 2909 110 50 het,
1754 2909 110 50 quod
1823 2909 68 50 a
1850 2909 123 50 summo
1932 2909 110 50 bono
2001 2909 123 50 mota,
2069 2909 96 50 dele-

1305 2943 131 45 ctata
1393 2943 117 45 sibi
1466 2943 219 45 complacendo
1641 2943 219 45 consentiens
1816 2943 219 45 mutabiliter
1977 2943 204 45 conquiescat.

1328 2988 93 45 Ad
1374 2988 154 45 sextum
1482 2988 201 45 dicendum,
1636 2988 124 45 quod
1714 2988 124 45 siue
1791 2988 170 45 caritas
1914 2988 139 45 Pauli
2007 2988 170 45 sumatur
2115 2988 62 45 in

1311 3026 157 52 raptu,
1421 3026 126 52 siue
1500 3026 126 52 post
1579 3026 173 52 raptum,
1704 3026 157 52 semper
1814 3026 142 52 ipsum
1909 3026 126 52 Deum
1987 3026 110 52 sub
2035 3026 142 52 ratione

1309 3064 105 56 vlt
1369 3064 105 56 imi
1429 3064 134 56 finis
1518 3064 224 56 apprehensum
1697 3064 209 56 necessario
1847 3064 149 56 dilexit.
