<?xml version="1.0" encoding="UTF-8"?>
<alto xmlns:xsi="http://www.w3.org/2001/XMLSchema-instance"
      xmlns="http://www.loc.gov/standards/alto/ns-v2#"
      xmlns:page="http://schema.primaresearch.org/PAGE/gts/pagecontent/2013-07-15"
      xsi:schemaLocation="http://www.loc.gov/standards/alto/ns-v2# http://www.loc.gov/standards/alto/alto.xsd">
   <Description>
      <MeasurementUnit>pixel</MeasurementUnit>
      <OCRProcessing ID="IdOcr">
         <ocrProcessingStep>
            <processingDateTime>2020-10-28T20:22:25.942-04:00</processingDateTime>
            <processingSoftware>
               <softwareCreator>READ COOP</softwareCreator>
               <softwareName>Transkribus</softwareName>
            </processingSoftware>
         </ocrProcessingStep>
      </OCRProcessing>
   </Description>
   <Tags/>
   <Layout>
      <Page ID="Page1" PHYSICAL_IMG_NR="1" HEIGHT="3555" WIDTH="2335">
         <TopMargin HEIGHT="0" WIDTH="2335" VPOS="0" HPOS="0"/>
         <LeftMargin HEIGHT="3555" WIDTH="0" VPOS="0" HPOS="0"/>
         <RightMargin HEIGHT="3555" WIDTH="0" VPOS="0" HPOS="2335"/>
         <BottomMargin HEIGHT="0" WIDTH="2335" VPOS="3555" HPOS="0"/>
         <PrintSpace HEIGHT="3555" WIDTH="2335" VPOS="0" HPOS="0">
            <TextBlock ID="r2" HEIGHT="2940" WIDTH="876" VPOS="214" HPOS="174">
               <Shape>
                  <Polygon POINTS="174,214 174,3154 1050,3154 1050,214"/>
               </Shape>
               <TextLine ID="r2l3"
                         BASELINE="326"
                         HEIGHT="54"
                         WIDTH="809"
                         VPOS="272"
                         HPOS="240">
                  <String HEIGHT="54" WIDTH="95" VPOS="272" HPOS="224" CONTENT="Ad"/>
                  <SP HEIGHT="54" WIDTH="16" VPOS="272" HPOS="319"/>
                  <String HEIGHT="54"
                          WIDTH="190"
                          VPOS="272"
                          HPOS="272"
                          CONTENT="septimum"/>
                  <SP HEIGHT="54" WIDTH="16" VPOS="272" HPOS="462"/>
                  <String HEIGHT="54"
                          WIDTH="206"
                          VPOS="272"
                          HPOS="414"
                          CONTENT="dicendum,"/>
                  <SP HEIGHT="54" WIDTH="16" VPOS="272" HPOS="621"/>
                  <String HEIGHT="54"
                          WIDTH="127"
                          VPOS="272"
                          HPOS="573"
                          CONTENT="quod"/>
                  <SP HEIGHT="54" WIDTH="16" VPOS="272" HPOS="700"/>
                  <String HEIGHT="54"
                          WIDTH="143"
                          VPOS="272"
                          HPOS="652"
                          CONTENT="maior"/>
                  <SP HEIGHT="54" WIDTH="16" VPOS="272" HPOS="795"/>
                  <String HEIGHT="54" WIDTH="111" VPOS="272" HPOS="748" CONTENT="non"/>
                  <SP HEIGHT="54" WIDTH="16" VPOS="272" HPOS="859"/>
                  <String HEIGHT="54" WIDTH="111" VPOS="272" HPOS="811" CONTENT="est"/>
                  <SP HEIGHT="54" WIDTH="16" VPOS="272" HPOS="922"/>
                  <String HEIGHT="54"
                          WIDTH="143"
                          VPOS="272"
                          HPOS="875"
                          CONTENT="vera:"/>
                  <SP HEIGHT="54" WIDTH="16" VPOS="272" HPOS="1017"/>
                  <String HEIGHT="54" WIDTH="95" VPOS="272" HPOS="954" CONTENT="quia"/>
               </TextLine>
               <TextLine ID="r2l4"
                         BASELINE="366"
                         HEIGHT="58"
                         WIDTH="855"
                         VPOS="308"
                         HPOS="185">
                  <String HEIGHT="58"
                          WIDTH="181"
                          VPOS="308"
                          HPOS="169"
                          CONTENT="elicere"/>
                  <SP HEIGHT="58" WIDTH="16" VPOS="308" HPOS="349"/>
                  <String HEIGHT="58"
                          WIDTH="148"
                          VPOS="308"
                          HPOS="300"
                          CONTENT="actum"/>
                  <SP HEIGHT="58" WIDTH="16" VPOS="308" HPOS="448"/>
                  <String HEIGHT="58"
                          WIDTH="312"
                          VPOS="308"
                          HPOS="399"
                          CONTENT="delectabiliter,"/>
                  <SP HEIGHT="58" WIDTH="16" VPOS="308" HPOS="711"/>
                  <String HEIGHT="58" WIDTH="115" VPOS="308" HPOS="662" CONTENT="non"/>
                  <SP HEIGHT="58" WIDTH="16" VPOS="308" HPOS="777"/>
                  <String HEIGHT="58"
                          WIDTH="148"
                          VPOS="308"
                          HPOS="728"
                          CONTENT="minus"/>
                  <SP HEIGHT="58" WIDTH="16" VPOS="308" HPOS="876"/>
                  <String HEIGHT="58" WIDTH="115" VPOS="308" HPOS="826" CONTENT="est"/>
                  <SP HEIGHT="58" WIDTH="16" VPOS="308" HPOS="941"/>
                  <String HEIGHT="58"
                          WIDTH="148"
                          VPOS="308"
                          HPOS="892"
                          CONTENT="modus"/>
                  <SP HEIGHT="58" WIDTH="16" VPOS="308" HPOS="1040"/>
                  <String HEIGHT="58" WIDTH="66" VPOS="308" HPOS="974" CONTENT="po"/>
               </TextLine>
               <TextLine ID="r2l5"
                         BASELINE="406"
                         HEIGHT="49"
                         WIDTH="851"
                         VPOS="357"
                         HPOS="192">
                  <String HEIGHT="49"
                          WIDTH="170"
                          VPOS="357"
                          HPOS="177"
                          CONTENT="tentiae"/>
                  <SP HEIGHT="49" WIDTH="15" VPOS="357" HPOS="347"/>
                  <String HEIGHT="49"
                          WIDTH="139"
                          VPOS="357"
                          HPOS="300"
                          CONTENT="circa"/>
                  <SP HEIGHT="49" WIDTH="15" VPOS="357" HPOS="440"/>
                  <String HEIGHT="49"
                          WIDTH="155"
                          VPOS="357"
                          HPOS="393"
                          CONTENT="actum,"/>
                  <SP HEIGHT="49" WIDTH="15" VPOS="357" HPOS="548"/>
                  <String HEIGHT="49"
                          WIDTH="124"
                          VPOS="357"
                          HPOS="501"
                          CONTENT="quam"/>
                  <SP HEIGHT="49" WIDTH="15" VPOS="357" HPOS="625"/>
                  <String HEIGHT="49"
                          WIDTH="170"
                          VPOS="357"
                          HPOS="579"
                          CONTENT="elicere"/>
                  <SP HEIGHT="49" WIDTH="15" VPOS="357" HPOS="749"/>
                  <String HEIGHT="49"
                          WIDTH="263"
                          VPOS="357"
                          HPOS="703"
                          CONTENT="contingenter."/>
                  <SP HEIGHT="49" WIDTH="15" VPOS="357" HPOS="966"/>
                  <String HEIGHT="49"
                          WIDTH="139"
                          VPOS="357"
                          HPOS="904"
                          CONTENT="Eliceri"/>
               </TextLine>
               <TextLine ID="r2l6"
                         BASELINE="436"
                         HEIGHT="48"
                         WIDTH="863"
                         VPOS="388"
                         HPOS="192">
                  <String HEIGHT="48"
                          WIDTH="141"
                          VPOS="388"
                          HPOS="176"
                          CONTENT="autem"/>
                  <SP HEIGHT="48" WIDTH="16" VPOS="388" HPOS="318"/>
                  <String HEIGHT="48"
                          WIDTH="282"
                          VPOS="388"
                          HPOS="270"
                          CONTENT="delectabiliter"/>
                  <SP HEIGHT="48" WIDTH="16" VPOS="388" HPOS="553"/>
                  <String HEIGHT="48"
                          WIDTH="188"
                          VPOS="388"
                          HPOS="506"
                          CONTENT="conuenit"/>
                  <SP HEIGHT="48" WIDTH="16" VPOS="388" HPOS="694"/>
                  <String HEIGHT="48"
                          WIDTH="204"
                          VPOS="388"
                          HPOS="647"
                          CONTENT="potentiae"/>
                  <SP HEIGHT="48" WIDTH="16" VPOS="388" HPOS="851"/>
                  <String HEIGHT="48" WIDTH="110" VPOS="388" HPOS="804" CONTENT="per"/>
                  <SP HEIGHT="48" WIDTH="16" VPOS="388" HPOS="914"/>
                  <String HEIGHT="48"
                          WIDTH="188"
                          VPOS="388"
                          HPOS="867"
                          CONTENT="habitum:"/>
                  <SP HEIGHT="48" WIDTH="16" VPOS="388" HPOS="1055"/>
                  <String HEIGHT="48" WIDTH="63" VPOS="388" HPOS="992" CONTENT="vt"/>
               </TextLine>
               <TextLine ID="r2l7"
                         BASELINE="488"
                         HEIGHT="58"
                         WIDTH="858"
                         VPOS="430"
                         HPOS="188">
                  <String HEIGHT="58"
                          WIDTH="159"
                          VPOS="430"
                          HPOS="172"
                          CONTENT="patet."/>
                  <SP HEIGHT="58" WIDTH="16" VPOS="430" HPOS="331"/>
                  <String HEIGHT="58" WIDTH="95" VPOS="430" HPOS="283" CONTENT="2."/>
                  <SP HEIGHT="58" WIDTH="16" VPOS="430" HPOS="379"/>
                  <String HEIGHT="58"
                          WIDTH="222"
                          VPOS="430"
                          HPOS="331"
                          CONTENT="ethicorum."/>
                  <SP HEIGHT="58" WIDTH="16" VPOS="430" HPOS="553"/>
                  <String HEIGHT="58" WIDTH="95" VPOS="430" HPOS="506" CONTENT="Ad"/>
                  <SP HEIGHT="58" WIDTH="16" VPOS="430" HPOS="601"/>
                  <String HEIGHT="58"
                          WIDTH="175"
                          VPOS="430"
                          HPOS="553"
                          CONTENT="minorem"/>
                  <SP HEIGHT="58" WIDTH="16" VPOS="430" HPOS="728"/>
                  <String HEIGHT="58"
                          WIDTH="143"
                          VPOS="430"
                          HPOS="681"
                          CONTENT="dico,"/>
                  <SP HEIGHT="58" WIDTH="16" VPOS="430" HPOS="824"/>
                  <String HEIGHT="58"
                          WIDTH="127"
                          VPOS="430"
                          HPOS="776"
                          CONTENT="quod"/>
                  <SP HEIGHT="58" WIDTH="16" VPOS="430" HPOS="903"/>
                  <String HEIGHT="58" WIDTH="95" VPOS="430" HPOS="855" CONTENT="in"/>
                  <SP HEIGHT="58" WIDTH="16" VPOS="430" HPOS="951"/>
                  <String HEIGHT="58" WIDTH="111" VPOS="430" HPOS="903" CONTENT="ea,"/>
                  <SP HEIGHT="58" WIDTH="16" VPOS="430" HPOS="1014"/>
                  <String HEIGHT="58" WIDTH="95" VPOS="430" HPOS="951" CONTENT="quae"/>
               </TextLine>
               <TextLine ID="r2l8"
                         BASELINE="524"
                         HEIGHT="54"
                         WIDTH="866"
                         VPOS="470"
                         HPOS="183">
                  <String HEIGHT="54"
                          WIDTH="124"
                          VPOS="470"
                          HPOS="168"
                          CONTENT="sunt"/>
                  <SP HEIGHT="54" WIDTH="15" VPOS="470" HPOS="291"/>
                  <String HEIGHT="54"
                          WIDTH="139"
                          VPOS="470"
                          HPOS="245"
                          CONTENT="citra"/>
                  <SP HEIGHT="54" WIDTH="15" VPOS="470" HPOS="384"/>
                  <String HEIGHT="54"
                          WIDTH="170"
                          VPOS="470"
                          HPOS="338"
                          CONTENT="vltimum"/>
                  <SP HEIGHT="54" WIDTH="15" VPOS="470" HPOS="508"/>
                  <String HEIGHT="54"
                          WIDTH="155"
                          VPOS="470"
                          HPOS="461"
                          CONTENT="finem,"/>
                  <SP HEIGHT="54" WIDTH="15" VPOS="470" HPOS="616"/>
                  <String HEIGHT="54"
                          WIDTH="186"
                          VPOS="470"
                          HPOS="570"
                          CONTENT="voluntas"/>
                  <SP HEIGHT="54" WIDTH="15" VPOS="470" HPOS="755"/>
                  <String HEIGHT="54"
                          WIDTH="155"
                          VPOS="470"
                          HPOS="709"
                          CONTENT="tendit"/>
                  <SP HEIGHT="54" WIDTH="15" VPOS="470" HPOS="863"/>
                  <String HEIGHT="54"
                          WIDTH="170"
                          VPOS="470"
                          HPOS="817"
                          CONTENT="libere,"/>
                  <SP HEIGHT="54" WIDTH="15" VPOS="470" HPOS="987"/>
                  <String HEIGHT="54" WIDTH="77" VPOS="470" HPOS="941" CONTENT="&amp;"/>
                  <SP HEIGHT="54" WIDTH="15" VPOS="470" HPOS="1018"/>
                  <String HEIGHT="54"
                          WIDTH="93"
                          VPOS="470"
                          HPOS="956"
                          CONTENT="con"
                          SUBS_TYPE="HypPart1"
                          SUBS_CONTENT="contingenter:"/>
                  <HYP CONTENT="-"/>
               </TextLine>
               <TextLine ID="r2l9"
                         BASELINE="564"
                         HEIGHT="55"
                         WIDTH="851"
                         VPOS="509"
                         HPOS="190">
                  <String HEIGHT="55"
                          WIDTH="221"
                          VPOS="509"
                          HPOS="174"
                          CONTENT="tingenter:"
                          SUBS_TYPE="HypPart2"
                          SUBS_CONTENT="contingenter:"/>
                  <SP HEIGHT="55" WIDTH="16" VPOS="509" HPOS="395"/>
                  <String HEIGHT="55" WIDTH="110" VPOS="509" HPOS="348" CONTENT="sed"/>
                  <SP HEIGHT="55" WIDTH="16" VPOS="509" HPOS="458"/>
                  <String HEIGHT="55" WIDTH="95" VPOS="509" HPOS="411" CONTENT="in"/>
                  <SP HEIGHT="55" WIDTH="16" VPOS="509" HPOS="505"/>
                  <String HEIGHT="55"
                          WIDTH="142"
                          VPOS="509"
                          HPOS="458"
                          CONTENT="ipsum"/>
                  <SP HEIGHT="55" WIDTH="16" VPOS="509" HPOS="600"/>
                  <String HEIGHT="55"
                          WIDTH="173"
                          VPOS="509"
                          HPOS="552"
                          CONTENT="vltimum"/>
                  <SP HEIGHT="55" WIDTH="16" VPOS="509" HPOS="726"/>
                  <String HEIGHT="55"
                          WIDTH="142"
                          VPOS="509"
                          HPOS="679"
                          CONTENT="finem"/>
                  <SP HEIGHT="55" WIDTH="16" VPOS="509" HPOS="820"/>
                  <String HEIGHT="55"
                          WIDTH="158"
                          VPOS="509"
                          HPOS="773"
                          CONTENT="tendit"/>
                  <SP HEIGHT="55" WIDTH="16" VPOS="509" HPOS="931"/>
                  <String HEIGHT="55"
                          WIDTH="173"
                          VPOS="509"
                          HPOS="883"
                          CONTENT="libere,"/>
                  <SP HEIGHT="55" WIDTH="16" VPOS="509" HPOS="1057"/>
                  <String HEIGHT="55" WIDTH="47" VPOS="509" HPOS="994" CONTENT="&amp;"/>
               </TextLine>
               <TextLine ID="r2l10"
                         BASELINE="592"
                         HEIGHT="46"
                         WIDTH="608"
                         VPOS="546"
                         HPOS="183">
                  <String HEIGHT="46"
                          WIDTH="218"
                          VPOS="546"
                          HPOS="167"
                          CONTENT="necessario"/>
                  <SP HEIGHT="46" WIDTH="16" VPOS="546" HPOS="386"/>
                  <String HEIGHT="46"
                          WIDTH="234"
                          VPOS="546"
                          HPOS="339"
                          CONTENT="necessitate"/>
                  <SP HEIGHT="46" WIDTH="16" VPOS="546" HPOS="573"/>
                  <String HEIGHT="46"
                          WIDTH="281"
                          VPOS="546"
                          HPOS="510"
                          CONTENT="immutabilitatis."/>
               </TextLine>
               <TextLine ID="r2l13"
                         BASELINE="692"
                         HEIGHT="69"
                         WIDTH="296"
                         VPOS="623"
                         HPOS="486">
                  <String HEIGHT="69"
                          WIDTH="174"
                          VPOS="623"
                          HPOS="469"
                          CONTENT="Quarta"/>
                  <SP HEIGHT="69" WIDTH="17" VPOS="623" HPOS="643"/>
                  <String HEIGHT="69"
                          WIDTH="209"
                          VPOS="623"
                          HPOS="573"
                          CONTENT="conclusio."/>
               </TextLine>
               <TextLine ID="r2l15"
                         BASELINE="787"
                         HEIGHT="87"
                         WIDTH="873"
                         VPOS="700"
                         HPOS="171">
                  <String HEIGHT="87"
                          WIDTH="132"
                          VPOS="700"
                          HPOS="155"
                          CONTENT="Quod"/>
                  <SP HEIGHT="87" WIDTH="16" VPOS="700" HPOS="286"/>
                  <String HEIGHT="87" WIDTH="115" VPOS="700" HPOS="237" CONTENT="nec"/>
                  <SP HEIGHT="87" WIDTH="16" VPOS="700" HPOS="352"/>
                  <String HEIGHT="87" WIDTH="115" VPOS="700" HPOS="303" CONTENT="per"/>
                  <SP HEIGHT="87" WIDTH="16" VPOS="700" HPOS="418"/>
                  <String HEIGHT="87" WIDTH="115" VPOS="700" HPOS="369" CONTENT="se,"/>
                  <SP HEIGHT="87" WIDTH="16" VPOS="700" HPOS="484"/>
                  <String HEIGHT="87" WIDTH="115" VPOS="700" HPOS="435" CONTENT="nec"/>
                  <SP HEIGHT="87" WIDTH="16" VPOS="700" HPOS="550"/>
                  <String HEIGHT="87" WIDTH="115" VPOS="700" HPOS="500" CONTENT="per"/>
                  <SP HEIGHT="87" WIDTH="16" VPOS="700" HPOS="616"/>
                  <String HEIGHT="87"
                          WIDTH="198"
                          VPOS="700"
                          HPOS="566"
                          CONTENT="accidens"/>
                  <SP HEIGHT="87" WIDTH="16" VPOS="700" HPOS="764"/>
                  <String HEIGHT="87"
                          WIDTH="198"
                          VPOS="700"
                          HPOS="715"
                          CONTENT="voluntas"/>
                  <SP HEIGHT="87" WIDTH="16" VPOS="700" HPOS="912"/>
                  <String HEIGHT="87" WIDTH="82" VPOS="700" HPOS="863" CONTENT="a"/>
                  <SP HEIGHT="87" WIDTH="16" VPOS="700" HPOS="945"/>
                  <String HEIGHT="87"
                          WIDTH="165"
                          VPOS="700"
                          HPOS="879"
                          CONTENT="dilectio"/>
               </TextLine>
               <TextLine ID="r2l16"
                         BASELINE="838"
                         HEIGHT="81"
                         WIDTH="729"
                         VPOS="757"
                         HPOS="194">
                  <String HEIGHT="81" WIDTH="109" VPOS="757" HPOS="176" CONTENT="ne"/>
                  <SP HEIGHT="81" WIDTH="18" VPOS="757" HPOS="285"/>
                  <String HEIGHT="81"
                          WIDTH="146"
                          VPOS="757"
                          HPOS="230"
                          CONTENT="siue"/>
                  <SP HEIGHT="81" WIDTH="18" VPOS="757" HPOS="376"/>
                  <String HEIGHT="81"
                          WIDTH="237"
                          VPOS="757"
                          HPOS="322"
                          CONTENT="fruitione"/>
                  <SP HEIGHT="81" WIDTH="18" VPOS="757" HPOS="559"/>
                  <String HEIGHT="81"
                          WIDTH="182"
                          VPOS="757"
                          HPOS="504"
                          CONTENT="vltim,"/>
                  <SP HEIGHT="81" WIDTH="18" VPOS="757" HPOS="686"/>
                  <String HEIGHT="81"
                          WIDTH="164"
                          VPOS="757"
                          HPOS="631"
                          CONTENT="finis"/>
                  <SP HEIGHT="81" WIDTH="18" VPOS="757" HPOS="795"/>
                  <String HEIGHT="81"
                          WIDTH="182"
                          VPOS="757"
                          HPOS="741"
                          CONTENT="potest"/>
                  <SP HEIGHT="81" WIDTH="18" VPOS="757" HPOS="923"/>
                  <String HEIGHT="81" WIDTH="73" VPOS="757" HPOS="850" CONTENT="in"/>
               </TextLine>
               <TextLine ID="r2l18"
                         BASELINE="877"
                         HEIGHT="61"
                         WIDTH="240"
                         VPOS="816"
                         HPOS="492">
                  <String HEIGHT="61"
                          WIDTH="150"
                          VPOS="816"
                          HPOS="477"
                          CONTENT="patria"/>
                  <SP HEIGHT="61" WIDTH="15" VPOS="816" HPOS="627"/>
                  <String HEIGHT="61"
                          WIDTH="165"
                          VPOS="816"
                          HPOS="567"
                          CONTENT="resilire."/>
               </TextLine>
               <TextLine ID="r2l21"
                         BASELINE="958"
                         HEIGHT="57"
                         WIDTH="855"
                         VPOS="901"
                         HPOS="185">
                  <String HEIGHT="57"
                          WIDTH="219"
                          VPOS="901"
                          HPOS="165"
                          CONTENT="SVANTVM"/>
                  <SP HEIGHT="57" WIDTH="20" VPOS="901" HPOS="384"/>
                  <String HEIGHT="57" WIDTH="119" VPOS="901" HPOS="324" CONTENT="ad"/>
                  <SP HEIGHT="57" WIDTH="20" VPOS="901" HPOS="443"/>
                  <String HEIGHT="57"
                          WIDTH="219"
                          VPOS="901"
                          HPOS="384"
                          CONTENT="quartum"/>
                  <SP HEIGHT="57" WIDTH="20" VPOS="901" HPOS="603"/>
                  <String HEIGHT="57"
                          WIDTH="278"
                          VPOS="901"
                          HPOS="543"
                          CONTENT="principale"/>
                  <SP HEIGHT="57" WIDTH="20" VPOS="901" HPOS="821"/>
                  <String HEIGHT="57"
                          WIDTH="239"
                          VPOS="901"
                          HPOS="762"
                          CONTENT="dicedum,"/>
                  <SP HEIGHT="57" WIDTH="20" VPOS="901" HPOS="1000"/>
                  <String HEIGHT="57"
                          WIDTH="119"
                          VPOS="901"
                          HPOS="921"
                          CONTENT="qnec"/>
               </TextLine>
               <TextLine ID="r2l22"
                         BASELINE="989"
                         HEIGHT="51"
                         WIDTH="848"
                         VPOS="938"
                         HPOS="189">
                  <String HEIGHT="51" WIDTH="114" VPOS="938" HPOS="173" CONTENT="per"/>
                  <SP HEIGHT="51" WIDTH="16" VPOS="938" HPOS="287"/>
                  <String HEIGHT="51" WIDTH="114" VPOS="938" HPOS="238" CONTENT="se,"/>
                  <SP HEIGHT="51" WIDTH="16" VPOS="938" HPOS="352"/>
                  <String HEIGHT="51" WIDTH="114" VPOS="938" HPOS="303" CONTENT="nec"/>
                  <SP HEIGHT="51" WIDTH="16" VPOS="938" HPOS="417"/>
                  <String HEIGHT="51" WIDTH="114" VPOS="938" HPOS="368" CONTENT="per"/>
                  <SP HEIGHT="51" WIDTH="16" VPOS="938" HPOS="483"/>
                  <String HEIGHT="51"
                          WIDTH="196"
                          VPOS="938"
                          HPOS="434"
                          CONTENT="accidens"/>
                  <SP HEIGHT="51" WIDTH="16" VPOS="938" HPOS="629"/>
                  <String HEIGHT="51"
                          WIDTH="196"
                          VPOS="938"
                          HPOS="580"
                          CONTENT="voluntas"/>
                  <SP HEIGHT="51" WIDTH="16" VPOS="938" HPOS="776"/>
                  <String HEIGHT="51" WIDTH="82" VPOS="938" HPOS="727" CONTENT="a"/>
                  <SP HEIGHT="51" WIDTH="16" VPOS="938" HPOS="809"/>
                  <String HEIGHT="51"
                          WIDTH="245"
                          VPOS="938"
                          HPOS="760"
                          CONTENT="dilectione,"/>
                  <SP HEIGHT="51" WIDTH="16" VPOS="938" HPOS="1004"/>
                  <String HEIGHT="51" WIDTH="98" VPOS="938" HPOS="939" CONTENT="siuc"/>
               </TextLine>
               <TextLine ID="r2l23"
                         BASELINE="1038"
                         HEIGHT="66"
                         WIDTH="848"
                         VPOS="972"
                         HPOS="180">
                  <String HEIGHT="66"
                          WIDTH="184"
                          VPOS="972"
                          HPOS="166"
                          CONTENT="fruitione"/>
                  <SP HEIGHT="66" WIDTH="14" VPOS="972" HPOS="350"/>
                  <String HEIGHT="66"
                          WIDTH="141"
                          VPOS="972"
                          HPOS="307"
                          CONTENT="ipsius"/>
                  <SP HEIGHT="66" WIDTH="14" VPOS="972" HPOS="449"/>
                  <String HEIGHT="66"
                          WIDTH="141"
                          VPOS="972"
                          HPOS="406"
                          CONTENT="vltimi"/>
                  <SP HEIGHT="66" WIDTH="14" VPOS="972" HPOS="547"/>
                  <String HEIGHT="66"
                          WIDTH="127"
                          VPOS="972"
                          HPOS="505"
                          CONTENT="finis"/>
                  <SP HEIGHT="66" WIDTH="14" VPOS="972" HPOS="632"/>
                  <String HEIGHT="66"
                          WIDTH="141"
                          VPOS="972"
                          HPOS="590"
                          CONTENT="potest"/>
                  <SP HEIGHT="66" WIDTH="14" VPOS="972" HPOS="731"/>
                  <String HEIGHT="66" WIDTH="85" VPOS="972" HPOS="689" CONTENT="in"/>
                  <SP HEIGHT="66" WIDTH="14" VPOS="972" HPOS="774"/>
                  <String HEIGHT="66"
                          WIDTH="141"
                          VPOS="972"
                          HPOS="731"
                          CONTENT="patria"/>
                  <SP HEIGHT="66" WIDTH="14" VPOS="972" HPOS="873"/>
                  <String HEIGHT="66"
                          WIDTH="184"
                          VPOS="972"
                          HPOS="830"
                          CONTENT="resilire:"/>
                  <SP HEIGHT="66" WIDTH="14" VPOS="972" HPOS="1014"/>
                  <String HEIGHT="66" WIDTH="71" VPOS="972" HPOS="957" CONTENT="non"/>
               </TextLine>
               <TextLine ID="r2l24"
                         BASELINE="1073"
                         HEIGHT="50"
                         WIDTH="852"
                         VPOS="1023"
                         HPOS="177">
                  <String HEIGHT="50"
                          WIDTH="149"
                          VPOS="1023"
                          HPOS="162"
                          CONTENT="quidem"/>
                  <SP HEIGHT="50" WIDTH="15" VPOS="1023" HPOS="312"/>
                  <String HEIGHT="50"
                          WIDTH="105"
                          VPOS="1023"
                          HPOS="267"
                          CONTENT="per"/>
                  <SP HEIGHT="50" WIDTH="15" VPOS="1023" HPOS="371"/>
                  <String HEIGHT="50"
                          WIDTH="105"
                          VPOS="1023"
                          HPOS="326"
                          CONTENT="se,"/>
                  <SP HEIGHT="50" WIDTH="15" VPOS="1023" HPOS="431"/>
                  <String HEIGHT="50" WIDTH="90" VPOS="1023" HPOS="386" CONTENT="vt"/>
                  <SP HEIGHT="50" WIDTH="15" VPOS="1023" HPOS="476"/>
                  <String HEIGHT="50"
                          WIDTH="135"
                          VPOS="1023"
                          HPOS="431"
                          CONTENT="patet"/>
                  <SP HEIGHT="50" WIDTH="15" VPOS="1023" HPOS="566"/>
                  <String HEIGHT="50" WIDTH="90" VPOS="1023" HPOS="521" CONTENT="ex"/>
                  <SP HEIGHT="50" WIDTH="15" VPOS="1023" HPOS="610"/>
                  <String HEIGHT="50"
                          WIDTH="149"
                          VPOS="1023"
                          HPOS="566"
                          CONTENT="dictis"/>
                  <SP HEIGHT="50" WIDTH="15" VPOS="1023" HPOS="715"/>
                  <String HEIGHT="50" WIDTH="90" VPOS="1023" HPOS="670" CONTENT="in"/>
                  <SP HEIGHT="50" WIDTH="15" VPOS="1023" HPOS="760"/>
                  <String HEIGHT="50"
                          WIDTH="149"
                          VPOS="1023"
                          HPOS="715"
                          CONTENT="tertio"/>
                  <SP HEIGHT="50" WIDTH="15" VPOS="1023" HPOS="865"/>
                  <String HEIGHT="50"
                          WIDTH="179"
                          VPOS="1023"
                          HPOS="820"
                          CONTENT="articulo"/>
                  <SP HEIGHT="50" WIDTH="15" VPOS="1023" HPOS="999"/>
                  <String HEIGHT="50"
                          WIDTH="90"
                          VPOS="1023"
                          HPOS="939"
                          CONTENT="prin"/>
               </TextLine>
               <TextLine ID="r2l25"
                         BASELINE="1111"
                         HEIGHT="48"
                         WIDTH="857"
                         VPOS="1063"
                         HPOS="186">
                  <String HEIGHT="48"
                          WIDTH="160"
                          VPOS="1063"
                          HPOS="171"
                          CONTENT="tipali,"/>
                  <SP HEIGHT="48" WIDTH="15" VPOS="1063" HPOS="331"/>
                  <String HEIGHT="48"
                          WIDTH="102"
                          VPOS="1063"
                          HPOS="288"
                          CONTENT="nec"/>
                  <SP HEIGHT="48" WIDTH="15" VPOS="1063" HPOS="389"/>
                  <String HEIGHT="48"
                          WIDTH="102"
                          VPOS="1063"
                          HPOS="346"
                          CONTENT="per"/>
                  <SP HEIGHT="48" WIDTH="15" VPOS="1063" HPOS="447"/>
                  <String HEIGHT="48"
                          WIDTH="189"
                          VPOS="1063"
                          HPOS="404"
                          CONTENT="accidens:"/>
                  <SP HEIGHT="48" WIDTH="15" VPOS="1063" HPOS="593"/>
                  <String HEIGHT="48"
                          WIDTH="116"
                          VPOS="1063"
                          HPOS="549"
                          CONTENT="quia"/>
                  <SP HEIGHT="48" WIDTH="15" VPOS="1063" HPOS="665"/>
                  <String HEIGHT="48"
                          WIDTH="102"
                          VPOS="1063"
                          HPOS="622"
                          CONTENT="non"/>
                  <SP HEIGHT="48" WIDTH="15" VPOS="1063" HPOS="723"/>
                  <String HEIGHT="48"
                          WIDTH="145"
                          VPOS="1063"
                          HPOS="680"
                          CONTENT="subest"/>
                  <SP HEIGHT="48" WIDTH="15" VPOS="1063" HPOS="825"/>
                  <String HEIGHT="48"
                          WIDTH="145"
                          VPOS="1063"
                          HPOS="782"
                          CONTENT="aliqua"/>
                  <SP HEIGHT="48" WIDTH="15" VPOS="1063" HPOS="927"/>
                  <String HEIGHT="48"
                          WIDTH="145"
                          VPOS="1063"
                          HPOS="883"
                          CONTENT="causa,"/>
                  <SP HEIGHT="48" WIDTH="15" VPOS="1063" HPOS="1028"/>
                  <String HEIGHT="48" WIDTH="73" VPOS="1063" HPOS="970" CONTENT="qua"/>
               </TextLine>
               <TextLine ID="r2l26"
                         BASELINE="1153"
                         HEIGHT="55"
                         WIDTH="850"
                         VPOS="1098"
                         HPOS="175">
                  <String HEIGHT="55" WIDTH="86" VPOS="1098" HPOS="161" CONTENT="re"/>
                  <SP HEIGHT="55" WIDTH="14" VPOS="1098" HPOS="247"/>
                  <String HEIGHT="55"
                          WIDTH="216"
                          VPOS="1098"
                          HPOS="204"
                          CONTENT="intellectum"/>
                  <SP HEIGHT="55" WIDTH="14" VPOS="1098" HPOS="420"/>
                  <String HEIGHT="55"
                          WIDTH="158"
                          VPOS="1098"
                          HPOS="377"
                          CONTENT="auertat"/>
                  <SP HEIGHT="55" WIDTH="14" VPOS="1098" HPOS="535"/>
                  <String HEIGHT="55" WIDTH="86" VPOS="1098" HPOS="492" CONTENT="ab"/>
                  <SP HEIGHT="55" WIDTH="14" VPOS="1098" HPOS="578"/>
                  <String HEIGHT="55"
                          WIDTH="144"
                          VPOS="1098"
                          HPOS="535"
                          CONTENT="vltimi"/>
                  <SP HEIGHT="55" WIDTH="14" VPOS="1098" HPOS="679"/>
                  <String HEIGHT="55"
                          WIDTH="130"
                          VPOS="1098"
                          HPOS="636"
                          CONTENT="finis"/>
                  <SP HEIGHT="55" WIDTH="14" VPOS="1098" HPOS="766"/>
                  <String HEIGHT="55"
                          WIDTH="158"
                          VPOS="1098"
                          HPOS="722"
                          CONTENT="actuali"/>
                  <SP HEIGHT="55" WIDTH="14" VPOS="1098" HPOS="881"/>
                  <String HEIGHT="55"
                          WIDTH="202"
                          VPOS="1098"
                          HPOS="823"
                          CONTENT="consideratio"/>
               </TextLine>
               <TextLine ID="r2l27"
                         BASELINE="1192"
                         HEIGHT="53"
                         WIDTH="846"
                         VPOS="1139"
                         HPOS="183">
                  <String HEIGHT="53"
                          WIDTH="102"
                          VPOS="1139"
                          HPOS="168"
                          CONTENT="ne."/>
                  <SP HEIGHT="53" WIDTH="15" VPOS="1139" HPOS="271"/>
                  <String HEIGHT="53" WIDTH="88" VPOS="1139" HPOS="227" CONTENT="Si"/>
                  <SP HEIGHT="53" WIDTH="15" VPOS="1139" HPOS="314"/>
                  <String HEIGHT="53"
                          WIDTH="117"
                          VPOS="1139"
                          HPOS="271"
                          CONTENT="enim"/>
                  <SP HEIGHT="53" WIDTH="15" VPOS="1139" HPOS="387"/>
                  <String HEIGHT="53"
                          WIDTH="175"
                          VPOS="1139"
                          HPOS="343"
                          CONTENT="voluntas"/>
                  <SP HEIGHT="53" WIDTH="15" VPOS="1139" HPOS="518"/>
                  <String HEIGHT="53" WIDTH="88" VPOS="1139" HPOS="475" CONTENT="in"/>
                  <SP HEIGHT="53" WIDTH="15" VPOS="1139" HPOS="562"/>
                  <String HEIGHT="53"
                          WIDTH="146"
                          VPOS="1139"
                          HPOS="518"
                          CONTENT="patria"/>
                  <SP HEIGHT="53" WIDTH="15" VPOS="1139" HPOS="664"/>
                  <String HEIGHT="53"
                          WIDTH="175"
                          VPOS="1139"
                          HPOS="621"
                          CONTENT="alicuius"/>
                  <SP HEIGHT="53" WIDTH="15" VPOS="1139" HPOS="796"/>
                  <String HEIGHT="53"
                          WIDTH="175"
                          VPOS="1139"
                          HPOS="752"
                          CONTENT="alterius"/>
                  <SP HEIGHT="53" WIDTH="15" VPOS="1139" HPOS="927"/>
                  <String HEIGHT="53"
                          WIDTH="102"
                          VPOS="1139"
                          HPOS="883"
                          CONTENT="rei"/>
                  <SP HEIGHT="53" WIDTH="15" VPOS="1139" HPOS="985"/>
                  <String HEIGHT="53"
                          WIDTH="102"
                          VPOS="1139"
                          HPOS="927"
                          CONTENT="impe"
                          SUBS_TYPE="HypPart1"
                          SUBS_CONTENT="impetabit"/>
                  <HYP CONTENT="-"/>
               </TextLine>
               <TextLine ID="r2l28"
                         BASELINE="1225"
                         HEIGHT="52"
                         WIDTH="853"
                         VPOS="1173"
                         HPOS="181">
                  <String HEIGHT="52"
                          WIDTH="142"
                          VPOS="1173"
                          HPOS="165"
                          CONTENT="tabit"
                          SUBS_TYPE="HypPart2"
                          SUBS_CONTENT="impetabit"/>
                  <SP HEIGHT="52" WIDTH="16" VPOS="1173" HPOS="307"/>
                  <String HEIGHT="52"
                          WIDTH="316"
                          VPOS="1173"
                          HPOS="260"
                          CONTENT="considerationem,"/>
                  <SP HEIGHT="52" WIDTH="16" VPOS="1173" HPOS="576"/>
                  <String HEIGHT="52"
                          WIDTH="126"
                          VPOS="1173"
                          HPOS="529"
                          CONTENT="illa"/>
                  <SP HEIGHT="52" WIDTH="16" VPOS="1173" HPOS="655"/>
                  <String HEIGHT="52"
                          WIDTH="142"
                          VPOS="1173"
                          HPOS="608"
                          CONTENT="tamen"/>
                  <SP HEIGHT="52" WIDTH="16" VPOS="1173" HPOS="750"/>
                  <String HEIGHT="52"
                          WIDTH="111"
                          VPOS="1173"
                          HPOS="702"
                          CONTENT="non"/>
                  <SP HEIGHT="52" WIDTH="16" VPOS="1173" HPOS="813"/>
                  <String HEIGHT="52"
                          WIDTH="190"
                          VPOS="1173"
                          HPOS="765"
                          CONTENT="excludet"/>
                  <SP HEIGHT="52" WIDTH="16" VPOS="1173" HPOS="955"/>
                  <String HEIGHT="52"
                          WIDTH="142"
                          VPOS="1173"
                          HPOS="892"
                          CONTENT="obiecti"/>
               </TextLine>
               <TextLine ID="r2l29"
                         BASELINE="1270"
                         HEIGHT="50"
                         WIDTH="851"
                         VPOS="1220"
                         HPOS="189">
                  <String HEIGHT="50"
                          WIDTH="209"
                          VPOS="1220"
                          HPOS="173"
                          CONTENT="beatifici"/>
                  <SP HEIGHT="50" WIDTH="16" VPOS="1220" HPOS="382"/>
                  <String HEIGHT="50"
                          WIDTH="161"
                          VPOS="1220"
                          HPOS="334"
                          CONTENT="claram"/>
                  <SP HEIGHT="50" WIDTH="16" VPOS="1220" HPOS="494"/>
                  <String HEIGHT="50"
                          WIDTH="209"
                          VPOS="1220"
                          HPOS="446"
                          CONTENT="visionem:"/>
                  <SP HEIGHT="50" WIDTH="16" VPOS="1220" HPOS="655"/>
                  <String HEIGHT="50"
                          WIDTH="128"
                          VPOS="1220"
                          HPOS="606"
                          CONTENT="quia"/>
                  <SP HEIGHT="50" WIDTH="16" VPOS="1220" HPOS="735"/>
                  <String HEIGHT="50"
                          WIDTH="193"
                          VPOS="1220"
                          HPOS="687"
                          CONTENT="secundum"/>
                  <SP HEIGHT="50" WIDTH="16" VPOS="1220" HPOS="879"/>
                  <String HEIGHT="50"
                          WIDTH="128"
                          VPOS="1220"
                          HPOS="831"
                          CONTENT="Aug."/>
                  <SP HEIGHT="50" WIDTH="16" VPOS="1220" HPOS="960"/>
                  <String HEIGHT="50"
                          WIDTH="112"
                          VPOS="1220"
                          HPOS="912"
                          CONTENT="tam"/>
                  <SP HEIGHT="50" WIDTH="16" VPOS="1220" HPOS="1024"/>
                  <String HEIGHT="50"
                          WIDTH="80"
                          VPOS="1220"
                          HPOS="960"
                          CONTENT="co"
                          SUBS_TYPE="HypPart1"
                          SUBS_CONTENT="cognitio"/>
                  <HYP CONTENT="-"/>
               </TextLine>
               <TextLine ID="r2l30"
                         BASELINE="1303"
                         HEIGHT="50"
                         WIDTH="856"
                         VPOS="1253"
                         HPOS="173">
                  <String HEIGHT="50"
                          WIDTH="159"
                          VPOS="1253"
                          HPOS="157"
                          CONTENT="gnitio"
                          SUBS_TYPE="HypPart2"
                          SUBS_CONTENT="cognitio"/>
                  <SP HEIGHT="50" WIDTH="16" VPOS="1253" HPOS="316"/>
                  <String HEIGHT="50"
                          WIDTH="143"
                          VPOS="1253"
                          HPOS="268"
                          CONTENT="rerum"/>
                  <SP HEIGHT="50" WIDTH="16" VPOS="1253" HPOS="411"/>
                  <String HEIGHT="50" WIDTH="95" VPOS="1253" HPOS="363" CONTENT="in"/>
                  <SP HEIGHT="50" WIDTH="16" VPOS="1253" HPOS="458"/>
                  <String HEIGHT="50"
                          WIDTH="159"
                          VPOS="1253"
                          HPOS="411"
                          CONTENT="verbo,"/>
                  <SP HEIGHT="50" WIDTH="16" VPOS="1253" HPOS="569"/>
                  <String HEIGHT="50"
                          WIDTH="127"
                          VPOS="1253"
                          HPOS="522"
                          CONTENT="quae"/>
                  <SP HEIGHT="50" WIDTH="16" VPOS="1253" HPOS="649"/>
                  <String HEIGHT="50"
                          WIDTH="174"
                          VPOS="1253"
                          HPOS="601"
                          CONTENT="dicitur"/>
                  <SP HEIGHT="50" WIDTH="16" VPOS="1253" HPOS="775"/>
                  <String HEIGHT="50"
                          WIDTH="206"
                          VPOS="1253"
                          HPOS="728"
                          CONTENT="matutina,"/>
                  <SP HEIGHT="50" WIDTH="16" VPOS="1253" HPOS="934"/>
                  <String HEIGHT="50"
                          WIDTH="127"
                          VPOS="1253"
                          HPOS="886"
                          CONTENT="quam"/>
                  <SP HEIGHT="50" WIDTH="16" VPOS="1253" HPOS="1013"/>
                  <String HEIGHT="50" WIDTH="79" VPOS="1253" HPOS="950" CONTENT="con"/>
               </TextLine>
               <TextLine ID="r2l31"
                         BASELINE="1338"
                         HEIGHT="40"
                         WIDTH="858"
                         VPOS="1298"
                         HPOS="183">
                  <String HEIGHT="40"
                          WIDTH="153"
                          VPOS="1298"
                          HPOS="168"
                          CONTENT="enitio"/>
                  <SP HEIGHT="40" WIDTH="15" VPOS="1298" HPOS="321"/>
                  <String HEIGHT="40" WIDTH="92" VPOS="1298" HPOS="275" CONTENT="in"/>
                  <SP HEIGHT="40" WIDTH="15" VPOS="1298" HPOS="367"/>
                  <String HEIGHT="40"
                          WIDTH="169"
                          VPOS="1298"
                          HPOS="321"
                          CONTENT="proprio"/>
                  <SP HEIGHT="40" WIDTH="15" VPOS="1298" HPOS="489"/>
                  <String HEIGHT="40"
                          WIDTH="169"
                          VPOS="1298"
                          HPOS="443"
                          CONTENT="genere,"/>
                  <SP HEIGHT="40" WIDTH="15" VPOS="1298" HPOS="612"/>
                  <String HEIGHT="40"
                          WIDTH="123"
                          VPOS="1298"
                          HPOS="566"
                          CONTENT="quae"/>
                  <SP HEIGHT="40" WIDTH="15" VPOS="1298" HPOS="689"/>
                  <String HEIGHT="40"
                          WIDTH="169"
                          VPOS="1298"
                          HPOS="643"
                          CONTENT="dicitur"/>
                  <SP HEIGHT="40" WIDTH="15" VPOS="1298" HPOS="811"/>
                  <String HEIGHT="40"
                          WIDTH="230"
                          VPOS="1298"
                          HPOS="765"
                          CONTENT="vespertina,"/>
                  <SP HEIGHT="40" WIDTH="15" VPOS="1298" HPOS="995"/>
                  <String HEIGHT="40"
                          WIDTH="107"
                          VPOS="1298"
                          HPOS="934"
                          CONTENT="simul"/>
               </TextLine>
               <TextLine ID="r2l32"
                         BASELINE="1378"
                         HEIGHT="41"
                         WIDTH="844"
                         VPOS="1337"
                         HPOS="181">
                  <String HEIGHT="41"
                          WIDTH="136"
                          VPOS="1337"
                          HPOS="166"
                          CONTENT="stare"/>
                  <SP HEIGHT="41" WIDTH="15" VPOS="1337" HPOS="302"/>
                  <String HEIGHT="41"
                          WIDTH="166"
                          VPOS="1337"
                          HPOS="256"
                          CONTENT="poterit"/>
                  <SP HEIGHT="41" WIDTH="15" VPOS="1337" HPOS="422"/>
                  <String HEIGHT="41"
                          WIDTH="106"
                          VPOS="1337"
                          HPOS="377"
                          CONTENT="cum"/>
                  <SP HEIGHT="41" WIDTH="15" VPOS="1337" HPOS="482"/>
                  <String HEIGHT="41"
                          WIDTH="166"
                          VPOS="1337"
                          HPOS="437"
                          CONTENT="visione"/>
                  <SP HEIGHT="41" WIDTH="15" VPOS="1337" HPOS="603"/>
                  <String HEIGHT="41"
                          WIDTH="136"
                          VPOS="1337"
                          HPOS="558"
                          CONTENT="verbi"/>
                  <SP HEIGHT="41" WIDTH="15" VPOS="1337" HPOS="693"/>
                  <String HEIGHT="41" WIDTH="90" VPOS="1337" HPOS="648" CONTENT="in"/>
                  <SP HEIGHT="41" WIDTH="15" VPOS="1337" HPOS="739"/>
                  <String HEIGHT="41"
                          WIDTH="151"
                          VPOS="1337"
                          HPOS="693"
                          CONTENT="verbo,"/>
                  <SP HEIGHT="41" WIDTH="15" VPOS="1337" HPOS="844"/>
                  <String HEIGHT="41"
                          WIDTH="121"
                          VPOS="1337"
                          HPOS="799"
                          CONTENT="quae"/>
                  <SP HEIGHT="41" WIDTH="15" VPOS="1337" HPOS="920"/>
                  <String HEIGHT="41"
                          WIDTH="106"
                          VPOS="1337"
                          HPOS="874"
                          CONTENT="est"/>
                  <SP HEIGHT="41" WIDTH="15" VPOS="1337" HPOS="980"/>
                  <String HEIGHT="41"
                          WIDTH="106"
                          VPOS="1337"
                          HPOS="920"
                          CONTENT="apert"/>
               </TextLine>
               <TextLine ID="r2l33"
                         BASELINE="1416"
                         HEIGHT="47"
                         WIDTH="842"
                         VPOS="1369"
                         HPOS="192">
                  <String HEIGHT="47"
                          WIDTH="116"
                          VPOS="1369"
                          HPOS="177"
                          CONTENT="isio"/>
                  <SP HEIGHT="47" WIDTH="15" VPOS="1369" HPOS="294"/>
                  <String HEIGHT="47"
                          WIDTH="160"
                          VPOS="1369"
                          HPOS="250"
                          CONTENT="obiecti"/>
                  <SP HEIGHT="47" WIDTH="15" VPOS="1369" HPOS="410"/>
                  <String HEIGHT="47"
                          WIDTH="203"
                          VPOS="1369"
                          HPOS="366"
                          CONTENT="fruibilis,"/>
                  <SP HEIGHT="47" WIDTH="15" VPOS="1369" HPOS="569"/>
                  <String HEIGHT="47"
                          WIDTH="116"
                          VPOS="1369"
                          HPOS="526"
                          CONTENT="quae"/>
                  <SP HEIGHT="47" WIDTH="15" VPOS="1369" HPOS="642"/>
                  <String HEIGHT="47"
                          WIDTH="160"
                          VPOS="1369"
                          HPOS="598"
                          CONTENT="dicitur"/>
                  <SP HEIGHT="47" WIDTH="15" VPOS="1369" HPOS="758"/>
                  <String HEIGHT="47"
                          WIDTH="203"
                          VPOS="1369"
                          HPOS="715"
                          CONTENT="meridiana:"/>
                  <SP HEIGHT="47" WIDTH="15" VPOS="1369" HPOS="918"/>
                  <String HEIGHT="47"
                          WIDTH="116"
                          VPOS="1369"
                          HPOS="874"
                          CONTENT="Hanc"/>
                  <SP HEIGHT="47" WIDTH="15" VPOS="1369" HPOS="990"/>
                  <String HEIGHT="47"
                          WIDTH="102"
                          VPOS="1369"
                          HPOS="932"
                          CONTENT="auten"/>
               </TextLine>
               <TextLine ID="r2l34"
                         BASELINE="1461"
                         HEIGHT="46"
                         WIDTH="835"
                         VPOS="1415"
                         HPOS="184">
                  <String HEIGHT="46"
                          WIDTH="252"
                          VPOS="1415"
                          HPOS="168"
                          CONTENT="conelusionem"/>
                  <SP HEIGHT="46" WIDTH="16" VPOS="1415" HPOS="420"/>
                  <String HEIGHT="46"
                          WIDTH="189"
                          VPOS="1415"
                          HPOS="373"
                          CONTENT="vlterius"/>
                  <SP HEIGHT="46" WIDTH="16" VPOS="1415" HPOS="562"/>
                  <String HEIGHT="46"
                          WIDTH="110"
                          VPOS="1415"
                          HPOS="515"
                          CONTENT="non"/>
                  <SP HEIGHT="46" WIDTH="16" VPOS="1415" HPOS="625"/>
                  <String HEIGHT="46"
                          WIDTH="173"
                          VPOS="1415"
                          HPOS="578"
                          CONTENT="probabo"/>
                  <SP HEIGHT="46" WIDTH="16" VPOS="1415" HPOS="751"/>
                  <String HEIGHT="46"
                          WIDTH="173"
                          VPOS="1415"
                          HPOS="704"
                          CONTENT="ratione"/>
                  <SP HEIGHT="46" WIDTH="16" VPOS="1415" HPOS="877"/>
                  <String HEIGHT="46"
                          WIDTH="205"
                          VPOS="1415"
                          HPOS="814"
                          CONTENT="breuitatis."/>
               </TextLine>
               <TextLine ID="r2l35"
                         BASELINE="1507"
                         HEIGHT="55"
                         WIDTH="827"
                         VPOS="1452"
                         HPOS="205">
                  <String HEIGHT="55" WIDTH="99" VPOS="1452" HPOS="188" CONTENT="Ad"/>
                  <SP HEIGHT="55" WIDTH="17" VPOS="1452" HPOS="288"/>
                  <String HEIGHT="55"
                          WIDTH="232"
                          VPOS="1452"
                          HPOS="238"
                          CONTENT="argumentum"/>
                  <SP HEIGHT="55" WIDTH="17" VPOS="1452" HPOS="470"/>
                  <String HEIGHT="55"
                          WIDTH="232"
                          VPOS="1452"
                          HPOS="420"
                          CONTENT="principale"/>
                  <SP HEIGHT="55" WIDTH="17" VPOS="1452" HPOS="652"/>
                  <String HEIGHT="55"
                          WIDTH="149"
                          VPOS="1452"
                          HPOS="602"
                          CONTENT="patet"/>
                  <SP HEIGHT="55" WIDTH="17" VPOS="1452" HPOS="751"/>
                  <String HEIGHT="55"
                          WIDTH="116"
                          VPOS="1452"
                          HPOS="701"
                          CONTENT="per"/>
                  <SP HEIGHT="55" WIDTH="17" VPOS="1452" HPOS="817"/>
                  <String HEIGHT="55"
                          WIDTH="116"
                          VPOS="1452"
                          HPOS="767"
                          CONTENT="iam"/>
                  <SP HEIGHT="55" WIDTH="17" VPOS="1452" HPOS="883"/>
                  <String HEIGHT="55"
                          WIDTH="165"
                          VPOS="1452"
                          HPOS="834"
                          CONTENT="dicta:"/>
                  <SP HEIGHT="55" WIDTH="17" VPOS="1452" HPOS="999"/>
                  <String HEIGHT="55"
                          WIDTH="99"
                          VPOS="1452"
                          HPOS="933"
                          CONTENT="qui"
                          SUBS_TYPE="HypPart1"
                          SUBS_CONTENT="quiarguit"/>
                  <HYP CONTENT="-"/>
               </TextLine>
               <TextLine ID="r2l36"
                         BASELINE="1547"
                         HEIGHT="55"
                         WIDTH="841"
                         VPOS="1492"
                         HPOS="189">
                  <String HEIGHT="55"
                          WIDTH="159"
                          VPOS="1492"
                          HPOS="173"
                          CONTENT="arguit"
                          SUBS_TYPE="HypPart2"
                          SUBS_CONTENT="quiarguit"/>
                  <SP HEIGHT="55" WIDTH="16" VPOS="1492" HPOS="332"/>
                  <String HEIGHT="55" WIDTH="95" VPOS="1492" HPOS="284" CONTENT="de"/>
                  <SP HEIGHT="55" WIDTH="16" VPOS="1492" HPOS="379"/>
                  <String HEIGHT="55"
                          WIDTH="127"
                          VPOS="1492"
                          HPOS="332"
                          CONTENT="actu"/>
                  <SP HEIGHT="55" WIDTH="16" VPOS="1492" HPOS="459"/>
                  <String HEIGHT="55"
                          WIDTH="238"
                          VPOS="1492"
                          HPOS="411"
                          CONTENT="coactionis,"/>
                  <SP HEIGHT="55" WIDTH="16" VPOS="1492" HPOS="649"/>
                  <String HEIGHT="55" WIDTH="79" VPOS="1492" HPOS="602" CONTENT="&amp;"/>
                  <SP HEIGHT="55" WIDTH="16" VPOS="1492" HPOS="681"/>
                  <String HEIGHT="55"
                          WIDTH="111"
                          VPOS="1492"
                          HPOS="633"
                          CONTENT="non"/>
                  <SP HEIGHT="55" WIDTH="16" VPOS="1492" HPOS="744"/>
                  <String HEIGHT="55" WIDTH="95" VPOS="1492" HPOS="697" CONTENT="de"/>
                  <SP HEIGHT="55" WIDTH="16" VPOS="1492" HPOS="792"/>
                  <String HEIGHT="55"
                          WIDTH="238"
                          VPOS="1492"
                          HPOS="744"
                          CONTENT="necessitate"/>
                  <SP HEIGHT="55" WIDTH="16" VPOS="1492" HPOS="982"/>
                  <String HEIGHT="55"
                          WIDTH="111"
                          VPOS="1492"
                          HPOS="919"
                          CONTENT="immu"/>
               </TextLine>
               <TextLine ID="r2l37"
                         BASELINE="1586"
                         HEIGHT="58"
                         WIDTH="160"
                         VPOS="1528"
                         HPOS="187">
                  <String HEIGHT="58"
                          WIDTH="187"
                          VPOS="1528"
                          HPOS="160"
                          CONTENT="tabilitatis."/>
               </TextLine>
               <TextLine ID="r2l38"
                         BASELINE="1689"
                         HEIGHT="98"
                         WIDTH="858"
                         VPOS="1591"
                         HPOS="177">
                  <String HEIGHT="98"
                          WIDTH="150"
                          VPOS="1591"
                          HPOS="156"
                          CONTENT="Hic"/>
                  <SP HEIGHT="98" WIDTH="21" VPOS="1591" HPOS="306"/>
                  <String HEIGHT="98"
                          WIDTH="236"
                          VPOS="1591"
                          HPOS="241"
                          CONTENT="secunda"/>
                  <SP HEIGHT="98" WIDTH="21" VPOS="1591" HPOS="477"/>
                  <String HEIGHT="98"
                          WIDTH="365"
                          VPOS="1591"
                          HPOS="413"
                          CONTENT="subdiuisionis"/>
                  <SP HEIGHT="98" WIDTH="21" VPOS="1591" HPOS="778"/>
                  <String HEIGHT="98"
                          WIDTH="279"
                          VPOS="1591"
                          HPOS="713"
                          CONTENT="particula"/>
                  <SP HEIGHT="98" WIDTH="21" VPOS="1591" HPOS="992"/>
                  <String HEIGHT="98"
                          WIDTH="129"
                          VPOS="1591"
                          HPOS="906"
                          CONTENT="per"
                          SUBS_TYPE="HypPart1"
                          SUBS_CONTENT="perpulchre"/>
                  <HYP CONTENT="-"/>
               </TextLine>
               <TextLine ID="r2l39"
                         BASELINE="1757"
                         HEIGHT="93"
                         WIDTH="816"
                         VPOS="1664"
                         HPOS="203">
                  <String HEIGHT="93"
                          WIDTH="243"
                          VPOS="1664"
                          HPOS="181"
                          CONTENT="pulchre"
                          SUBS_TYPE="HypPart2"
                          SUBS_CONTENT="perpulchre"/>
                  <SP HEIGHT="93" WIDTH="22" VPOS="1664" HPOS="424"/>
                  <String HEIGHT="93"
                          WIDTH="287"
                          VPOS="1664"
                          HPOS="357"
                          CONTENT="aperitur:"/>
                  <SP HEIGHT="93" WIDTH="22" VPOS="1664" HPOS="644"/>
                  <String HEIGHT="93" WIDTH="132" VPOS="1664" HPOS="578" CONTENT="in"/>
                  <SP HEIGHT="93" WIDTH="22" VPOS="1664" HPOS="710"/>
                  <String HEIGHT="93"
                          WIDTH="154"
                          VPOS="1664"
                          HPOS="644"
                          CONTENT="qua"/>
                  <SP HEIGHT="93" WIDTH="22" VPOS="1664" HPOS="798"/>
                  <String HEIGHT="93"
                          WIDTH="265"
                          VPOS="1664"
                          HPOS="732"
                          CONTENT="Magister"/>
                  <SP HEIGHT="93" WIDTH="22" VPOS="1664" HPOS="997"/>
                  <String HEIGHT="93"
                          WIDTH="110"
                          VPOS="1664"
                          HPOS="909"
                          CONTENT="dif"/>
               </TextLine>
               <TextLine ID="r2l40"
                         BASELINE="1825"
                         HEIGHT="95"
                         WIDTH="692"
                         VPOS="1730"
                         HPOS="256">
                  <String HEIGHT="95"
                          WIDTH="294"
                          VPOS="1730"
                          HPOS="235"
                          CONTENT="ficultates"/>
                  <SP HEIGHT="95" WIDTH="21" VPOS="1730" HPOS="529"/>
                  <String HEIGHT="95"
                          WIDTH="231"
                          VPOS="1730"
                          HPOS="466"
                          CONTENT="quasdam"/>
                  <SP HEIGHT="95" WIDTH="21" VPOS="1730" HPOS="696"/>
                  <String HEIGHT="95"
                          WIDTH="189"
                          VPOS="1730"
                          HPOS="633"
                          CONTENT="circa"/>
                  <SP HEIGHT="95" WIDTH="21" VPOS="1730" HPOS="822"/>
                  <String HEIGHT="95"
                          WIDTH="210"
                          VPOS="1730"
                          HPOS="738"
                          CONTENT="proposi"
                          SUBS_TYPE="HypPart1"
                          SUBS_CONTENT="propositam"/>
                  <HYP CONTENT="-"/>
               </TextLine>
               <TextLine ID="r2l41"
                         BASELINE="1896"
                         HEIGHT="85"
                         WIDTH="544"
                         VPOS="1811"
                         HPOS="347">
                  <String HEIGHT="85"
                          WIDTH="166"
                          VPOS="1811"
                          HPOS="323"
                          CONTENT="tam"
                          SUBS_TYPE="HypPart2"
                          SUBS_CONTENT="propositam"/>
                  <SP HEIGHT="85" WIDTH="24" VPOS="1811" HPOS="489"/>
                  <String HEIGHT="85"
                          WIDTH="284"
                          VPOS="1811"
                          HPOS="418"
                          CONTENT="materiam"/>
                  <SP HEIGHT="85" WIDTH="24" VPOS="1811" HPOS="702"/>
                  <String HEIGHT="85"
                          WIDTH="284"
                          VPOS="1811"
                          HPOS="607"
                          CONTENT="contingen"
                          SUBS_TYPE="HypPart1"
                          SUBS_CONTENT="contingentes"/>
                  <HYP CONTENT="-"/>
               </TextLine>
               <TextLine ID="r2l42"
                         BASELINE="1965"
                         HEIGHT="85"
                         WIDTH="449"
                         VPOS="1880"
                         HPOS="382">
                  <String HEIGHT="85"
                          WIDTH="150"
                          VPOS="1880"
                          HPOS="361"
                          CONTENT="tes"
                          SUBS_TYPE="HypPart2"
                          SUBS_CONTENT="contingentes"/>
                  <SP HEIGHT="85" WIDTH="21" VPOS="1880" HPOS="510"/>
                  <String HEIGHT="85"
                          WIDTH="214"
                          VPOS="1880"
                          HPOS="446"
                          CONTENT="obiter"/>
                  <SP HEIGHT="85" WIDTH="21" VPOS="1880" HPOS="660"/>
                  <String HEIGHT="85"
                          WIDTH="257"
                          VPOS="1880"
                          HPOS="574"
                          CONTENT="determinat"/>
               </TextLine>
               <TextLine ID="r2l43"
                         BASELINE="2051"
                         HEIGHT="47"
                         WIDTH="525"
                         VPOS="2004"
                         HPOS="506">
                  <String HEIGHT="47" WIDTH="166" VPOS="2004" HPOS="478" CONTENT="VM"/>
                  <SP HEIGHT="47" WIDTH="28" VPOS="2004" HPOS="644"/>
                  <String HEIGHT="47"
                          WIDTH="249"
                          VPOS="2004"
                          HPOS="561"
                          CONTENT="AVTEM"/>
                  <SP HEIGHT="47" WIDTH="28" VPOS="2004" HPOS="810"/>
                  <String HEIGHT="47"
                          WIDTH="304"
                          VPOS="2004"
                          HPOS="727"
                          CONTENT="IOMINES"/>
                  <SP HEIGHT="47" WIDTH="28" VPOS="2004" HPOS="1031"/>
                  <String HEIGHT="47" WIDTH="111" VPOS="2004" HPOS="920" CONTENT="&amp;c"/>
               </TextLine>
               <TextLine ID="r2l44"
                         BASELINE="2098"
                         HEIGHT="53"
                         WIDTH="493"
                         VPOS="2045"
                         HPOS="535">
                  <String HEIGHT="53" WIDTH="85" VPOS="2045" HPOS="521" CONTENT="In"/>
                  <SP HEIGHT="53" WIDTH="14" VPOS="2045" HPOS="605"/>
                  <String HEIGHT="53"
                          WIDTH="113"
                          VPOS="2045"
                          HPOS="563"
                          CONTENT="ista"/>
                  <SP HEIGHT="53" WIDTH="14" VPOS="2045" HPOS="676"/>
                  <String HEIGHT="53"
                          WIDTH="127"
                          VPOS="2045"
                          HPOS="634"
                          CONTENT="parte"/>
                  <SP HEIGHT="53" WIDTH="14" VPOS="2045" HPOS="760"/>
                  <String HEIGHT="53"
                          WIDTH="127"
                          VPOS="2045"
                          HPOS="718"
                          CONTENT="circa"/>
                  <SP HEIGHT="53" WIDTH="14" VPOS="2045" HPOS="845"/>
                  <String HEIGHT="53"
                          WIDTH="183"
                          VPOS="2045"
                          HPOS="803"
                          CONTENT="praedicta"/>
                  <SP HEIGHT="53" WIDTH="14" VPOS="2045" HPOS="986"/>
                  <String HEIGHT="53"
                          WIDTH="99"
                          VPOS="2045"
                          HPOS="929"
                          CONTENT="magi"
                          SUBS_TYPE="HypPart1"
                          SUBS_CONTENT="magister"/>
                  <HYP CONTENT="-"/>
               </TextLine>
               <TextLine ID="r2l45"
                         BASELINE="2129"
                         HEIGHT="45"
                         WIDTH="495"
                         VPOS="2084"
                         HPOS="530">
                  <String HEIGHT="45"
                          WIDTH="132"
                          VPOS="2084"
                          HPOS="514"
                          CONTENT="ster"
                          SUBS_TYPE="HypPart2"
                          SUBS_CONTENT="magister"/>
                  <SP HEIGHT="45" WIDTH="17" VPOS="2084" HPOS="646"/>
                  <String HEIGHT="45"
                          WIDTH="149"
                          VPOS="2084"
                          HPOS="596"
                          CONTENT="mouet"/>
                  <SP HEIGHT="45" WIDTH="17" VPOS="2084" HPOS="745"/>
                  <String HEIGHT="45"
                          WIDTH="248"
                          VPOS="2084"
                          HPOS="695"
                          CONTENT="quaestiones"/>
                  <SP HEIGHT="45" WIDTH="17" VPOS="2084" HPOS="943"/>
                  <String HEIGHT="45"
                          WIDTH="149"
                          VPOS="2084"
                          HPOS="877"
                          CONTENT="quasdam"/>
               </TextLine>
               <TextLine ID="r2l46"
                         BASELINE="2171"
                         HEIGHT="46"
                         WIDTH="491"
                         VPOS="2125"
                         HPOS="538">
                  <String HEIGHT="46" WIDTH="70" VPOS="2125" HPOS="524" CONTENT="&amp;"/>
                  <SP HEIGHT="46" WIDTH="14" VPOS="2125" HPOS="594"/>
                  <String HEIGHT="46"
                          WIDTH="182"
                          VPOS="2125"
                          HPOS="552"
                          CONTENT="diuiditur"/>
                  <SP HEIGHT="46" WIDTH="14" VPOS="2125" HPOS="734"/>
                  <String HEIGHT="46" WIDTH="84" VPOS="2125" HPOS="692" CONTENT="in"/>
                  <SP HEIGHT="46" WIDTH="14" VPOS="2125" HPOS="776"/>
                  <String HEIGHT="46"
                          WIDTH="112"
                          VPOS="2125"
                          HPOS="734"
                          CONTENT="tres"/>
                  <SP HEIGHT="46" WIDTH="14" VPOS="2125" HPOS="847"/>
                  <String HEIGHT="46"
                          WIDTH="154"
                          VPOS="2125"
                          HPOS="805"
                          CONTENT="partes,"/>
                  <SP HEIGHT="46" WIDTH="14" VPOS="2125" HPOS="959"/>
                  <String HEIGHT="46"
                          WIDTH="126"
                          VPOS="2125"
                          HPOS="903"
                          CONTENT="secundi"/>
               </TextLine>
               <TextLine ID="r2l47"
                         BASELINE="2206"
                         HEIGHT="40"
                         WIDTH="500"
                         VPOS="2166"
                         HPOS="531">
                  <String HEIGHT="40"
                          WIDTH="121"
                          VPOS="2166"
                          HPOS="516"
                          CONTENT="quod"/>
                  <SP HEIGHT="40" WIDTH="15" VPOS="2166" HPOS="637"/>
                  <String HEIGHT="40"
                          WIDTH="121"
                          VPOS="2166"
                          HPOS="592"
                          CONTENT="tres"/>
                  <SP HEIGHT="40" WIDTH="15" VPOS="2166" HPOS="713"/>
                  <String HEIGHT="40"
                          WIDTH="136"
                          VPOS="2166"
                          HPOS="667"
                          CONTENT="mouet"/>
                  <SP HEIGHT="40" WIDTH="15" VPOS="2166" HPOS="804"/>
                  <String HEIGHT="40"
                          WIDTH="242"
                          VPOS="2166"
                          HPOS="758"
                          CONTENT="quaestiones."/>
                  <SP HEIGHT="40" WIDTH="15" VPOS="2166" HPOS="1001"/>
                  <String HEIGHT="40"
                          WIDTH="91"
                          VPOS="2166"
                          HPOS="940"
                          CONTENT="Pri"
                          SUBS_TYPE="HypPart1"
                          SUBS_CONTENT="Prima"/>
                  <HYP CONTENT="-"/>
               </TextLine>
               <TextLine ID="r2l48"
                         BASELINE="2247"
                         HEIGHT="46"
                         WIDTH="486"
                         VPOS="2201"
                         HPOS="544">
                  <String HEIGHT="46"
                          WIDTH="104"
                          VPOS="2201"
                          HPOS="527"
                          CONTENT="ma"
                          SUBS_TYPE="HypPart2"
                          SUBS_CONTENT="Prima"/>
                  <SP HEIGHT="46" WIDTH="17" VPOS="2201" HPOS="631"/>
                  <String HEIGHT="46"
                          WIDTH="139"
                          VPOS="2201"
                          HPOS="579"
                          CONTENT="est,"/>
                  <SP HEIGHT="46" WIDTH="17" VPOS="2201" HPOS="718"/>
                  <String HEIGHT="46"
                          WIDTH="156"
                          VPOS="2201"
                          HPOS="666"
                          CONTENT="vtrum"/>
                  <SP HEIGHT="46" WIDTH="17" VPOS="2201" HPOS="822"/>
                  <String HEIGHT="46"
                          WIDTH="139"
                          VPOS="2201"
                          HPOS="770"
                          CONTENT="homo"/>
                  <SP HEIGHT="46" WIDTH="17" VPOS="2201" HPOS="909"/>
                  <String HEIGHT="46"
                          WIDTH="191"
                          VPOS="2201"
                          HPOS="839"
                          CONTENT="hominibus"/>
               </TextLine>
               <TextLine ID="r2l49"
                         BASELINE="2286"
                         HEIGHT="49"
                         WIDTH="503"
                         VPOS="2237"
                         HPOS="538">
                  <String HEIGHT="49"
                          WIDTH="144"
                          VPOS="2237"
                          HPOS="524"
                          CONTENT="debeat"/>
                  <SP HEIGHT="49" WIDTH="14" VPOS="2237" HPOS="667"/>
                  <String HEIGHT="49"
                          WIDTH="129"
                          VPOS="2237"
                          HPOS="624"
                          CONTENT="frui,"/>
                  <SP HEIGHT="49" WIDTH="14" VPOS="2237" HPOS="754"/>
                  <String HEIGHT="49"
                          WIDTH="101"
                          VPOS="2237"
                          HPOS="710"
                          CONTENT="vel"/>
                  <SP HEIGHT="49" WIDTH="14" VPOS="2237" HPOS="811"/>
                  <String HEIGHT="49"
                          WIDTH="115"
                          VPOS="2237"
                          HPOS="768"
                          CONTENT="vti."/>
                  <SP HEIGHT="49" WIDTH="14" VPOS="2237" HPOS="883"/>
                  <String HEIGHT="49"
                          WIDTH="158"
                          VPOS="2237"
                          HPOS="840"
                          CONTENT="Secunda"/>
                  <SP HEIGHT="49" WIDTH="14" VPOS="2237" HPOS="998"/>
                  <String HEIGHT="49"
                          WIDTH="101"
                          VPOS="2237"
                          HPOS="940"
                          CONTENT="vtrum"/>
               </TextLine>
               <TextLine ID="r2l51"
                         BASELINE="2324"
                         HEIGHT="43"
                         WIDTH="487"
                         VPOS="2281"
                         HPOS="535">
                  <String HEIGHT="43"
                          WIDTH="126"
                          VPOS="2281"
                          HPOS="519"
                          CONTENT="Deus"/>
                  <SP HEIGHT="43" WIDTH="16" VPOS="2281" HPOS="645"/>
                  <String HEIGHT="43"
                          WIDTH="204"
                          VPOS="2281"
                          HPOS="598"
                          CONTENT="hominibus"/>
                  <SP HEIGHT="43" WIDTH="16" VPOS="2281" HPOS="802"/>
                  <String HEIGHT="43"
                          WIDTH="189"
                          VPOS="2281"
                          HPOS="755"
                          CONTENT="fruatur,"/>
                  <SP HEIGHT="43" WIDTH="16" VPOS="2281" HPOS="943"/>
                  <String HEIGHT="43"
                          WIDTH="110"
                          VPOS="2281"
                          HPOS="896"
                          CONTENT="vel"/>
                  <SP HEIGHT="43" WIDTH="16" VPOS="2281" HPOS="1006"/>
                  <String HEIGHT="43" WIDTH="79" VPOS="2281" HPOS="943" CONTENT="vta"/>
               </TextLine>
               <TextLine ID="r2l52"
                         BASELINE="2371"
                         HEIGHT="47"
                         WIDTH="848"
                         VPOS="2324"
                         HPOS="175">
                  <String HEIGHT="47"
                          WIDTH="123"
                          VPOS="2324"
                          HPOS="160"
                          CONTENT="tur."/>
                  <SP HEIGHT="47" WIDTH="15" VPOS="2324" HPOS="283"/>
                  <String HEIGHT="47"
                          WIDTH="154"
                          VPOS="2324"
                          HPOS="237"
                          CONTENT="Tertia"/>
                  <SP HEIGHT="47" WIDTH="15" VPOS="2324" HPOS="391"/>
                  <String HEIGHT="47"
                          WIDTH="139"
                          VPOS="2324"
                          HPOS="345"
                          CONTENT="Vtrum"/>
                  <SP HEIGHT="47" WIDTH="15" VPOS="2324" HPOS="483"/>
                  <String HEIGHT="47"
                          WIDTH="216"
                          VPOS="2324"
                          HPOS="437"
                          CONTENT="virtutibus"/>
                  <SP HEIGHT="47" WIDTH="15" VPOS="2324" HPOS="653"/>
                  <String HEIGHT="47"
                          WIDTH="123"
                          VPOS="2324"
                          HPOS="607"
                          CONTENT="vti,"/>
                  <SP HEIGHT="47" WIDTH="15" VPOS="2324" HPOS="730"/>
                  <String HEIGHT="47"
                          WIDTH="108"
                          VPOS="2324"
                          HPOS="684"
                          CONTENT="vel"/>
                  <SP HEIGHT="47" WIDTH="15" VPOS="2324" HPOS="792"/>
                  <String HEIGHT="47"
                          WIDTH="123"
                          VPOS="2324"
                          HPOS="745"
                          CONTENT="srui"/>
                  <SP HEIGHT="47" WIDTH="15" VPOS="2324" HPOS="869"/>
                  <String HEIGHT="47"
                          WIDTH="200"
                          VPOS="2324"
                          HPOS="823"
                          CONTENT="debeamus."/>
                  <SP HEIGHT="47" WIDTH="15" VPOS="2324" HPOS="1023"/>
                  <String HEIGHT="47" WIDTH="62" VPOS="2324" HPOS="961" CONTENT="Se"/>
               </TextLine>
               <TextLine ID="r2l53"
                         BASELINE="2409"
                         HEIGHT="46"
                         WIDTH="854"
                         VPOS="2363"
                         HPOS="174">
                  <String HEIGHT="46"
                          WIDTH="137"
                          VPOS="2363"
                          HPOS="159"
                          CONTENT="cunda"/>
                  <SP HEIGHT="46" WIDTH="15" VPOS="2363" HPOS="296"/>
                  <String HEIGHT="46"
                          WIDTH="122"
                          VPOS="2363"
                          HPOS="250"
                          CONTENT="ibi,"/>
                  <SP HEIGHT="46" WIDTH="15" VPOS="2363" HPOS="372"/>
                  <String HEIGHT="46"
                          WIDTH="107"
                          VPOS="2363"
                          HPOS="327"
                          CONTENT="Sed"/>
                  <SP HEIGHT="46" WIDTH="15" VPOS="2363" HPOS="433"/>
                  <String HEIGHT="46"
                          WIDTH="107"
                          VPOS="2363"
                          HPOS="388"
                          CONTENT="cum"/>
                  <SP HEIGHT="46" WIDTH="15" VPOS="2363" HPOS="494"/>
                  <String HEIGHT="46"
                          WIDTH="122"
                          VPOS="2363"
                          HPOS="449"
                          CONTENT="Deus"/>
                  <SP HEIGHT="46" WIDTH="15" VPOS="2363" HPOS="571"/>
                  <String HEIGHT="46"
                          WIDTH="168"
                          VPOS="2363"
                          HPOS="525"
                          CONTENT="diligat"/>
                  <SP HEIGHT="46" WIDTH="15" VPOS="2363" HPOS="693"/>
                  <String HEIGHT="46"
                          WIDTH="122"
                          VPOS="2363"
                          HPOS="647"
                          CONTENT="nos."/>
                  <SP HEIGHT="46" WIDTH="15" VPOS="2363" HPOS="769"/>
                  <String HEIGHT="46"
                          WIDTH="153"
                          VPOS="2363"
                          HPOS="723"
                          CONTENT="Tertia"/>
                  <SP HEIGHT="46" WIDTH="15" VPOS="2363" HPOS="876"/>
                  <String HEIGHT="46"
                          WIDTH="122"
                          VPOS="2363"
                          HPOS="830"
                          CONTENT="ibi,"/>
                  <SP HEIGHT="46" WIDTH="15" VPOS="2363" HPOS="952"/>
                  <String HEIGHT="46"
                          WIDTH="107"
                          VPOS="2363"
                          HPOS="906"
                          CONTENT="Hic"/>
                  <SP HEIGHT="46" WIDTH="15" VPOS="2363" HPOS="1013"/>
                  <String HEIGHT="46" WIDTH="76" VPOS="2363" HPOS="952" CONTENT="con"/>
               </TextLine>
               <TextLine ID="r2l54"
                         BASELINE="2447"
                         HEIGHT="43"
                         WIDTH="857"
                         VPOS="2404"
                         HPOS="178">
                  <String HEIGHT="43"
                          WIDTH="203"
                          VPOS="2404"
                          HPOS="163"
                          CONTENT="siderandum"/>
                  <SP HEIGHT="43" WIDTH="15" VPOS="2404" HPOS="367"/>
                  <String HEIGHT="43"
                          WIDTH="116"
                          VPOS="2404"
                          HPOS="323"
                          CONTENT="est."/>
                  <SP HEIGHT="43" WIDTH="15" VPOS="2404" HPOS="439"/>
                  <String HEIGHT="43" WIDTH="87" VPOS="2404" HPOS="396" CONTENT="Et"/>
                  <SP HEIGHT="43" WIDTH="15" VPOS="2404" HPOS="483"/>
                  <String HEIGHT="43"
                          WIDTH="189"
                          VPOS="2404"
                          HPOS="439"
                          CONTENT="quaelibet"/>
                  <SP HEIGHT="43" WIDTH="15" VPOS="2404" HPOS="628"/>
                  <String HEIGHT="43"
                          WIDTH="160"
                          VPOS="2404"
                          HPOS="585"
                          CONTENT="istarum"/>
                  <SP HEIGHT="43" WIDTH="15" VPOS="2404" HPOS="744"/>
                  <String HEIGHT="43"
                          WIDTH="189"
                          VPOS="2404"
                          HPOS="701"
                          CONTENT="diuiditur"/>
                  <SP HEIGHT="43" WIDTH="15" VPOS="2404" HPOS="890"/>
                  <String HEIGHT="43" WIDTH="87" VPOS="2404" HPOS="846" CONTENT="in"/>
                  <SP HEIGHT="43" WIDTH="15" VPOS="2404" HPOS="933"/>
                  <String HEIGHT="43"
                          WIDTH="116"
                          VPOS="2404"
                          HPOS="890"
                          CONTENT="duas"/>
                  <SP HEIGHT="43" WIDTH="15" VPOS="2404" HPOS="1006"/>
                  <String HEIGHT="43"
                          WIDTH="87"
                          VPOS="2404"
                          HPOS="948"
                          CONTENT="par"
                          SUBS_TYPE="HypPart1"
                          SUBS_CONTENT="partes,"/>
                  <HYP CONTENT="-"/>
               </TextLine>
               <TextLine ID="r2l55"
                         BASELINE="2486"
                         HEIGHT="41"
                         WIDTH="863"
                         VPOS="2445"
                         HPOS="172">
                  <String HEIGHT="41"
                          WIDTH="121"
                          VPOS="2445"
                          HPOS="157"
                          CONTENT="tes,"
                          SUBS_TYPE="HypPart2"
                          SUBS_CONTENT="partes,"/>
                  <SP HEIGHT="41" WIDTH="15" VPOS="2445" HPOS="278"/>
                  <String HEIGHT="41"
                          WIDTH="182"
                          VPOS="2445"
                          HPOS="233"
                          CONTENT="secundum"/>
                  <SP HEIGHT="41" WIDTH="15" VPOS="2445" HPOS="414"/>
                  <String HEIGHT="41"
                          WIDTH="121"
                          VPOS="2445"
                          HPOS="369"
                          CONTENT="quod"/>
                  <SP HEIGHT="41" WIDTH="15" VPOS="2445" HPOS="490"/>
                  <String HEIGHT="41"
                          WIDTH="136"
                          VPOS="2445"
                          HPOS="445"
                          CONTENT="primo"/>
                  <SP HEIGHT="41" WIDTH="15" VPOS="2445" HPOS="581"/>
                  <String HEIGHT="41"
                          WIDTH="182"
                          VPOS="2445"
                          HPOS="535"
                          CONTENT="magister"/>
                  <SP HEIGHT="41" WIDTH="15" VPOS="2445" HPOS="717"/>
                  <String HEIGHT="41"
                          WIDTH="212"
                          VPOS="2445"
                          HPOS="672"
                          CONTENT="praemittit"/>
                  <SP HEIGHT="41" WIDTH="15" VPOS="2445" HPOS="884"/>
                  <String HEIGHT="41"
                          WIDTH="212"
                          VPOS="2445"
                          HPOS="823"
                          CONTENT="quaestionem,"/>
               </TextLine>
               <TextLine ID="r2l56"
                         BASELINE="2523"
                         HEIGHT="43"
                         WIDTH="860"
                         VPOS="2480"
                         HPOS="170">
                  <String HEIGHT="43"
                          WIDTH="175"
                          VPOS="2480"
                          HPOS="154"
                          CONTENT="secundo"/>
                  <SP HEIGHT="43" WIDTH="16" VPOS="2480" HPOS="329"/>
                  <String HEIGHT="43"
                          WIDTH="191"
                          VPOS="2480"
                          HPOS="281"
                          CONTENT="adiungit"/>
                  <SP HEIGHT="43" WIDTH="16" VPOS="2480" HPOS="473"/>
                  <String HEIGHT="43"
                          WIDTH="223"
                          VPOS="2480"
                          HPOS="425"
                          CONTENT="quaestioni"/>
                  <SP HEIGHT="43" WIDTH="16" VPOS="2480" HPOS="648"/>
                  <String HEIGHT="43"
                          WIDTH="255"
                          VPOS="2480"
                          HPOS="600"
                          CONTENT="resposionem:"/>
                  <SP HEIGHT="43" WIDTH="16" VPOS="2480" HPOS="855"/>
                  <String HEIGHT="43"
                          WIDTH="159"
                          VPOS="2480"
                          HPOS="807"
                          CONTENT="partes"/>
                  <SP HEIGHT="43" WIDTH="16" VPOS="2480" HPOS="966"/>
                  <String HEIGHT="43"
                          WIDTH="127"
                          VPOS="2480"
                          HPOS="903"
                          CONTENT="patent"/>
               </TextLine>
               <TextLine ID="r2l57"
                         BASELINE="2567"
                         HEIGHT="44"
                         WIDTH="854"
                         VPOS="2523"
                         HPOS="183">
                  <String HEIGHT="44"
                          WIDTH="137"
                          VPOS="2523"
                          HPOS="168"
                          CONTENT="Cirea"/>
                  <SP HEIGHT="44" WIDTH="15" VPOS="2523" HPOS="305"/>
                  <String HEIGHT="44"
                          WIDTH="183"
                          VPOS="2523"
                          HPOS="259"
                          CONTENT="materiam"/>
                  <SP HEIGHT="44" WIDTH="15" VPOS="2523" HPOS="442"/>
                  <String HEIGHT="44"
                          WIDTH="153"
                          VPOS="2523"
                          HPOS="397"
                          CONTENT="istius"/>
                  <SP HEIGHT="44" WIDTH="15" VPOS="2523" HPOS="549"/>
                  <String HEIGHT="44"
                          WIDTH="198"
                          VPOS="2523"
                          HPOS="503"
                          CONTENT="lectionis"/>
                  <SP HEIGHT="44" WIDTH="15" VPOS="2523" HPOS="702"/>
                  <String HEIGHT="44"
                          WIDTH="153"
                          VPOS="2523"
                          HPOS="656"
                          CONTENT="quaero"/>
                  <SP HEIGHT="44" WIDTH="15" VPOS="2523" HPOS="808"/>
                  <String HEIGHT="44"
                          WIDTH="122"
                          VPOS="2523"
                          HPOS="763"
                          CONTENT="hanc"/>
                  <SP HEIGHT="44" WIDTH="15" VPOS="2523" HPOS="885"/>
                  <String HEIGHT="44"
                          WIDTH="214"
                          VPOS="2523"
                          HPOS="824"
                          CONTENT="quaestionem."/>
               </TextLine>
               <TextLine ID="line_1602027850479_267"
                         BASELINE="2677"
                         HEIGHT="87"
                         WIDTH="310"
                         VPOS="2590"
                         HPOS="478">
                  <String HEIGHT="87"
                          WIDTH="284"
                          VPOS="2590"
                          HPOS="452"
                          CONTENT="Questio"/>
                  <SP HEIGHT="87" WIDTH="26" VPOS="2590" HPOS="736"/>
                  <String HEIGHT="87" WIDTH="103" VPOS="2590" HPOS="659" CONTENT=""/>
                  <SP HEIGHT="87" WIDTH="26" VPOS="2590" HPOS="762"/>
                  <String HEIGHT="87"
                          WIDTH="129"
                          VPOS="2590"
                          HPOS="659"
                          CONTENT="I1."/>
               </TextLine>
               <TextLine ID="r2l60"
                         BASELINE="2761"
                         HEIGHT="89"
                         WIDTH="822"
                         VPOS="2672"
                         HPOS="196">
                  <String HEIGHT="89" WIDTH="112" VPOS="2672" HPOS="177" CONTENT="An"/>
                  <SP HEIGHT="89" WIDTH="19" VPOS="2672" HPOS="289"/>
                  <String HEIGHT="89"
                          WIDTH="187"
                          VPOS="2672"
                          HPOS="233"
                          CONTENT="beatus"/>
                  <SP HEIGHT="89" WIDTH="19" VPOS="2672" HPOS="420"/>
                  <String HEIGHT="89"
                          WIDTH="168"
                          VPOS="2672"
                          HPOS="364"
                          CONTENT="vnica"/>
                  <SP HEIGHT="89" WIDTH="19" VPOS="2672" HPOS="532"/>
                  <String HEIGHT="89"
                          WIDTH="224"
                          VPOS="2672"
                          HPOS="476"
                          CONTENT="dumtaxat"/>
                  <SP HEIGHT="89" WIDTH="19" VPOS="2672" HPOS="700"/>
                  <String HEIGHT="89"
                          WIDTH="206"
                          VPOS="2672"
                          HPOS="644"
                          CONTENT="ratione"/>
                  <SP HEIGHT="89" WIDTH="19" VPOS="2672" HPOS="850"/>
                  <String HEIGHT="89" WIDTH="112" VPOS="2672" HPOS="794" CONTENT="in"/>
                  <SP HEIGHT="89" WIDTH="19" VPOS="2672" HPOS="906"/>
                  <String HEIGHT="89"
                          WIDTH="187"
                          VPOS="2672"
                          HPOS="831"
                          CONTENT="obiectum"/>
               </TextLine>
               <TextLine ID="r2l61"
                         BASELINE="2802"
                         HEIGHT="62"
                         WIDTH="324"
                         VPOS="2740"
                         HPOS="450">
                  <String HEIGHT="62"
                          WIDTH="252"
                          VPOS="2740"
                          HPOS="432"
                          CONTENT="beatificum"/>
                  <SP HEIGHT="62" WIDTH="18" VPOS="2740" HPOS="684"/>
                  <String HEIGHT="62"
                          WIDTH="162"
                          VPOS="2740"
                          HPOS="612"
                          CONTENT="teridat"/>
               </TextLine>
               <TextLine ID="r2l64"
                         BASELINE="2996"
                         HEIGHT="54"
                         WIDTH="860"
                         VPOS="2942"
                         HPOS="171">
                  <String HEIGHT="54"
                          WIDTH="158"
                          VPOS="2942"
                          HPOS="153"
                          CONTENT="VTRVM"/>
                  <SP HEIGHT="54" WIDTH="18" VPOS="2942" HPOS="311"/>
                  <String HEIGHT="54"
                          WIDTH="176"
                          VPOS="2942"
                          HPOS="259"
                          CONTENT="beatus"/>
                  <SP HEIGHT="54" WIDTH="18" VPOS="2942" HPOS="434"/>
                  <String HEIGHT="54" WIDTH="105" VPOS="2942" HPOS="382" CONTENT="in"/>
                  <SP HEIGHT="54" WIDTH="18" VPOS="2942" HPOS="487"/>
                  <String HEIGHT="54"
                          WIDTH="211"
                          VPOS="2942"
                          HPOS="434"
                          CONTENT="obiectum"/>
                  <SP HEIGHT="54" WIDTH="18" VPOS="2942" HPOS="645"/>
                  <String HEIGHT="54"
                          WIDTH="228"
                          VPOS="2942"
                          HPOS="592"
                          CONTENT="fruibile,"/>
                  <SP HEIGHT="54" WIDTH="18" VPOS="2942" HPOS="820"/>
                  <String HEIGHT="54"
                          WIDTH="140"
                          VPOS="2942"
                          HPOS="768"
                          CONTENT="siue"/>
                  <SP HEIGHT="54" WIDTH="18" VPOS="2942" HPOS="908"/>
                  <String HEIGHT="54"
                          WIDTH="193"
                          VPOS="2942"
                          HPOS="838"
                          CONTENT="beatificu"/>
               </TextLine>
               <TextLine ID="r2l65"
                         BASELINE="3041"
                         HEIGHT="61"
                         WIDTH="823"
                         VPOS="2980"
                         HPOS="199">
                  <String HEIGHT="61" WIDTH="67" VPOS="2980" HPOS="182" CONTENT=""/>
                  <SP HEIGHT="61" WIDTH="17" VPOS="2980" HPOS="249"/>
                  <String HEIGHT="61"
                          WIDTH="168"
                          VPOS="2980"
                          HPOS="199"
                          CONTENT="tendat"/>
                  <SP HEIGHT="61" WIDTH="17" VPOS="2980" HPOS="367"/>
                  <String HEIGHT="61"
                          WIDTH="118"
                          VPOS="2980"
                          HPOS="317"
                          CONTENT="sub"/>
                  <SP HEIGHT="61" WIDTH="17" VPOS="2980" HPOS="434"/>
                  <String HEIGHT="61"
                          WIDTH="118"
                          VPOS="2980"
                          HPOS="384"
                          CONTENT="vna"/>
                  <SP HEIGHT="61" WIDTH="17" VPOS="2980" HPOS="501"/>
                  <String HEIGHT="61"
                          WIDTH="235"
                          VPOS="2980"
                          HPOS="451"
                          CONTENT="tantummodo"/>
                  <SP HEIGHT="61" WIDTH="17" VPOS="2980" HPOS="686"/>
                  <String HEIGHT="61"
                          WIDTH="202"
                          VPOS="2980"
                          HPOS="636"
                          CONTENT="ratione."/>
                  <SP HEIGHT="61" WIDTH="17" VPOS="2980" HPOS="837"/>
                  <String HEIGHT="61" WIDTH="101" VPOS="2980" HPOS="787" CONTENT="Et"/>
                  <SP HEIGHT="61" WIDTH="17" VPOS="2980" HPOS="888"/>
                  <String HEIGHT="61"
                          WIDTH="185"
                          VPOS="2980"
                          HPOS="837"
                          CONTENT="videtur"/>
                  <SP HEIGHT="61" WIDTH="17" VPOS="2980" HPOS="1022"/>
                  <String HEIGHT="61" WIDTH="67" VPOS="2980" HPOS="955" CONTENT="qu"/>
               </TextLine>
               <TextLine ID="r2l66"
                         BASELINE="3079"
                         HEIGHT="58"
                         WIDTH="850"
                         VPOS="3021"
                         HPOS="178">
                  <String HEIGHT="58"
                          WIDTH="108"
                          VPOS="3021"
                          HPOS="163"
                          CONTENT="non"/>
                  <SP HEIGHT="58" WIDTH="15" VPOS="3021" HPOS="271"/>
                  <String HEIGHT="58"
                          WIDTH="124"
                          VPOS="3021"
                          HPOS="224"
                          CONTENT="quia"/>
                  <SP HEIGHT="58" WIDTH="15" VPOS="3021" HPOS="348"/>
                  <String HEIGHT="58"
                          WIDTH="185"
                          VPOS="3021"
                          HPOS="302"
                          CONTENT="obiectum"/>
                  <SP HEIGHT="58" WIDTH="15" VPOS="3021" HPOS="487"/>
                  <String HEIGHT="58"
                          WIDTH="185"
                          VPOS="3021"
                          HPOS="441"
                          CONTENT="claudens"/>
                  <SP HEIGHT="58" WIDTH="15" VPOS="3021" HPOS="626"/>
                  <String HEIGHT="58" WIDTH="93" VPOS="3021" HPOS="580" CONTENT="in"/>
                  <SP HEIGHT="58" WIDTH="15" VPOS="3021" HPOS="673"/>
                  <String HEIGHT="58" WIDTH="93" VPOS="3021" HPOS="626" CONTENT="se"/>
                  <SP HEIGHT="58" WIDTH="15" VPOS="3021" HPOS="719"/>
                  <String HEIGHT="58"
                          WIDTH="185"
                          VPOS="3021"
                          HPOS="673"
                          CONTENT="diuersas"/>
                  <SP HEIGHT="58" WIDTH="15" VPOS="3021" HPOS="858"/>
                  <String HEIGHT="58"
                          WIDTH="185"
                          VPOS="3021"
                          HPOS="812"
                          CONTENT="rationes"/>
                  <SP HEIGHT="58" WIDTH="15" VPOS="3021" HPOS="997"/>
                  <String HEIGHT="58"
                          WIDTH="93"
                          VPOS="3021"
                          HPOS="935"
                          CONTENT="for"
                          SUBS_TYPE="HypPart1"
                          SUBS_CONTENT="formales"/>
                  <HYP CONTENT="-"/>
               </TextLine>
               <TextLine ID="r2l67"
                         BASELINE="3110"
                         HEIGHT="42"
                         WIDTH="855"
                         VPOS="3068"
                         HPOS="170">
                  <String HEIGHT="42"
                          WIDTH="137"
                          VPOS="3068"
                          HPOS="155"
                          CONTENT="males"
                          SUBS_TYPE="HypPart2"
                          SUBS_CONTENT="formales"/>
                  <SP HEIGHT="42" WIDTH="15" VPOS="3068" HPOS="292"/>
                  <String HEIGHT="42"
                          WIDTH="260"
                          VPOS="3068"
                          HPOS="246"
                          CONTENT="irreducibiles"/>
                  <SP HEIGHT="42" WIDTH="15" VPOS="3068" HPOS="506"/>
                  <String HEIGHT="42" WIDTH="92" VPOS="3068" HPOS="460" CONTENT="ad"/>
                  <SP HEIGHT="42" WIDTH="15" VPOS="3068" HPOS="552"/>
                  <String HEIGHT="42" WIDTH="92" VPOS="3068" HPOS="506" CONTENT="se"/>
                  <SP HEIGHT="42" WIDTH="15" VPOS="3068" HPOS="598"/>
                  <String HEIGHT="42"
                          WIDTH="183"
                          VPOS="3068"
                          HPOS="552"
                          CONTENT="inuicem,"/>
                  <SP HEIGHT="42" WIDTH="15" VPOS="3068" HPOS="735"/>
                  <String HEIGHT="42" WIDTH="92" VPOS="3068" HPOS="689" CONTENT="ex"/>
                  <SP HEIGHT="42" WIDTH="15" VPOS="3068" HPOS="781"/>
                  <String HEIGHT="42"
                          WIDTH="107"
                          VPOS="3068"
                          HPOS="735"
                          CONTENT="sui"/>
                  <SP HEIGHT="42" WIDTH="15" VPOS="3068" HPOS="842"/>
                  <String HEIGHT="42"
                          WIDTH="153"
                          VPOS="3068"
                          HPOS="796"
                          CONTENT="natura"/>
                  <SP HEIGHT="42" WIDTH="15" VPOS="3068" HPOS="949"/>
                  <String HEIGHT="42"
                          WIDTH="107"
                          VPOS="3068"
                          HPOS="903"
                          CONTENT="hoc"/>
                  <SP HEIGHT="42" WIDTH="15" VPOS="3068" HPOS="1010"/>
                  <String HEIGHT="42"
                          WIDTH="76"
                          VPOS="3068"
                          HPOS="949"
                          CONTENT="ha"
                          SUBS_TYPE="HypPart1"
                          SUBS_CONTENT="habet,"/>
                  <HYP CONTENT="-"/>
               </TextLine>
               <TextLine ID="r2l68"
                         BASELINE="3168"
                         HEIGHT="66"
                         WIDTH="869"
                         VPOS="3102"
                         HPOS="168">
                  <String HEIGHT="66"
                          WIDTH="122"
                          VPOS="3102"
                          HPOS="153"
                          CONTENT="bet,"
                          SUBS_TYPE="HypPart2"
                          SUBS_CONTENT="habet,"/>
                  <SP HEIGHT="66" WIDTH="15" VPOS="3102" HPOS="275"/>
                  <String HEIGHT="66"
                          WIDTH="122"
                          VPOS="3102"
                          HPOS="229"
                          CONTENT="quod"/>
                  <SP HEIGHT="66" WIDTH="15" VPOS="3102" HPOS="351"/>
                  <String HEIGHT="66" WIDTH="91" VPOS="3102" HPOS="305" CONTENT="in"/>
                  <SP HEIGHT="66" WIDTH="15" VPOS="3102" HPOS="397"/>
                  <String HEIGHT="66"
                          WIDTH="137"
                          VPOS="3102"
                          HPOS="351"
                          CONTENT="ipsum"/>
                  <SP HEIGHT="66" WIDTH="15" VPOS="3102" HPOS="488"/>
                  <String HEIGHT="66"
                          WIDTH="183"
                          VPOS="3102"
                          HPOS="442"
                          CONTENT="tendatur"/>
                  <SP HEIGHT="66" WIDTH="15" VPOS="3102" HPOS="625"/>
                  <String HEIGHT="66"
                          WIDTH="183"
                          VPOS="3102"
                          HPOS="580"
                          CONTENT="diuersis"/>
                  <SP HEIGHT="66" WIDTH="15" VPOS="3102" HPOS="763"/>
                  <String HEIGHT="66"
                          WIDTH="229"
                          VPOS="3102"
                          HPOS="717"
                          CONTENT="rationibus,"/>
                  <SP HEIGHT="66" WIDTH="15" VPOS="3102" HPOS="946"/>
                  <String HEIGHT="66"
                          WIDTH="152"
                          VPOS="3102"
                          HPOS="885"
                          CONTENT="obiectum"/>
               </TextLine>
            </TextBlock>
            <TextBlock ID="r3" HEIGHT="2979" WIDTH="873" VPOS="219" HPOS="1076">
               <Shape>
                  <Polygon POINTS="1076,219 1076,3198 1949,3198 1949,219"/>
               </Shape>
               <TextLine ID="r3l4"
                         BASELINE="338"
                         HEIGHT="63"
                         WIDTH="856"
                         VPOS="275"
                         HPOS="1099">
                  <String HEIGHT="63"
                          WIDTH="187"
                          VPOS="275"
                          HPOS="1083"
                          CONTENT="fruibile"/>
                  <SP HEIGHT="63" WIDTH="16" VPOS="275" HPOS="1270"/>
                  <String HEIGHT="63"
                          WIDTH="109"
                          VPOS="275"
                          HPOS="1224"
                          CONTENT="est"/>
                  <SP HEIGHT="63" WIDTH="16" VPOS="275" HPOS="1332"/>
                  <String HEIGHT="63"
                          WIDTH="218"
                          VPOS="275"
                          HPOS="1286"
                          CONTENT="huiusmodi;"/>
                  <SP HEIGHT="63" WIDTH="16" VPOS="275" HPOS="1504"/>
                  <String HEIGHT="63"
                          WIDTH="125"
                          VPOS="275"
                          HPOS="1457"
                          CONTENT="ergo"/>
                  <SP HEIGHT="63" WIDTH="16" VPOS="275" HPOS="1581"/>
                  <String HEIGHT="63"
                          WIDTH="109"
                          VPOS="275"
                          HPOS="1535"
                          CONTENT="&amp;e."/>
                  <SP HEIGHT="63" WIDTH="16" VPOS="275" HPOS="1644"/>
                  <String HEIGHT="63"
                          WIDTH="140"
                          VPOS="275"
                          HPOS="1597"
                          CONTENT="Maior"/>
                  <SP HEIGHT="63" WIDTH="16" VPOS="275" HPOS="1737"/>
                  <String HEIGHT="63"
                          WIDTH="156"
                          VPOS="275"
                          HPOS="1690"
                          CONTENT="patet:"/>
                  <SP HEIGHT="63" WIDTH="16" VPOS="275" HPOS="1846"/>
                  <String HEIGHT="63"
                          WIDTH="140"
                          VPOS="275"
                          HPOS="1799"
                          CONTENT="probo"/>
                  <SP HEIGHT="63" WIDTH="16" VPOS="275" HPOS="1939"/>
                  <String HEIGHT="63"
                          WIDTH="78"
                          VPOS="275"
                          HPOS="1877"
                          CONTENT="mi"
                          SUBS_TYPE="HypPart1"
                          SUBS_CONTENT="minorem:"/>
                  <HYP CONTENT="-"/>
               </TextLine>
               <TextLine ID="r3l5"
                         BASELINE="378"
                         HEIGHT="48"
                         WIDTH="859"
                         VPOS="330"
                         HPOS="1096">
                  <String HEIGHT="48"
                          WIDTH="148"
                          VPOS="330"
                          HPOS="1081"
                          CONTENT="norem:"
                          SUBS_TYPE="HypPart2"
                          SUBS_CONTENT="minorem:"/>
                  <SP HEIGHT="48" WIDTH="15" VPOS="330" HPOS="1229"/>
                  <String HEIGHT="48"
                          WIDTH="118"
                          VPOS="330"
                          HPOS="1185"
                          CONTENT="quia"/>
                  <SP HEIGHT="48" WIDTH="15" VPOS="330" HPOS="1303"/>
                  <String HEIGHT="48"
                          WIDTH="133"
                          VPOS="330"
                          HPOS="1259"
                          CONTENT="ratio"/>
                  <SP HEIGHT="48" WIDTH="15" VPOS="330" HPOS="1392"/>
                  <String HEIGHT="48"
                          WIDTH="237"
                          VPOS="330"
                          HPOS="1348"
                          CONTENT="diuinitatis,"/>
                  <SP HEIGHT="48" WIDTH="15" VPOS="330" HPOS="1585"/>
                  <String HEIGHT="48" WIDTH="74" VPOS="330" HPOS="1540" CONTENT="&amp;"/>
                  <SP HEIGHT="48" WIDTH="15" VPOS="330" HPOS="1614"/>
                  <String HEIGHT="48"
                          WIDTH="222"
                          VPOS="330"
                          HPOS="1570"
                          CONTENT="relationis,"/>
                  <SP HEIGHT="48" WIDTH="15" VPOS="330" HPOS="1792"/>
                  <String HEIGHT="48"
                          WIDTH="118"
                          VPOS="330"
                          HPOS="1748"
                          CONTENT="quae"/>
                  <SP HEIGHT="48" WIDTH="15" VPOS="330" HPOS="1866"/>
                  <String HEIGHT="48"
                          WIDTH="148"
                          VPOS="330"
                          HPOS="1807"
                          CONTENT="includum"/>
               </TextLine>
               <TextLine ID="r3l6"
                         BASELINE="418"
                         HEIGHT="51"
                         WIDTH="853"
                         VPOS="367"
                         HPOS="1099">
                  <String HEIGHT="51"
                          WIDTH="107"
                          VPOS="367"
                          HPOS="1084"
                          CONTENT="tur"/>
                  <SP HEIGHT="51" WIDTH="15" VPOS="367" HPOS="1190"/>
                  <String HEIGHT="51" WIDTH="91" VPOS="367" HPOS="1145" CONTENT="in"/>
                  <SP HEIGHT="51" WIDTH="15" VPOS="367" HPOS="1236"/>
                  <String HEIGHT="51"
                          WIDTH="122"
                          VPOS="367"
                          HPOS="1190"
                          CONTENT="Deo,"/>
                  <SP HEIGHT="51" WIDTH="15" VPOS="367" HPOS="1312"/>
                  <String HEIGHT="51"
                          WIDTH="107"
                          VPOS="367"
                          HPOS="1267"
                          CONTENT="qui"/>
                  <SP HEIGHT="51" WIDTH="15" VPOS="367" HPOS="1373"/>
                  <String HEIGHT="51"
                          WIDTH="107"
                          VPOS="367"
                          HPOS="1327"
                          CONTENT="est"/>
                  <SP HEIGHT="51" WIDTH="15" VPOS="367" HPOS="1434"/>
                  <String HEIGHT="51"
                          WIDTH="183"
                          VPOS="367"
                          HPOS="1388"
                          CONTENT="obiectum"/>
                  <SP HEIGHT="51" WIDTH="15" VPOS="367" HPOS="1571"/>
                  <String HEIGHT="51"
                          WIDTH="183"
                          VPOS="367"
                          HPOS="1526"
                          CONTENT="fruibile"/>
                  <SP HEIGHT="51" WIDTH="15" VPOS="367" HPOS="1708"/>
                  <String HEIGHT="51"
                          WIDTH="259"
                          VPOS="367"
                          HPOS="1663"
                          CONTENT="irreducibiles"/>
                  <SP HEIGHT="51" WIDTH="15" VPOS="367" HPOS="1922"/>
                  <String HEIGHT="51"
                          WIDTH="91"
                          VPOS="367"
                          HPOS="1861"
                          CONTENT="sunt"/>
               </TextLine>
               <TextLine ID="r3l7"
                         BASELINE="453"
                         HEIGHT="46"
                         WIDTH="831"
                         VPOS="407"
                         HPOS="1103">
                  <String HEIGHT="46" WIDTH="86" VPOS="407" HPOS="1089" CONTENT="ad"/>
                  <SP HEIGHT="46" WIDTH="14" VPOS="407" HPOS="1175"/>
                  <String HEIGHT="46" WIDTH="86" VPOS="407" HPOS="1132" CONTENT="se"/>
                  <SP HEIGHT="46" WIDTH="14" VPOS="407" HPOS="1218"/>
                  <String HEIGHT="46"
                          WIDTH="172"
                          VPOS="407"
                          HPOS="1175"
                          CONTENT="inuicem:"/>
                  <SP HEIGHT="46" WIDTH="14" VPOS="407" HPOS="1347"/>
                  <String HEIGHT="46"
                          WIDTH="100"
                          VPOS="407"
                          HPOS="1304"
                          CONTENT="cum"/>
                  <SP HEIGHT="46" WIDTH="14" VPOS="407" HPOS="1404"/>
                  <String HEIGHT="46"
                          WIDTH="186"
                          VPOS="407"
                          HPOS="1361"
                          CONTENT="diuinitas"/>
                  <SP HEIGHT="46" WIDTH="14" VPOS="407" HPOS="1547"/>
                  <String HEIGHT="46"
                          WIDTH="100"
                          VPOS="407"
                          HPOS="1504"
                          CONTENT="sit"/>
                  <SP HEIGHT="46" WIDTH="14" VPOS="407" HPOS="1604"/>
                  <String HEIGHT="46" WIDTH="86" VPOS="407" HPOS="1561" CONTENT="ad"/>
                  <SP HEIGHT="46" WIDTH="14" VPOS="407" HPOS="1647"/>
                  <String HEIGHT="46"
                          WIDTH="100"
                          VPOS="407"
                          HPOS="1604"
                          CONTENT="se,"/>
                  <SP HEIGHT="46" WIDTH="14" VPOS="407" HPOS="1705"/>
                  <String HEIGHT="46" WIDTH="72" VPOS="407" HPOS="1662" CONTENT="&amp;"/>
                  <SP HEIGHT="46" WIDTH="14" VPOS="407" HPOS="1733"/>
                  <String HEIGHT="46"
                          WIDTH="100"
                          VPOS="407"
                          HPOS="1690"
                          CONTENT="non"/>
                  <SP HEIGHT="46" WIDTH="14" VPOS="407" HPOS="1791"/>
                  <String HEIGHT="46" WIDTH="86" VPOS="407" HPOS="1748" CONTENT="ad"/>
                  <SP HEIGHT="46" WIDTH="14" VPOS="407" HPOS="1834"/>
                  <String HEIGHT="46"
                          WIDTH="143"
                          VPOS="407"
                          HPOS="1791"
                          CONTENT="aliud,"/>
                  <SP HEIGHT="46" WIDTH="14" VPOS="407" HPOS="1934"/>
                  <String HEIGHT="46" WIDTH="57" VPOS="407" HPOS="1877" CONTENT="re"/>
               </TextLine>
               <TextLine ID="r3l8"
                         BASELINE="493"
                         HEIGHT="54"
                         WIDTH="502"
                         VPOS="439"
                         HPOS="1096">
                  <String HEIGHT="54"
                          WIDTH="167"
                          VPOS="439"
                          HPOS="1081"
                          CONTENT="latione"/>
                  <SP HEIGHT="54" WIDTH="15" VPOS="439" HPOS="1248"/>
                  <String HEIGHT="54"
                          WIDTH="122"
                          VPOS="439"
                          HPOS="1202"
                          CONTENT="vero"/>
                  <SP HEIGHT="54" WIDTH="15" VPOS="439" HPOS="1324"/>
                  <String HEIGHT="54" WIDTH="91" VPOS="439" HPOS="1279" CONTENT="ad"/>
                  <SP HEIGHT="54" WIDTH="15" VPOS="439" HPOS="1370"/>
                  <String HEIGHT="54"
                          WIDTH="137"
                          VPOS="439"
                          HPOS="1324"
                          CONTENT="aliud"/>
                  <SP HEIGHT="54" WIDTH="15" VPOS="439" HPOS="1461"/>
                  <String HEIGHT="54" WIDTH="76" VPOS="439" HPOS="1415" CONTENT="&amp;"/>
                  <SP HEIGHT="54" WIDTH="15" VPOS="439" HPOS="1492"/>
                  <String HEIGHT="54"
                          WIDTH="106"
                          VPOS="439"
                          HPOS="1446"
                          CONTENT="non"/>
                  <SP HEIGHT="54" WIDTH="15" VPOS="439" HPOS="1552"/>
                  <String HEIGHT="54" WIDTH="91" VPOS="439" HPOS="1507" CONTENT="ad"/>
                  <SP HEIGHT="54" WIDTH="15" VPOS="439" HPOS="1598"/>
                  <String HEIGHT="54" WIDTH="61" VPOS="439" HPOS="1537" CONTENT="se"/>
               </TextLine>
               <TextLine ID="r3l9"
                         BASELINE="531"
                         HEIGHT="55"
                         WIDTH="804"
                         VPOS="476"
                         HPOS="1140">
                  <String HEIGHT="55"
                          WIDTH="164"
                          VPOS="476"
                          HPOS="1124"
                          CONTENT="Contra"/>
                  <SP HEIGHT="55" WIDTH="16" VPOS="476" HPOS="1288"/>
                  <String HEIGHT="55"
                          WIDTH="180"
                          VPOS="476"
                          HPOS="1238"
                          CONTENT="tendens"/>
                  <SP HEIGHT="55" WIDTH="16" VPOS="476" HPOS="1419"/>
                  <String HEIGHT="55" WIDTH="98" VPOS="476" HPOS="1370" CONTENT="in"/>
                  <SP HEIGHT="55" WIDTH="16" VPOS="476" HPOS="1468"/>
                  <String HEIGHT="55"
                          WIDTH="197"
                          VPOS="476"
                          HPOS="1419"
                          CONTENT="obiectum"/>
                  <SP HEIGHT="55" WIDTH="16" VPOS="476" HPOS="1616"/>
                  <String HEIGHT="55"
                          WIDTH="312"
                          VPOS="476"
                          HPOS="1567"
                          CONTENT="simplicissimum,"/>
                  <SP HEIGHT="55" WIDTH="16" VPOS="476" HPOS="1878"/>
                  <String HEIGHT="55"
                          WIDTH="131"
                          VPOS="476"
                          HPOS="1813"
                          CONTENT="tendit"/>
               </TextLine>
               <TextLine ID="r3l10"
                         BASELINE="574"
                         HEIGHT="60"
                         WIDTH="851"
                         VPOS="514"
                         HPOS="1095">
                  <String HEIGHT="60" WIDTH="95" VPOS="514" HPOS="1079" CONTENT="in"/>
                  <SP HEIGHT="60" WIDTH="16" VPOS="514" HPOS="1174"/>
                  <String HEIGHT="60"
                          WIDTH="142"
                          VPOS="514"
                          HPOS="1127"
                          CONTENT="ipsum"/>
                  <SP HEIGHT="60" WIDTH="16" VPOS="514" HPOS="1268"/>
                  <String HEIGHT="60"
                          WIDTH="221"
                          VPOS="514"
                          HPOS="1221"
                          CONTENT="tantummodo"/>
                  <SP HEIGHT="60" WIDTH="16" VPOS="514" HPOS="1442"/>
                  <String HEIGHT="60"
                          WIDTH="110"
                          VPOS="514"
                          HPOS="1394"
                          CONTENT="sub"/>
                  <SP HEIGHT="60" WIDTH="16" VPOS="514" HPOS="1505"/>
                  <String HEIGHT="60"
                          WIDTH="110"
                          VPOS="514"
                          HPOS="1457"
                          CONTENT="vna"/>
                  <SP HEIGHT="60" WIDTH="16" VPOS="514" HPOS="1568"/>
                  <String HEIGHT="60"
                          WIDTH="189"
                          VPOS="514"
                          HPOS="1521"
                          CONTENT="ratione,"/>
                  <SP HEIGHT="60" WIDTH="16" VPOS="514" HPOS="1710"/>
                  <String HEIGHT="60"
                          WIDTH="189"
                          VPOS="514"
                          HPOS="1662"
                          CONTENT="obiectum"/>
                  <SP HEIGHT="60" WIDTH="16" VPOS="514" HPOS="1851"/>
                  <String HEIGHT="60"
                          WIDTH="158"
                          VPOS="514"
                          HPOS="1788"
                          CONTENT="sruibile"/>
               </TextLine>
               <TextLine ID="r3l11"
                         BASELINE="620"
                         HEIGHT="55"
                         WIDTH="839"
                         VPOS="565"
                         HPOS="1096">
                  <String HEIGHT="55"
                          WIDTH="103"
                          VPOS="565"
                          HPOS="1081"
                          CONTENT="est"/>
                  <SP HEIGHT="55" WIDTH="15" VPOS="565" HPOS="1184"/>
                  <String HEIGHT="55"
                          WIDTH="280"
                          VPOS="565"
                          HPOS="1140"
                          CONTENT="simplicissimum,"/>
                  <SP HEIGHT="55" WIDTH="15" VPOS="565" HPOS="1420"/>
                  <String HEIGHT="55"
                          WIDTH="118"
                          VPOS="565"
                          HPOS="1376"
                          CONTENT="ergo"/>
                  <SP HEIGHT="55" WIDTH="15" VPOS="565" HPOS="1493"/>
                  <String HEIGHT="55"
                          WIDTH="103"
                          VPOS="565"
                          HPOS="1449"
                          CONTENT="&amp;c."/>
                  <SP HEIGHT="55" WIDTH="15" VPOS="565" HPOS="1552"/>
                  <String HEIGHT="55"
                          WIDTH="132"
                          VPOS="565"
                          HPOS="1508"
                          CONTENT="Maior"/>
                  <SP HEIGHT="55" WIDTH="15" VPOS="565" HPOS="1641"/>
                  <String HEIGHT="55"
                          WIDTH="147"
                          VPOS="565"
                          HPOS="1596"
                          CONTENT="patet,"/>
                  <SP HEIGHT="55" WIDTH="15" VPOS="565" HPOS="1744"/>
                  <String HEIGHT="55"
                          WIDTH="118"
                          VPOS="565"
                          HPOS="1699"
                          CONTENT="quia"/>
                  <SP HEIGHT="55" WIDTH="15" VPOS="565" HPOS="1817"/>
                  <String HEIGHT="55"
                          WIDTH="103"
                          VPOS="565"
                          HPOS="1773"
                          CONTENT="vbi"/>
                  <SP HEIGHT="55" WIDTH="15" VPOS="565" HPOS="1876"/>
                  <String HEIGHT="55"
                          WIDTH="103"
                          VPOS="565"
                          HPOS="1832"
                          CONTENT="est"/>
                  <SP HEIGHT="55" WIDTH="15" VPOS="565" HPOS="1935"/>
                  <String HEIGHT="55" WIDTH="59" VPOS="565" HPOS="1876" CONTENT="ra"/>
               </TextLine>
               <TextLine ID="r3l12"
                         BASELINE="648"
                         HEIGHT="45"
                         WIDTH="846"
                         VPOS="603"
                         HPOS="1092">
                  <String HEIGHT="45"
                          WIDTH="151"
                          VPOS="603"
                          HPOS="1077"
                          CONTENT="tionum"/>
                  <SP HEIGHT="45" WIDTH="15" VPOS="603" HPOS="1228"/>
                  <String HEIGHT="45"
                          WIDTH="227"
                          VPOS="603"
                          HPOS="1183"
                          CONTENT="diuersitas,"/>
                  <SP HEIGHT="45" WIDTH="15" VPOS="603" HPOS="1409"/>
                  <String HEIGHT="45"
                          WIDTH="106"
                          VPOS="603"
                          HPOS="1364"
                          CONTENT="non"/>
                  <SP HEIGHT="45" WIDTH="15" VPOS="603" HPOS="1470"/>
                  <String HEIGHT="45"
                          WIDTH="106"
                          VPOS="603"
                          HPOS="1424"
                          CONTENT="est"/>
                  <SP HEIGHT="45" WIDTH="15" VPOS="603" HPOS="1530"/>
                  <String HEIGHT="45"
                          WIDTH="136"
                          VPOS="603"
                          HPOS="1485"
                          CONTENT="summa"/>
                  <SP HEIGHT="45" WIDTH="15" VPOS="603" HPOS="1621"/>
                  <String HEIGHT="45"
                          WIDTH="242"
                          VPOS="603"
                          HPOS="1575"
                          CONTENT="simplicitas."/>
                  <SP HEIGHT="45" WIDTH="15" VPOS="603" HPOS="1817"/>
                  <String HEIGHT="45"
                          WIDTH="181"
                          VPOS="603"
                          HPOS="1757"
                          CONTENT="Simplicius"/>
               </TextLine>
               <TextLine ID="r3l13"
                         BASELINE="694"
                         HEIGHT="49"
                         WIDTH="854"
                         VPOS="645"
                         HPOS="1080">
                  <String HEIGHT="49"
                          WIDTH="124"
                          VPOS="645"
                          HPOS="1064"
                          CONTENT="enim"/>
                  <SP HEIGHT="49" WIDTH="16" VPOS="645" HPOS="1189"/>
                  <String HEIGHT="49"
                          WIDTH="124"
                          VPOS="645"
                          HPOS="1142"
                          CONTENT="est,"/>
                  <SP HEIGHT="49" WIDTH="16" VPOS="645" HPOS="1266"/>
                  <String HEIGHT="49"
                          WIDTH="124"
                          VPOS="645"
                          HPOS="1220"
                          CONTENT="quod"/>
                  <SP HEIGHT="49" WIDTH="16" VPOS="645" HPOS="1344"/>
                  <String HEIGHT="49"
                          WIDTH="109"
                          VPOS="645"
                          HPOS="1297"
                          CONTENT="est"/>
                  <SP HEIGHT="49" WIDTH="16" VPOS="645" HPOS="1406"/>
                  <String HEIGHT="49"
                          WIDTH="171"
                          VPOS="645"
                          HPOS="1359"
                          CONTENT="simplex"/>
                  <SP HEIGHT="49" WIDTH="16" VPOS="645" HPOS="1530"/>
                  <String HEIGHT="49"
                          WIDTH="109"
                          VPOS="645"
                          HPOS="1484"
                          CONTENT="re,"/>
                  <SP HEIGHT="49" WIDTH="16" VPOS="645" HPOS="1592"/>
                  <String HEIGHT="49" WIDTH="78" VPOS="645" HPOS="1546" CONTENT="&amp;"/>
                  <SP HEIGHT="49" WIDTH="16" VPOS="645" HPOS="1623"/>
                  <String HEIGHT="49"
                          WIDTH="186"
                          VPOS="645"
                          HPOS="1577"
                          CONTENT="ratione,"/>
                  <SP HEIGHT="49" WIDTH="16" VPOS="645" HPOS="1763"/>
                  <String HEIGHT="49"
                          WIDTH="124"
                          VPOS="645"
                          HPOS="1717"
                          CONTENT="quam"/>
                  <SP HEIGHT="49" WIDTH="16" VPOS="645" HPOS="1841"/>
                  <String HEIGHT="49"
                          WIDTH="124"
                          VPOS="645"
                          HPOS="1794"
                          CONTENT="quod"/>
                  <SP HEIGHT="49" WIDTH="16" VPOS="645" HPOS="1918"/>
                  <String HEIGHT="49" WIDTH="78" VPOS="645" HPOS="1856" CONTENT="ess"/>
               </TextLine>
               <TextLine ID="r3l14"
                         BASELINE="729"
                         HEIGHT="49"
                         WIDTH="858"
                         VPOS="680"
                         HPOS="1082">
                  <String HEIGHT="49"
                          WIDTH="175"
                          VPOS="680"
                          HPOS="1066"
                          CONTENT="simplex"/>
                  <SP HEIGHT="49" WIDTH="16" VPOS="680" HPOS="1241"/>
                  <String HEIGHT="49"
                          WIDTH="159"
                          VPOS="680"
                          HPOS="1193"
                          CONTENT="tantum"/>
                  <SP HEIGHT="49" WIDTH="16" VPOS="680" HPOS="1352"/>
                  <String HEIGHT="49"
                          WIDTH="111"
                          VPOS="680"
                          HPOS="1304"
                          CONTENT="re,"/>
                  <SP HEIGHT="49" WIDTH="16" VPOS="680" HPOS="1416"/>
                  <String HEIGHT="49"
                          WIDTH="143"
                          VPOS="680"
                          HPOS="1368"
                          CONTENT="minor"/>
                  <SP HEIGHT="49" WIDTH="16" VPOS="680" HPOS="1511"/>
                  <String HEIGHT="49"
                          WIDTH="143"
                          VPOS="680"
                          HPOS="1463"
                          CONTENT="etiam"/>
                  <SP HEIGHT="49" WIDTH="16" VPOS="680" HPOS="1606"/>
                  <String HEIGHT="49"
                          WIDTH="111"
                          VPOS="680"
                          HPOS="1559"
                          CONTENT="est"/>
                  <SP HEIGHT="49" WIDTH="16" VPOS="680" HPOS="1670"/>
                  <String HEIGHT="49"
                          WIDTH="143"
                          VPOS="680"
                          HPOS="1622"
                          CONTENT="nota,"/>
                  <SP HEIGHT="49" WIDTH="16" VPOS="680" HPOS="1765"/>
                  <String HEIGHT="49" WIDTH="79" VPOS="680" HPOS="1718" CONTENT="&amp;"/>
                  <SP HEIGHT="49" WIDTH="16" VPOS="680" HPOS="1797"/>
                  <String HEIGHT="49"
                          WIDTH="207"
                          VPOS="680"
                          HPOS="1733"
                          CONTENT="theologice,"/>
               </TextLine>
               <TextLine ID="r3l15"
                         BASELINE="775"
                         HEIGHT="64"
                         WIDTH="846"
                         VPOS="711"
                         HPOS="1092">
                  <String HEIGHT="64" WIDTH="80" VPOS="711" HPOS="1076" CONTENT="&amp;"/>
                  <SP HEIGHT="64" WIDTH="16" VPOS="711" HPOS="1156"/>
                  <String HEIGHT="64"
                          WIDTH="192"
                          VPOS="711"
                          HPOS="1108"
                          CONTENT="physice."/>
                  <SP HEIGHT="64" WIDTH="16" VPOS="711" HPOS="1300"/>
                  <String HEIGHT="64"
                          WIDTH="128"
                          VPOS="711"
                          HPOS="1252"
                          CONTENT="Quod"/>
                  <SP HEIGHT="64" WIDTH="16" VPOS="711" HPOS="1379"/>
                  <String HEIGHT="64"
                          WIDTH="128"
                          VPOS="711"
                          HPOS="1331"
                          CONTENT="enim"/>
                  <SP HEIGHT="64" WIDTH="16" VPOS="711" HPOS="1459"/>
                  <String HEIGHT="64"
                          WIDTH="128"
                          VPOS="711"
                          HPOS="1411"
                          CONTENT="Deus"/>
                  <SP HEIGHT="64" WIDTH="16" VPOS="711" HPOS="1539"/>
                  <String HEIGHT="64"
                          WIDTH="112"
                          VPOS="711"
                          HPOS="1491"
                          CONTENT="sit"/>
                  <SP HEIGHT="64" WIDTH="16" VPOS="711" HPOS="1603"/>
                  <String HEIGHT="64"
                          WIDTH="144"
                          VPOS="711"
                          HPOS="1555"
                          CONTENT="summe"/>
                  <SP HEIGHT="64" WIDTH="16" VPOS="711" HPOS="1699"/>
                  <String HEIGHT="64"
                          WIDTH="192"
                          VPOS="711"
                          HPOS="1651"
                          CONTENT="simplex,"/>
                  <SP HEIGHT="64" WIDTH="16" VPOS="711" HPOS="1842"/>
                  <String HEIGHT="64"
                          WIDTH="160"
                          VPOS="711"
                          HPOS="1778"
                          CONTENT="expresse"/>
               </TextLine>
               <TextLine ID="r3l16"
                         BASELINE="814"
                         HEIGHT="53"
                         WIDTH="835"
                         VPOS="761"
                         HPOS="1091">
                  <String HEIGHT="53"
                          WIDTH="194"
                          VPOS="761"
                          HPOS="1076"
                          CONTENT="probatur."/>
                  <SP HEIGHT="53" WIDTH="15" VPOS="761" HPOS="1270"/>
                  <String HEIGHT="53"
                          WIDTH="104"
                          VPOS="761"
                          HPOS="1225"
                          CONTENT="12."/>
                  <SP HEIGHT="53" WIDTH="15" VPOS="761" HPOS="1330"/>
                  <String HEIGHT="53"
                          WIDTH="253"
                          VPOS="761"
                          HPOS="1285"
                          CONTENT="metaphysicae."/>
                  <SP HEIGHT="53" WIDTH="15" VPOS="761" HPOS="1538"/>
                  <String HEIGHT="53" WIDTH="89" VPOS="761" HPOS="1494" CONTENT="In"/>
                  <SP HEIGHT="53" WIDTH="15" VPOS="761" HPOS="1583"/>
                  <String HEIGHT="53"
                          WIDTH="119"
                          VPOS="761"
                          HPOS="1538"
                          CONTENT="ista"/>
                  <SP HEIGHT="53" WIDTH="15" VPOS="761" HPOS="1658"/>
                  <String HEIGHT="53"
                          WIDTH="209"
                          VPOS="761"
                          HPOS="1613"
                          CONTENT="quaestione"/>
                  <SP HEIGHT="53" WIDTH="15" VPOS="761" HPOS="1822"/>
                  <String HEIGHT="53"
                          WIDTH="119"
                          VPOS="761"
                          HPOS="1777"
                          CONTENT="sunt"/>
                  <SP HEIGHT="53" WIDTH="15" VPOS="761" HPOS="1896"/>
                  <String HEIGHT="53"
                          WIDTH="89"
                          VPOS="761"
                          HPOS="1837"
                          CONTENT="quat"/>
               </TextLine>
               <TextLine ID="r3l17"
                         BASELINE="845"
                         HEIGHT="54"
                         WIDTH="196"
                         VPOS="791"
                         HPOS="1090">
                  <String HEIGHT="54"
                          WIDTH="131"
                          VPOS="791"
                          HPOS="1074"
                          CONTENT="tuor"/>
                  <SP HEIGHT="54" WIDTH="16" VPOS="791" HPOS="1204"/>
                  <String HEIGHT="54"
                          WIDTH="147"
                          VPOS="791"
                          HPOS="1139"
                          CONTENT="videnda"/>
               </TextLine>
               <TextLine ID="r3l18"
                         BASELINE="887"
                         HEIGHT="54"
                         WIDTH="805"
                         VPOS="833"
                         HPOS="1118">
                  <String HEIGHT="54"
                          WIDTH="164"
                          VPOS="833"
                          HPOS="1102"
                          CONTENT="Primo,"/>
                  <SP HEIGHT="54" WIDTH="16" VPOS="833" HPOS="1266"/>
                  <String HEIGHT="54"
                          WIDTH="148"
                          VPOS="833"
                          HPOS="1217"
                          CONTENT="vtrum"/>
                  <SP HEIGHT="54" WIDTH="16" VPOS="833" HPOS="1364"/>
                  <String HEIGHT="54"
                          WIDTH="197"
                          VPOS="833"
                          HPOS="1315"
                          CONTENT="obiectum"/>
                  <SP HEIGHT="54" WIDTH="16" VPOS="833" HPOS="1512"/>
                  <String HEIGHT="54"
                          WIDTH="197"
                          VPOS="833"
                          HPOS="1463"
                          CONTENT="fruibile"/>
                  <SP HEIGHT="54" WIDTH="16" VPOS="833" HPOS="1660"/>
                  <String HEIGHT="54"
                          WIDTH="115"
                          VPOS="833"
                          HPOS="1611"
                          CONTENT="sub"/>
                  <SP HEIGHT="54" WIDTH="16" VPOS="833" HPOS="1726"/>
                  <String HEIGHT="54"
                          WIDTH="115"
                          VPOS="833"
                          HPOS="1677"
                          CONTENT="vna"/>
                  <SP HEIGHT="54" WIDTH="16" VPOS="833" HPOS="1792"/>
                  <String HEIGHT="54"
                          WIDTH="181"
                          VPOS="833"
                          HPOS="1742"
                          CONTENT="ratione"/>
                  <SP HEIGHT="54" WIDTH="16" VPOS="833" HPOS="1923"/>
                  <String HEIGHT="54" WIDTH="66" VPOS="833" HPOS="1857" CONTENT="mo"/>
               </TextLine>
               <TextLine ID="r3l19"
                         BASELINE="921"
                         HEIGHT="41"
                         WIDTH="855"
                         VPOS="880"
                         HPOS="1079">
                  <String HEIGHT="41"
                          WIDTH="124"
                          VPOS="880"
                          HPOS="1063"
                          CONTENT="ueat"/>
                  <SP HEIGHT="41" WIDTH="16" VPOS="880" HPOS="1188"/>
                  <String HEIGHT="41"
                          WIDTH="109"
                          VPOS="880"
                          HPOS="1141"
                          CONTENT="tam"/>
                  <SP HEIGHT="41" WIDTH="16" VPOS="880" HPOS="1250"/>
                  <String HEIGHT="41"
                          WIDTH="249"
                          VPOS="880"
                          HPOS="1203"
                          CONTENT="intellectum,"/>
                  <SP HEIGHT="41" WIDTH="16" VPOS="880" HPOS="1452"/>
                  <String HEIGHT="41"
                          WIDTH="124"
                          VPOS="880"
                          HPOS="1405"
                          CONTENT="quam"/>
                  <SP HEIGHT="41" WIDTH="16" VPOS="880" HPOS="1530"/>
                  <String HEIGHT="41"
                          WIDTH="218"
                          VPOS="880"
                          HPOS="1483"
                          CONTENT="voluntatem"/>
                  <SP HEIGHT="41" WIDTH="16" VPOS="880" HPOS="1701"/>
                  <String HEIGHT="41"
                          WIDTH="155"
                          VPOS="880"
                          HPOS="1654"
                          CONTENT="ipsius"/>
                  <SP HEIGHT="41" WIDTH="16" VPOS="880" HPOS="1810"/>
                  <String HEIGHT="41"
                          WIDTH="155"
                          VPOS="880"
                          HPOS="1763"
                          CONTENT="beati."/>
                  <SP HEIGHT="41" WIDTH="16" VPOS="880" HPOS="1918"/>
                  <String HEIGHT="41"
                          WIDTH="78"
                          VPOS="880"
                          HPOS="1856"
                          CONTENT="Se"
                          SUBS_TYPE="HypPart1"
                          SUBS_CONTENT="Secundo"/>
                  <HYP CONTENT="-"/>
               </TextLine>
               <TextLine ID="r3l20"
                         BASELINE="960"
                         HEIGHT="40"
                         WIDTH="855"
                         VPOS="920"
                         HPOS="1079">
                  <String HEIGHT="40"
                          WIDTH="148"
                          VPOS="920"
                          HPOS="1063"
                          CONTENT="cundo"
                          SUBS_TYPE="HypPart2"
                          SUBS_CONTENT="Secundo"/>
                  <SP HEIGHT="40" WIDTH="16" VPOS="920" HPOS="1211"/>
                  <String HEIGHT="40"
                          WIDTH="132"
                          VPOS="920"
                          HPOS="1161"
                          CONTENT="dato"/>
                  <SP HEIGHT="40" WIDTH="16" VPOS="920" HPOS="1293"/>
                  <String HEIGHT="40"
                          WIDTH="115"
                          VPOS="920"
                          HPOS="1243"
                          CONTENT="que"/>
                  <SP HEIGHT="40" WIDTH="16" VPOS="920" HPOS="1359"/>
                  <String HEIGHT="40"
                          WIDTH="132"
                          VPOS="920"
                          HPOS="1309"
                          CONTENT="non:"/>
                  <SP HEIGHT="40" WIDTH="16" VPOS="920" HPOS="1441"/>
                  <String HEIGHT="40"
                          WIDTH="197"
                          VPOS="920"
                          HPOS="1391"
                          CONTENT="videndum"/>
                  <SP HEIGHT="40" WIDTH="16" VPOS="920" HPOS="1589"/>
                  <String HEIGHT="40"
                          WIDTH="132"
                          VPOS="920"
                          HPOS="1539"
                          CONTENT="est;"/>
                  <SP HEIGHT="40" WIDTH="16" VPOS="920" HPOS="1671"/>
                  <String HEIGHT="40"
                          WIDTH="148"
                          VPOS="920"
                          HPOS="1622"
                          CONTENT="vtrum"/>
                  <SP HEIGHT="40" WIDTH="16" VPOS="920" HPOS="1770"/>
                  <String HEIGHT="40"
                          WIDTH="148"
                          VPOS="920"
                          HPOS="1720"
                          CONTENT="ipsam"/>
                  <SP HEIGHT="40" WIDTH="16" VPOS="920" HPOS="1868"/>
                  <String HEIGHT="40"
                          WIDTH="132"
                          VPOS="920"
                          HPOS="1802"
                          CONTENT="volun"
                          SUBS_TYPE="HypPart1"
                          SUBS_CONTENT="voluntatem"/>
                  <HYP CONTENT="-"/>
               </TextLine>
               <TextLine ID="r3l21"
                         BASELINE="1009"
                         HEIGHT="52"
                         WIDTH="845"
                         VPOS="957"
                         HPOS="1090">
                  <String HEIGHT="52"
                          WIDTH="152"
                          VPOS="957"
                          HPOS="1073"
                          CONTENT="tatem"
                          SUBS_TYPE="HypPart2"
                          SUBS_CONTENT="voluntatem"/>
                  <SP HEIGHT="52" WIDTH="17" VPOS="957" HPOS="1225"/>
                  <String HEIGHT="52"
                          WIDTH="169"
                          VPOS="957"
                          HPOS="1175"
                          CONTENT="beatam"/>
                  <SP HEIGHT="52" WIDTH="17" VPOS="957" HPOS="1344"/>
                  <String HEIGHT="52"
                          WIDTH="169"
                          VPOS="957"
                          HPOS="1293"
                          CONTENT="moueat"/>
                  <SP HEIGHT="52" WIDTH="17" VPOS="957" HPOS="1462"/>
                  <String HEIGHT="52"
                          WIDTH="118"
                          VPOS="957"
                          HPOS="1411"
                          CONTENT="sub"/>
                  <SP HEIGHT="52" WIDTH="17" VPOS="957" HPOS="1529"/>
                  <String HEIGHT="52"
                          WIDTH="186"
                          VPOS="957"
                          HPOS="1479"
                          CONTENT="diuersa"/>
                  <SP HEIGHT="52" WIDTH="17" VPOS="957" HPOS="1665"/>
                  <String HEIGHT="52"
                          WIDTH="186"
                          VPOS="957"
                          HPOS="1614"
                          CONTENT="ratione"/>
                  <SP HEIGHT="52" WIDTH="17" VPOS="957" HPOS="1800"/>
                  <String HEIGHT="52" WIDTH="101" VPOS="957" HPOS="1749" CONTENT="in"/>
                  <SP HEIGHT="52" WIDTH="17" VPOS="957" HPOS="1851"/>
                  <String HEIGHT="52"
                          WIDTH="152"
                          VPOS="957"
                          HPOS="1783"
                          CONTENT="tantum,"/>
               </TextLine>
               <TextLine ID="r3l22"
                         BASELINE="1046"
                         HEIGHT="45"
                         WIDTH="861"
                         VPOS="1001"
                         HPOS="1080">
                  <String HEIGHT="45"
                          WIDTH="113"
                          VPOS="1001"
                          HPOS="1066"
                          CONTENT="quoe"/>
                  <SP HEIGHT="45" WIDTH="14" VPOS="1001" HPOS="1179"/>
                  <String HEIGHT="45"
                          WIDTH="127"
                          VPOS="1001"
                          HPOS="1136"
                          CONTENT="actus"/>
                  <SP HEIGHT="45" WIDTH="14" VPOS="1001" HPOS="1263"/>
                  <String HEIGHT="45"
                          WIDTH="198"
                          VPOS="1001"
                          HPOS="1221"
                          CONTENT="fruitionis"/>
                  <SP HEIGHT="45" WIDTH="14" VPOS="1001" HPOS="1419"/>
                  <String HEIGHT="45"
                          WIDTH="141"
                          VPOS="1001"
                          HPOS="1376"
                          CONTENT="possit"/>
                  <SP HEIGHT="45" WIDTH="14" VPOS="1001" HPOS="1518"/>
                  <String HEIGHT="45"
                          WIDTH="183"
                          VPOS="1001"
                          HPOS="1475"
                          CONTENT="terminari"/>
                  <SP HEIGHT="45" WIDTH="14" VPOS="1001" HPOS="1659"/>
                  <String HEIGHT="45" WIDTH="85" VPOS="1001" HPOS="1616" CONTENT="ad"/>
                  <SP HEIGHT="45" WIDTH="14" VPOS="1001" HPOS="1701"/>
                  <String HEIGHT="45"
                          WIDTH="183"
                          VPOS="1001"
                          HPOS="1659"
                          CONTENT="essentiam"/>
                  <SP HEIGHT="45" WIDTH="14" VPOS="1001" HPOS="1842"/>
                  <String HEIGHT="45"
                          WIDTH="169"
                          VPOS="1001"
                          HPOS="1800"
                          CONTENT="diuinam,"/>
                  <SP HEIGHT="45" WIDTH="14" VPOS="1001" HPOS="1969"/>
                  <String HEIGHT="45" WIDTH="28" VPOS="1001" HPOS="1913" CONTENT=""/>
               </TextLine>
               <TextLine ID="r3l23"
                         BASELINE="1085"
                         HEIGHT="48"
                         WIDTH="845"
                         VPOS="1037"
                         HPOS="1084">
                  <String HEIGHT="48"
                          WIDTH="159"
                          VPOS="1037"
                          HPOS="1068"
                          CONTENT="absque"/>
                  <SP HEIGHT="48" WIDTH="16" VPOS="1037" HPOS="1227"/>
                  <String HEIGHT="48"
                          WIDTH="128"
                          VPOS="1037"
                          HPOS="1180"
                          CONTENT="hoc,"/>
                  <SP HEIGHT="48" WIDTH="16" VPOS="1037" HPOS="1307"/>
                  <String HEIGHT="48"
                          WIDTH="128"
                          VPOS="1037"
                          HPOS="1259"
                          CONTENT="quod"/>
                  <SP HEIGHT="48" WIDTH="16" VPOS="1037" HPOS="1387"/>
                  <String HEIGHT="48"
                          WIDTH="223"
                          VPOS="1037"
                          HPOS="1339"
                          CONTENT="terminetur"/>
                  <SP HEIGHT="48" WIDTH="16" VPOS="1037" HPOS="1562"/>
                  <String HEIGHT="48" WIDTH="96" VPOS="1037" HPOS="1514" CONTENT="ad"/>
                  <SP HEIGHT="48" WIDTH="16" VPOS="1037" HPOS="1610"/>
                  <String HEIGHT="48"
                          WIDTH="207"
                          VPOS="1037"
                          HPOS="1562"
                          CONTENT="personam."/>
                  <SP HEIGHT="48" WIDTH="16" VPOS="1037" HPOS="1770"/>
                  <String HEIGHT="48"
                          WIDTH="159"
                          VPOS="1037"
                          HPOS="1722"
                          CONTENT="Tertio"/>
                  <SP HEIGHT="48" WIDTH="16" VPOS="1037" HPOS="1881"/>
                  <String HEIGHT="48"
                          WIDTH="112"
                          VPOS="1037"
                          HPOS="1817"
                          CONTENT="vtrum"/>
               </TextLine>
               <TextLine ID="r3l24"
                         BASELINE="1118"
                         HEIGHT="44"
                         WIDTH="831"
                         VPOS="1074"
                         HPOS="1092">
                  <String HEIGHT="44"
                          WIDTH="148"
                          VPOS="1074"
                          HPOS="1077"
                          CONTENT="possit"/>
                  <SP HEIGHT="44" WIDTH="15" VPOS="1074" HPOS="1226"/>
                  <String HEIGHT="44"
                          WIDTH="193"
                          VPOS="1074"
                          HPOS="1181"
                          CONTENT="terminari"/>
                  <SP HEIGHT="44" WIDTH="15" VPOS="1074" HPOS="1374"/>
                  <String HEIGHT="44" WIDTH="89" VPOS="1074" HPOS="1329" CONTENT="ad"/>
                  <SP HEIGHT="44" WIDTH="15" VPOS="1074" HPOS="1418"/>
                  <String HEIGHT="44"
                          WIDTH="193"
                          VPOS="1074"
                          HPOS="1374"
                          CONTENT="personam,"/>
                  <SP HEIGHT="44" WIDTH="15" VPOS="1074" HPOS="1567"/>
                  <String HEIGHT="44"
                          WIDTH="119"
                          VPOS="1074"
                          HPOS="1522"
                          CONTENT="sine"/>
                  <SP HEIGHT="44" WIDTH="15" VPOS="1074" HPOS="1641"/>
                  <String HEIGHT="44"
                          WIDTH="237"
                          VPOS="1074"
                          HPOS="1597"
                          CONTENT="terminatione"/>
                  <SP HEIGHT="44" WIDTH="15" VPOS="1074" HPOS="1834"/>
                  <String HEIGHT="44" WIDTH="89" VPOS="1074" HPOS="1789" CONTENT="ad"/>
                  <SP HEIGHT="44" WIDTH="15" VPOS="1074" HPOS="1878"/>
                  <String HEIGHT="44"
                          WIDTH="104"
                          VPOS="1074"
                          HPOS="1819"
                          CONTENT="essen"/>
               </TextLine>
               <TextLine ID="r3l25"
                         BASELINE="1160"
                         HEIGHT="57"
                         WIDTH="843"
                         VPOS="1103"
                         HPOS="1088">
                  <String HEIGHT="57"
                          WIDTH="141"
                          VPOS="1103"
                          HPOS="1072"
                          CONTENT="tiam."/>
                  <SP HEIGHT="57" WIDTH="16" VPOS="1103" HPOS="1213"/>
                  <String HEIGHT="57" WIDTH="94" VPOS="1103" HPOS="1166" CONTENT="Et"/>
                  <SP HEIGHT="57" WIDTH="16" VPOS="1103" HPOS="1260"/>
                  <String HEIGHT="57"
                          WIDTH="156"
                          VPOS="1103"
                          HPOS="1213"
                          CONTENT="quarto"/>
                  <SP HEIGHT="57" WIDTH="16" VPOS="1103" HPOS="1369"/>
                  <String HEIGHT="57"
                          WIDTH="141"
                          VPOS="1103"
                          HPOS="1322"
                          CONTENT="vtrum"/>
                  <SP HEIGHT="57" WIDTH="16" VPOS="1103" HPOS="1463"/>
                  <String HEIGHT="57"
                          WIDTH="156"
                          VPOS="1103"
                          HPOS="1416"
                          CONTENT="possit"/>
                  <SP HEIGHT="57" WIDTH="16" VPOS="1103" HPOS="1572"/>
                  <String HEIGHT="57"
                          WIDTH="203"
                          VPOS="1103"
                          HPOS="1525"
                          CONTENT="terminari"/>
                  <SP HEIGHT="57" WIDTH="16" VPOS="1103" HPOS="1728"/>
                  <String HEIGHT="57" WIDTH="94" VPOS="1103" HPOS="1681" CONTENT="ad"/>
                  <SP HEIGHT="57" WIDTH="16" VPOS="1103" HPOS="1775"/>
                  <String HEIGHT="57"
                          WIDTH="125"
                          VPOS="1103"
                          HPOS="1728"
                          CONTENT="vnam"/>
                  <SP HEIGHT="57" WIDTH="16" VPOS="1103" HPOS="1853"/>
                  <String HEIGHT="57"
                          WIDTH="141"
                          VPOS="1103"
                          HPOS="1791"
                          CONTENT="personm"/>
               </TextLine>
               <TextLine ID="r3l26"
                         BASELINE="1203"
                         HEIGHT="58"
                         WIDTH="606"
                         VPOS="1145"
                         HPOS="1074">
                  <String HEIGHT="58"
                          WIDTH="164"
                          VPOS="1145"
                          HPOS="1058"
                          CONTENT="absque"/>
                  <SP HEIGHT="58" WIDTH="16" VPOS="1145" HPOS="1221"/>
                  <String HEIGHT="58"
                          WIDTH="131"
                          VPOS="1145"
                          HPOS="1172"
                          CONTENT="hoc,"/>
                  <SP HEIGHT="58" WIDTH="16" VPOS="1145" HPOS="1303"/>
                  <String HEIGHT="58"
                          WIDTH="131"
                          VPOS="1145"
                          HPOS="1254"
                          CONTENT="quod"/>
                  <SP HEIGHT="58" WIDTH="16" VPOS="1145" HPOS="1385"/>
                  <String HEIGHT="58"
                          WIDTH="229"
                          VPOS="1145"
                          HPOS="1336"
                          CONTENT="terminetur"/>
                  <SP HEIGHT="58" WIDTH="16" VPOS="1145" HPOS="1565"/>
                  <String HEIGHT="58" WIDTH="98" VPOS="1145" HPOS="1516" CONTENT="ad"/>
                  <SP HEIGHT="58" WIDTH="16" VPOS="1145" HPOS="1614"/>
                  <String HEIGHT="58"
                          WIDTH="131"
                          VPOS="1145"
                          HPOS="1549"
                          CONTENT="aliam."/>
               </TextLine>
               <TextLine ID="r3l30"
                         BASELINE="1308"
                         HEIGHT="88"
                         WIDTH="474"
                         VPOS="1220"
                         HPOS="1254">
                  <String HEIGHT="88"
                          WIDTH="579"
                          VPOS="1220"
                          HPOS="1149"
                          CONTENT="RESOLVTIO"/>
               </TextLine>
               <TextLine ID="r3l34"
                         BASELINE="1392"
                         HEIGHT="92"
                         WIDTH="848"
                         VPOS="1300"
                         HPOS="1085">
                  <String HEIGHT="92"
                          WIDTH="191"
                          VPOS="1300"
                          HPOS="1071"
                          CONTENT="colligitur"/>
                  <SP HEIGHT="92" WIDTH="14" VPOS="1300" HPOS="1263"/>
                  <String HEIGHT="92"
                          WIDTH="150"
                          VPOS="1300"
                          HPOS="1222"
                          CONTENT="denique"/>
                  <SP HEIGHT="92" WIDTH="14" VPOS="1300" HPOS="1372"/>
                  <String HEIGHT="92"
                          WIDTH="164"
                          VPOS="1300"
                          HPOS="1331"
                          CONTENT="obiectum"/>
                  <SP HEIGHT="92" WIDTH="14" VPOS="1300" HPOS="1495"/>
                  <String HEIGHT="92"
                          WIDTH="164"
                          VPOS="1300"
                          HPOS="1454"
                          CONTENT="fruibile"/>
                  <SP HEIGHT="92" WIDTH="14" VPOS="1300" HPOS="1618"/>
                  <String HEIGHT="92"
                          WIDTH="96"
                          VPOS="1300"
                          HPOS="1577"
                          CONTENT="non"/>
                  <SP HEIGHT="92" WIDTH="14" VPOS="1300" HPOS="1673"/>
                  <String HEIGHT="92"
                          WIDTH="96"
                          VPOS="1300"
                          HPOS="1632"
                          CONTENT="sub"/>
                  <SP HEIGHT="92" WIDTH="14" VPOS="1300" HPOS="1728"/>
                  <String HEIGHT="92"
                          WIDTH="123"
                          VPOS="1300"
                          HPOS="1687"
                          CONTENT="eadem"/>
                  <SP HEIGHT="92" WIDTH="14" VPOS="1300" HPOS="1810"/>
                  <String HEIGHT="92"
                          WIDTH="150"
                          VPOS="1300"
                          HPOS="1769"
                          CONTENT="ratione"/>
                  <SP HEIGHT="92" WIDTH="14" VPOS="1300" HPOS="1919"/>
                  <String HEIGHT="92"
                          WIDTH="68"
                          VPOS="1300"
                          HPOS="1865"
                          CONTENT="mo"
                          SUBS_TYPE="HypPart1"
                          SUBS_CONTENT="mouere"/>
                  <HYP CONTENT="-"/>
               </TextLine>
               <TextLine ID="r3l35"
                         BASELINE="1429"
                         HEIGHT="49"
                         WIDTH="822"
                         VPOS="1380"
                         HPOS="1118">
                  <String HEIGHT="49"
                          WIDTH="108"
                          VPOS="1380"
                          HPOS="1105"
                          CONTENT="uere"
                          SUBS_TYPE="HypPart2"
                          SUBS_CONTENT="mouere"/>
                  <SP HEIGHT="49" WIDTH="13" VPOS="1380" HPOS="1212"/>
                  <String HEIGHT="49"
                          WIDTH="202"
                          VPOS="1380"
                          HPOS="1172"
                          CONTENT="intellectum"/>
                  <SP HEIGHT="49" WIDTH="13" VPOS="1380" HPOS="1374"/>
                  <String HEIGHT="49" WIDTH="81" VPOS="1380" HPOS="1334" CONTENT="&amp;x"/>
                  <SP HEIGHT="49" WIDTH="13" VPOS="1380" HPOS="1414"/>
                  <String HEIGHT="49"
                          WIDTH="135"
                          VPOS="1380"
                          HPOS="1374"
                          CONTENT="volunt"/>
                  <SP HEIGHT="49" WIDTH="13" VPOS="1380" HPOS="1509"/>
                  <String HEIGHT="49"
                          WIDTH="121"
                          VPOS="1380"
                          HPOS="1468"
                          CONTENT="atem:"/>
                  <SP HEIGHT="49" WIDTH="13" VPOS="1380" HPOS="1590"/>
                  <String HEIGHT="49"
                          WIDTH="121"
                          VPOS="1380"
                          HPOS="1549"
                          CONTENT="licet"/>
                  <SP HEIGHT="49" WIDTH="13" VPOS="1380" HPOS="1670"/>
                  <String HEIGHT="49"
                          WIDTH="135"
                          VPOS="1380"
                          HPOS="1630"
                          CONTENT="Deatus"/>
                  <SP HEIGHT="49" WIDTH="13" VPOS="1380" HPOS="1765"/>
                  <String HEIGHT="49" WIDTH="81" VPOS="1380" HPOS="1724" CONTENT="ad"/>
                  <SP HEIGHT="49" WIDTH="13" VPOS="1380" HPOS="1805"/>
                  <String HEIGHT="49"
                          WIDTH="148"
                          VPOS="1380"
                          HPOS="1765"
                          CONTENT="diuinam"/>
                  <SP HEIGHT="49" WIDTH="13" VPOS="1380" HPOS="1913"/>
                  <String HEIGHT="49"
                          WIDTH="81"
                          VPOS="1380"
                          HPOS="1859"
                          CONTENT="per"
                          SUBS_TYPE="HypPart1"
                          SUBS_CONTENT="personam"/>
                  <HYP CONTENT="-"/>
               </TextLine>
               <TextLine ID="r3l36"
                         BASELINE="1467"
                         HEIGHT="55"
                         WIDTH="816"
                         VPOS="1412"
                         HPOS="1113">
                  <String HEIGHT="55"
                          WIDTH="118"
                          VPOS="1412"
                          HPOS="1100"
                          CONTENT="sonam"
                          SUBS_TYPE="HypPart2"
                          SUBS_CONTENT="personam"/>
                  <SP HEIGHT="55" WIDTH="13" VPOS="1412" HPOS="1218"/>
                  <String HEIGHT="55"
                          WIDTH="105"
                          VPOS="1412"
                          HPOS="1179"
                          CONTENT="sint"/>
                  <SP HEIGHT="55" WIDTH="13" VPOS="1412" HPOS="1284"/>
                  <String HEIGHT="55"
                          WIDTH="158"
                          VPOS="1412"
                          HPOS="1245"
                          CONTENT="essentia"/>
                  <SP HEIGHT="55" WIDTH="13" VPOS="1412" HPOS="1403"/>
                  <String HEIGHT="55"
                          WIDTH="132"
                          VPOS="1412"
                          HPOS="1363"
                          CONTENT="sicuti"/>
                  <SP HEIGHT="55" WIDTH="13" VPOS="1412" HPOS="1495"/>
                  <String HEIGHT="55" WIDTH="79" VPOS="1412" HPOS="1455" CONTENT="ad"/>
                  <SP HEIGHT="55" WIDTH="13" VPOS="1412" HPOS="1534"/>
                  <String HEIGHT="55"
                          WIDTH="145"
                          VPOS="1412"
                          HPOS="1495"
                          CONTENT="diuinam"/>
                  <SP HEIGHT="55" WIDTH="13" VPOS="1412" HPOS="1639"/>
                  <String HEIGHT="55"
                          WIDTH="171"
                          VPOS="1412"
                          HPOS="1600"
                          CONTENT="essentiam"/>
                  <SP HEIGHT="55" WIDTH="13" VPOS="1412" HPOS="1771"/>
                  <String HEIGHT="55"
                          WIDTH="105"
                          VPOS="1412"
                          HPOS="1732"
                          CONTENT="sine"/>
                  <SP HEIGHT="55" WIDTH="13" VPOS="1412" HPOS="1837"/>
                  <String HEIGHT="55"
                          WIDTH="145"
                          VPOS="1412"
                          HPOS="1784"
                          CONTENT="persanis."/>
               </TextLine>
               <TextLine ID="r3l37"
                         BASELINE="1504"
                         HEIGHT="47"
                         WIDTH="831"
                         VPOS="1457"
                         HPOS="1109">
                  <String HEIGHT="47"
                          WIDTH="131"
                          VPOS="1457"
                          HPOS="1094"
                          CONTENT="actum"/>
                  <SP HEIGHT="47" WIDTH="15" VPOS="1457" HPOS="1226"/>
                  <String HEIGHT="47"
                          WIDTH="204"
                          VPOS="1457"
                          HPOS="1182"
                          CONTENT="fruitionis"/>
                  <SP HEIGHT="47" WIDTH="15" VPOS="1457" HPOS="1386"/>
                  <String HEIGHT="47"
                          WIDTH="160"
                          VPOS="1457"
                          HPOS="1342"
                          CONTENT="nequeas"/>
                  <SP HEIGHT="47" WIDTH="15" VPOS="1457" HPOS="1503"/>
                  <String HEIGHT="47"
                          WIDTH="204"
                          VPOS="1457"
                          HPOS="1459"
                          CONTENT="terminare,"/>
                  <SP HEIGHT="47" WIDTH="15" VPOS="1457" HPOS="1663"/>
                  <String HEIGHT="47"
                          WIDTH="131"
                          VPOS="1457"
                          HPOS="1619"
                          CONTENT="nedum"/>
                  <SP HEIGHT="47" WIDTH="15" VPOS="1457" HPOS="1750"/>
                  <String HEIGHT="47"
                          WIDTH="146"
                          VPOS="1457"
                          HPOS="1707"
                          CONTENT="possit"/>
                  <SP HEIGHT="47" WIDTH="15" VPOS="1457" HPOS="1853"/>
                  <String HEIGHT="47"
                          WIDTH="102"
                          VPOS="1457"
                          HPOS="1809"
                          CONTENT="vna"/>
                  <SP HEIGHT="47" WIDTH="15" VPOS="1457" HPOS="1911"/>
                  <String HEIGHT="47"
                          WIDTH="87"
                          VPOS="1457"
                          HPOS="1853"
                          CONTENT="per"
                          SUBS_TYPE="HypPart1"
                          SUBS_CONTENT="persona"/>
                  <HYP CONTENT="-"/>
               </TextLine>
               <TextLine ID="r3l38"
                         BASELINE="1550"
                         HEIGHT="61"
                         WIDTH="255"
                         VPOS="1489"
                         HPOS="1107">
                  <String HEIGHT="61"
                          WIDTH="97"
                          VPOS="1489"
                          HPOS="1095"
                          CONTENT="sona"
                          SUBS_TYPE="HypPart2"
                          SUBS_CONTENT="persona"/>
                  <SP HEIGHT="61" WIDTH="12" VPOS="1489" HPOS="1192"/>
                  <String HEIGHT="61"
                          WIDTH="97"
                          VPOS="1489"
                          HPOS="1156"
                          CONTENT="frui"/>
                  <SP HEIGHT="61" WIDTH="12" VPOS="1489" HPOS="1253"/>
                  <String HEIGHT="61"
                          WIDTH="97"
                          VPOS="1489"
                          HPOS="1216"
                          CONTENT="sint"/>
                  <SP HEIGHT="61" WIDTH="12" VPOS="1489" HPOS="1313"/>
                  <String HEIGHT="61"
                          WIDTH="109"
                          VPOS="1489"
                          HPOS="1277"
                          CONTENT="alia."/>
                  <SP HEIGHT="61" WIDTH="12" VPOS="1489" HPOS="1386"/>
                  <String HEIGHT="61" WIDTH="24" VPOS="1489" HPOS="1338" CONTENT=""/>
               </TextLine>
               <TextLine ID="r3l41"
                         BASELINE="1633"
                         HEIGHT="58"
                         WIDTH="432"
                         VPOS="1575"
                         HPOS="1247">
                  <String HEIGHT="58"
                          WIDTH="518"
                          VPOS="1575"
                          HPOS="1204"
                          CONTENT="ARTICVLV"/>
                  <SP HEIGHT="58" WIDTH="43" VPOS="1575" HPOS="1722"/>
                  <String HEIGHT="58" WIDTH="130" VPOS="1575" HPOS="1549" CONTENT="S"/>
               </TextLine>
               <TextLine ID="r3l44"
                         BASELINE="1740"
                         HEIGHT="87"
                         WIDTH="839"
                         VPOS="1653"
                         HPOS="1080">
                  <String HEIGHT="87"
                          WIDTH="154"
                          VPOS="1653"
                          HPOS="1063"
                          CONTENT="Vtrum"/>
                  <SP HEIGHT="87" WIDTH="17" VPOS="1653" HPOS="1217"/>
                  <String HEIGHT="87"
                          WIDTH="205"
                          VPOS="1653"
                          HPOS="1166"
                          CONTENT="obiectum"/>
                  <SP HEIGHT="87" WIDTH="17" VPOS="1653" HPOS="1371"/>
                  <String HEIGHT="87"
                          WIDTH="205"
                          VPOS="1653"
                          HPOS="1320"
                          CONTENT="friubile"/>
                  <SP HEIGHT="87" WIDTH="17" VPOS="1653" HPOS="1525"/>
                  <String HEIGHT="87"
                          WIDTH="120"
                          VPOS="1653"
                          HPOS="1474"
                          CONTENT="sub"/>
                  <SP HEIGHT="87" WIDTH="17" VPOS="1653" HPOS="1594"/>
                  <String HEIGHT="87"
                          WIDTH="120"
                          VPOS="1653"
                          HPOS="1542"
                          CONTENT="vna"/>
                  <SP HEIGHT="87" WIDTH="17" VPOS="1653" HPOS="1662"/>
                  <String HEIGHT="87"
                          WIDTH="188"
                          VPOS="1653"
                          HPOS="1611"
                          CONTENT="ratione"/>
                  <SP HEIGHT="87" WIDTH="17" VPOS="1653" HPOS="1799"/>
                  <String HEIGHT="87"
                          WIDTH="171"
                          VPOS="1653"
                          HPOS="1748"
                          CONTENT="tantum"/>
                  <SP HEIGHT="87" WIDTH="17" VPOS="1653" HPOS="1919"/>
                  <String HEIGHT="87" WIDTH="68" VPOS="1653" HPOS="1851" CONTENT="mi"/>
               </TextLine>
               <TextLine ID="r3l45"
                         BASELINE="1782"
                         HEIGHT="56"
                         WIDTH="654"
                         VPOS="1726"
                         HPOS="1178">
                  <String HEIGHT="56"
                          WIDTH="145"
                          VPOS="1726"
                          HPOS="1160"
                          CONTENT="ueat"/>
                  <SP HEIGHT="56" WIDTH="18" VPOS="1726" HPOS="1305"/>
                  <String HEIGHT="56"
                          WIDTH="127"
                          VPOS="1726"
                          HPOS="1251"
                          CONTENT="tam"/>
                  <SP HEIGHT="56" WIDTH="18" VPOS="1726" HPOS="1378"/>
                  <String HEIGHT="56"
                          WIDTH="273"
                          VPOS="1726"
                          HPOS="1323"
                          CONTENT="intellectum"/>
                  <SP HEIGHT="56" WIDTH="18" VPOS="1726" HPOS="1596"/>
                  <String HEIGHT="56"
                          WIDTH="145"
                          VPOS="1726"
                          HPOS="1541"
                          CONTENT="quam"/>
                  <SP HEIGHT="56" WIDTH="18" VPOS="1726" HPOS="1687"/>
                  <String HEIGHT="56"
                          WIDTH="218"
                          VPOS="1726"
                          HPOS="1614"
                          CONTENT="voluntatem"/>
               </TextLine>
               <TextLine ID="r3l46"
                         BASELINE="1831"
                         HEIGHT="64"
                         WIDTH="190"
                         VPOS="1767"
                         HPOS="1395">
                  <String HEIGHT="64"
                          WIDTH="158"
                          VPOS="1767"
                          HPOS="1379"
                          CONTENT="ipsius"/>
                  <SP HEIGHT="64" WIDTH="16" VPOS="1767" HPOS="1538"/>
                  <String HEIGHT="64"
                          WIDTH="111"
                          VPOS="1767"
                          HPOS="1474"
                          CONTENT="beati"/>
               </TextLine>
               <TextLine ID="r3l48"
                         BASELINE="1906"
                         HEIGHT="59"
                         WIDTH="764"
                         VPOS="1847"
                         HPOS="1154">
                  <String HEIGHT="59"
                          WIDTH="191"
                          VPOS="1847"
                          HPOS="1135"
                          CONTENT="VANTVM"/>
                  <SP HEIGHT="59" WIDTH="19" VPOS="1847" HPOS="1326"/>
                  <String HEIGHT="59"
                          WIDTH="153"
                          VPOS="1847"
                          HPOS="1269"
                          CONTENT="ergo"/>
                  <SP HEIGHT="59" WIDTH="19" VPOS="1847" HPOS="1421"/>
                  <String HEIGHT="59"
                          WIDTH="115"
                          VPOS="1847"
                          HPOS="1364"
                          CONTENT="ad"/>
                  <SP HEIGHT="59" WIDTH="19" VPOS="1847" HPOS="1479"/>
                  <String HEIGHT="59"
                          WIDTH="191"
                          VPOS="1847"
                          HPOS="1421"
                          CONTENT="primum"/>
                  <SP HEIGHT="59" WIDTH="19" VPOS="1847" HPOS="1612"/>
                  <String HEIGHT="59"
                          WIDTH="229"
                          VPOS="1847"
                          HPOS="1555"
                          CONTENT="dicendum"/>
                  <SP HEIGHT="59" WIDTH="19" VPOS="1847" HPOS="1784"/>
                  <String HEIGHT="59"
                          WIDTH="153"
                          VPOS="1847"
                          HPOS="1727"
                          CONTENT="est,"/>
                  <SP HEIGHT="59" WIDTH="19" VPOS="1847" HPOS="1880"/>
                  <String HEIGHT="59"
                          WIDTH="115"
                          VPOS="1847"
                          HPOS="1803"
                          CONTENT="quod"/>
               </TextLine>
               <TextLine ID="r3l49"
                         BASELINE="1951"
                         HEIGHT="58"
                         WIDTH="728"
                         VPOS="1893"
                         HPOS="1203">
                  <String HEIGHT="58"
                          WIDTH="167"
                          VPOS="1893"
                          HPOS="1188"
                          CONTENT="quamuis"/>
                  <SP HEIGHT="58" WIDTH="15" VPOS="1893" HPOS="1355"/>
                  <String HEIGHT="58"
                          WIDTH="137"
                          VPOS="1893"
                          HPOS="1309"
                          CONTENT="eadem"/>
                  <SP HEIGHT="58" WIDTH="15" VPOS="1893" HPOS="1446"/>
                  <String HEIGHT="58"
                          WIDTH="106"
                          VPOS="1893"
                          HPOS="1400"
                          CONTENT="res"/>
                  <SP HEIGHT="58" WIDTH="15" VPOS="1893" HPOS="1506"/>
                  <String HEIGHT="58"
                          WIDTH="228"
                          VPOS="1893"
                          HPOS="1461"
                          CONTENT="indistincta"/>
                  <SP HEIGHT="58" WIDTH="15" VPOS="1893" HPOS="1688"/>
                  <String HEIGHT="58"
                          WIDTH="106"
                          VPOS="1893"
                          HPOS="1643"
                          CONTENT="sit"/>
                  <SP HEIGHT="58" WIDTH="15" VPOS="1893" HPOS="1749"/>
                  <String HEIGHT="58"
                          WIDTH="182"
                          VPOS="1893"
                          HPOS="1704"
                          CONTENT="obiectum"/>
                  <SP HEIGHT="58" WIDTH="15" VPOS="1893" HPOS="1886"/>
                  <String HEIGHT="58"
                          WIDTH="106"
                          VPOS="1893"
                          HPOS="1825"
                          CONTENT="intel"/>
               </TextLine>
               <TextLine ID="r3l50"
                         BASELINE="1979"
                         HEIGHT="52"
                         WIDTH="848"
                         VPOS="1927"
                         HPOS="1082">
                  <String HEIGHT="52"
                          WIDTH="167"
                          VPOS="1927"
                          HPOS="1067"
                          CONTENT="lectus,"/>
                  <SP HEIGHT="52" WIDTH="15" VPOS="1927" HPOS="1233"/>
                  <String HEIGHT="52" WIDTH="76" VPOS="1927" HPOS="1188" CONTENT="&amp;"/>
                  <SP HEIGHT="52" WIDTH="15" VPOS="1927" HPOS="1264"/>
                  <String HEIGHT="52"
                          WIDTH="227"
                          VPOS="1927"
                          HPOS="1218"
                          CONTENT="voluntatis,"/>
                  <SP HEIGHT="52" WIDTH="15" VPOS="1927" HPOS="1445"/>
                  <String HEIGHT="52"
                          WIDTH="106"
                          VPOS="1927"
                          HPOS="1400"
                          CONTENT="hoc"/>
                  <SP HEIGHT="52" WIDTH="15" VPOS="1927" HPOS="1506"/>
                  <String HEIGHT="52"
                          WIDTH="136"
                          VPOS="1927"
                          HPOS="1461"
                          CONTENT="tamen"/>
                  <SP HEIGHT="52" WIDTH="15" VPOS="1927" HPOS="1597"/>
                  <String HEIGHT="52"
                          WIDTH="121"
                          VPOS="1927"
                          HPOS="1551"
                          CONTENT="esse"/>
                  <SP HEIGHT="52" WIDTH="15" VPOS="1927" HPOS="1673"/>
                  <String HEIGHT="52"
                          WIDTH="106"
                          VPOS="1927"
                          HPOS="1627"
                          CONTENT="non"/>
                  <SP HEIGHT="52" WIDTH="15" VPOS="1927" HPOS="1733"/>
                  <String HEIGHT="52"
                          WIDTH="167"
                          VPOS="1927"
                          HPOS="1688"
                          CONTENT="poterit"/>
                  <SP HEIGHT="52" WIDTH="15" VPOS="1927" HPOS="1854"/>
                  <String HEIGHT="52"
                          WIDTH="106"
                          VPOS="1927"
                          HPOS="1809"
                          CONTENT="sub"/>
                  <SP HEIGHT="52" WIDTH="15" VPOS="1927" HPOS="1915"/>
                  <String HEIGHT="52"
                          WIDTH="76"
                          VPOS="1927"
                          HPOS="1854"
                          CONTENT="ea"
                          SUBS_TYPE="HypPart1"
                          SUBS_CONTENT="ealem"/>
                  <HYP CONTENT="-"/>
               </TextLine>
               <TextLine ID="r3l51"
                         BASELINE="2019"
                         HEIGHT="52"
                         WIDTH="192"
                         VPOS="1967"
                         HPOS="1091">
                  <String HEIGHT="52"
                          WIDTH="112"
                          VPOS="1967"
                          HPOS="1075"
                          CONTENT="lem"
                          SUBS_TYPE="HypPart2"
                          SUBS_CONTENT="ealem"/>
                  <SP HEIGHT="52" WIDTH="16" VPOS="1967" HPOS="1187"/>
                  <String HEIGHT="52"
                          WIDTH="160"
                          VPOS="1967"
                          HPOS="1123"
                          CONTENT="ratione."/>
               </TextLine>
               <TextLine ID="r3l52"
                         BASELINE="2070"
                         HEIGHT="63"
                         WIDTH="833"
                         VPOS="2007"
                         HPOS="1098">
                  <String HEIGHT="63" WIDTH="73" VPOS="2007" HPOS="1083" CONTENT="1"/>
                  <SP HEIGHT="63" WIDTH="15" VPOS="2007" HPOS="1156"/>
                  <String HEIGHT="63"
                          WIDTH="117"
                          VPOS="2007"
                          HPOS="1113"
                          CONTENT="Quia"/>
                  <SP HEIGHT="63" WIDTH="15" VPOS="2007" HPOS="1230"/>
                  <String HEIGHT="63"
                          WIDTH="175"
                          VPOS="2007"
                          HPOS="1186"
                          CONTENT="volibile"/>
                  <SP HEIGHT="63" WIDTH="15" VPOS="2007" HPOS="1361"/>
                  <String HEIGHT="63" WIDTH="88" VPOS="2007" HPOS="1317" CONTENT="vt"/>
                  <SP HEIGHT="63" WIDTH="15" VPOS="2007" HPOS="1405"/>
                  <String HEIGHT="63"
                          WIDTH="190"
                          VPOS="2007"
                          HPOS="1361"
                          CONTENT="volibile,"/>
                  <SP HEIGHT="63" WIDTH="15" VPOS="2007" HPOS="1551"/>
                  <String HEIGHT="63"
                          WIDTH="102"
                          VPOS="2007"
                          HPOS="1507"
                          CONTENT="est"/>
                  <SP HEIGHT="63" WIDTH="15" VPOS="2007" HPOS="1609"/>
                  <String HEIGHT="63"
                          WIDTH="175"
                          VPOS="2007"
                          HPOS="1566"
                          CONTENT="alterius"/>
                  <SP HEIGHT="63" WIDTH="15" VPOS="2007" HPOS="1741"/>
                  <String HEIGHT="63"
                          WIDTH="190"
                          VPOS="2007"
                          HPOS="1697"
                          CONTENT="rationis,"/>
                  <SP HEIGHT="63" WIDTH="15" VPOS="2007" HPOS="1887"/>
                  <String HEIGHT="63"
                          WIDTH="117"
                          VPOS="2007"
                          HPOS="1843"
                          CONTENT="quam"/>
                  <SP HEIGHT="63" WIDTH="15" VPOS="2007" HPOS="1960"/>
                  <String HEIGHT="63" WIDTH="29" VPOS="2007" HPOS="1902" CONTENT=""/>
               </TextLine>
               <TextLine ID="r3l53"
                         BASELINE="2101"
                         HEIGHT="53"
                         WIDTH="852"
                         VPOS="2048"
                         HPOS="1075">
                  <String HEIGHT="53"
                          WIDTH="170"
                          VPOS="2048"
                          HPOS="1061"
                          CONTENT="intellig"/>
                  <SP HEIGHT="53" WIDTH="14" VPOS="2048" HPOS="1231"/>
                  <String HEIGHT="53"
                          WIDTH="128"
                          VPOS="2048"
                          HPOS="1189"
                          CONTENT="ibile"/>
                  <SP HEIGHT="53" WIDTH="14" VPOS="2048" HPOS="1316"/>
                  <String HEIGHT="53" WIDTH="85" VPOS="2048" HPOS="1274" CONTENT="vt"/>
                  <SP HEIGHT="53" WIDTH="14" VPOS="2048" HPOS="1359"/>
                  <String HEIGHT="53"
                          WIDTH="256"
                          VPOS="2048"
                          HPOS="1316"
                          CONTENT="intelligibile,"/>
                  <SP HEIGHT="53" WIDTH="14" VPOS="2048" HPOS="1572"/>
                  <String HEIGHT="53"
                          WIDTH="99"
                          VPOS="2048"
                          HPOS="1529"
                          CONTENT="sed"/>
                  <SP HEIGHT="53" WIDTH="14" VPOS="2048" HPOS="1629"/>
                  <String HEIGHT="53"
                          WIDTH="170"
                          VPOS="2048"
                          HPOS="1586"
                          CONTENT="obiectum"/>
                  <SP HEIGHT="53" WIDTH="14" VPOS="2048" HPOS="1757"/>
                  <String HEIGHT="53"
                          WIDTH="199"
                          VPOS="2048"
                          HPOS="1714"
                          CONTENT="voluntatis"/>
                  <SP HEIGHT="53" WIDTH="14" VPOS="2048" HPOS="1913"/>
                  <String HEIGHT="53"
                          WIDTH="71"
                          VPOS="2048"
                          HPOS="1856"
                          CONTENT="est"/>
               </TextLine>
               <TextLine ID="r3l54"
                         BASELINE="2134"
                         HEIGHT="47"
                         WIDTH="849"
                         VPOS="2087"
                         HPOS="1074">
                  <String HEIGHT="47"
                          WIDTH="190"
                          VPOS="2087"
                          HPOS="1059"
                          CONTENT="volibile,"/>
                  <SP HEIGHT="47" WIDTH="15" VPOS="2087" HPOS="1250"/>
                  <String HEIGHT="47"
                          WIDTH="220"
                          VPOS="2087"
                          HPOS="1206"
                          CONTENT="intellectus"/>
                  <SP HEIGHT="47" WIDTH="15" VPOS="2087" HPOS="1425"/>
                  <String HEIGHT="47"
                          WIDTH="263"
                          VPOS="2087"
                          HPOS="1381"
                          CONTENT="intelligibile;"/>
                  <SP HEIGHT="47" WIDTH="15" VPOS="2087" HPOS="1645"/>
                  <String HEIGHT="47"
                          WIDTH="117"
                          VPOS="2087"
                          HPOS="1601"
                          CONTENT="ergo"/>
                  <SP HEIGHT="47" WIDTH="15" VPOS="2087" HPOS="1718"/>
                  <String HEIGHT="47"
                          WIDTH="102"
                          VPOS="2087"
                          HPOS="1674"
                          CONTENT="&amp;c."/>
                  <SP HEIGHT="47" WIDTH="15" VPOS="2087" HPOS="1777"/>
                  <String HEIGHT="47"
                          WIDTH="132"
                          VPOS="2087"
                          HPOS="1733"
                          CONTENT="Maior"/>
                  <SP HEIGHT="47" WIDTH="15" VPOS="2087" HPOS="1864"/>
                  <String HEIGHT="47"
                          WIDTH="117"
                          VPOS="2087"
                          HPOS="1806"
                          CONTENT="patet:"/>
               </TextLine>
               <TextLine ID="r3l55"
                         BASELINE="2177"
                         HEIGHT="50"
                         WIDTH="841"
                         VPOS="2127"
                         HPOS="1080">
                  <String HEIGHT="50"
                          WIDTH="127"
                          VPOS="2127"
                          HPOS="1064"
                          CONTENT="quia"/>
                  <SP HEIGHT="50" WIDTH="16" VPOS="2127" HPOS="1191"/>
                  <String HEIGHT="50"
                          WIDTH="127"
                          VPOS="2127"
                          HPOS="1143"
                          CONTENT="illa"/>
                  <SP HEIGHT="50" WIDTH="16" VPOS="2127" HPOS="1270"/>
                  <String HEIGHT="50"
                          WIDTH="222"
                          VPOS="2127"
                          HPOS="1223"
                          CONTENT="differunt,"/>
                  <SP HEIGHT="50" WIDTH="16" VPOS="2127" HPOS="1445"/>
                  <String HEIGHT="50"
                          WIDTH="159"
                          VPOS="2127"
                          HPOS="1397"
                          CONTENT="quorum"/>
                  <SP HEIGHT="50" WIDTH="16" VPOS="2127" HPOS="1556"/>
                  <String HEIGHT="50"
                          WIDTH="127"
                          VPOS="2127"
                          HPOS="1508"
                          CONTENT="vnum"/>
                  <SP HEIGHT="50" WIDTH="16" VPOS="2127" HPOS="1635"/>
                  <String HEIGHT="50"
                          WIDTH="143"
                          VPOS="2127"
                          HPOS="1588"
                          CONTENT="manet"/>
                  <SP HEIGHT="50" WIDTH="16" VPOS="2127" HPOS="1731"/>
                  <String HEIGHT="50"
                          WIDTH="159"
                          VPOS="2127"
                          HPOS="1683"
                          CONTENT="altero"/>
                  <SP HEIGHT="50" WIDTH="16" VPOS="2127" HPOS="1842"/>
                  <String HEIGHT="50"
                          WIDTH="111"
                          VPOS="2127"
                          HPOS="1794"
                          CONTENT="non"/>
                  <SP HEIGHT="50" WIDTH="16" VPOS="2127" HPOS="1905"/>
                  <String HEIGHT="50"
                          WIDTH="79"
                          VPOS="2127"
                          HPOS="1842"
                          CONTENT="ma"
                          SUBS_TYPE="HypPart1"
                          SUBS_CONTENT="manente:"/>
                  <HYP CONTENT="-"/>
               </TextLine>
               <TextLine ID="r3l56"
                         BASELINE="2222"
                         HEIGHT="47"
                         WIDTH="840"
                         VPOS="2175"
                         HPOS="1083">
                  <String HEIGHT="47"
                          WIDTH="153"
                          VPOS="2175"
                          HPOS="1068"
                          CONTENT="nente:"
                          SUBS_TYPE="HypPart2"
                          SUBS_CONTENT="manente:"/>
                  <SP HEIGHT="47" WIDTH="15" VPOS="2175" HPOS="1220"/>
                  <String HEIGHT="47"
                          WIDTH="107"
                          VPOS="2175"
                          HPOS="1175"
                          CONTENT="sed"/>
                  <SP HEIGHT="47" WIDTH="15" VPOS="2175" HPOS="1282"/>
                  <String HEIGHT="47"
                          WIDTH="168"
                          VPOS="2175"
                          HPOS="1236"
                          CONTENT="manente"/>
                  <SP HEIGHT="47" WIDTH="15" VPOS="2175" HPOS="1404"/>
                  <String HEIGHT="47"
                          WIDTH="168"
                          VPOS="2175"
                          HPOS="1358"
                          CONTENT="ratione"/>
                  <SP HEIGHT="47" WIDTH="15" VPOS="2175" HPOS="1526"/>
                  <String HEIGHT="47"
                          WIDTH="275"
                          VPOS="2175"
                          HPOS="1480"
                          CONTENT="intelligibilis"/>
                  <SP HEIGHT="47" WIDTH="15" VPOS="2175" HPOS="1755"/>
                  <String HEIGHT="47" WIDTH="92" VPOS="2175" HPOS="1709" CONTENT="vt"/>
                  <SP HEIGHT="47" WIDTH="15" VPOS="2175" HPOS="1801"/>
                  <String HEIGHT="47"
                          WIDTH="122"
                          VPOS="2175"
                          HPOS="1755"
                          CONTENT="actu"/>
                  <SP HEIGHT="47" WIDTH="15" VPOS="2175" HPOS="1877"/>
                  <String HEIGHT="47"
                          WIDTH="107"
                          VPOS="2175"
                          HPOS="1816"
                          CONTENT="mouet"/>
               </TextLine>
               <TextLine ID="r3l57"
                         BASELINE="2262"
                         HEIGHT="57"
                         WIDTH="830"
                         VPOS="2205"
                         HPOS="1087">
                  <String HEIGHT="57"
                          WIDTH="235"
                          VPOS="2205"
                          HPOS="1071"
                          CONTENT="ntellectum,"/>
                  <SP HEIGHT="57" WIDTH="16" VPOS="2205" HPOS="1306"/>
                  <String HEIGHT="57"
                          WIDTH="110"
                          VPOS="2205"
                          HPOS="1259"
                          CONTENT="non"/>
                  <SP HEIGHT="57" WIDTH="16" VPOS="2205" HPOS="1369"/>
                  <String HEIGHT="57"
                          WIDTH="141"
                          VPOS="2205"
                          HPOS="1322"
                          CONTENT="manet"/>
                  <SP HEIGHT="57" WIDTH="16" VPOS="2205" HPOS="1463"/>
                  <String HEIGHT="57"
                          WIDTH="141"
                          VPOS="2205"
                          HPOS="1416"
                          CONTENT="ratio"/>
                  <SP HEIGHT="57" WIDTH="16" VPOS="2205" HPOS="1557"/>
                  <String HEIGHT="57"
                          WIDTH="219"
                          VPOS="2205"
                          HPOS="1510"
                          CONTENT="volibilis;"/>
                  <SP HEIGHT="57" WIDTH="16" VPOS="2205" HPOS="1729"/>
                  <String HEIGHT="57"
                          WIDTH="125"
                          VPOS="2205"
                          HPOS="1682"
                          CONTENT="ergo"/>
                  <SP HEIGHT="57" WIDTH="16" VPOS="2205" HPOS="1807"/>
                  <String HEIGHT="57"
                          WIDTH="110"
                          VPOS="2205"
                          HPOS="1760"
                          CONTENT="&amp;c."/>
                  <SP HEIGHT="57" WIDTH="16" VPOS="2205" HPOS="1870"/>
                  <String HEIGHT="57"
                          WIDTH="110"
                          VPOS="2205"
                          HPOS="1807"
                          CONTENT="Maior"/>
               </TextLine>
               <TextLine ID="r3l58"
                         BASELINE="2298"
                         HEIGHT="46"
                         WIDTH="824"
                         VPOS="2252"
                         HPOS="1092">
                  <String HEIGHT="46"
                          WIDTH="129"
                          VPOS="2252"
                          HPOS="1076"
                          CONTENT="atet"/>
                  <SP HEIGHT="46" WIDTH="16" VPOS="2252" HPOS="1205"/>
                  <String HEIGHT="46"
                          WIDTH="113"
                          VPOS="2252"
                          HPOS="1157"
                          CONTENT="per"/>
                  <SP HEIGHT="46" WIDTH="16" VPOS="2252" HPOS="1270"/>
                  <String HEIGHT="46"
                          WIDTH="113"
                          VPOS="2252"
                          HPOS="1221"
                          CONTENT="se:"/>
                  <SP HEIGHT="46" WIDTH="16" VPOS="2252" HPOS="1334"/>
                  <String HEIGHT="46"
                          WIDTH="178"
                          VPOS="2252"
                          HPOS="1286"
                          CONTENT="minorem"/>
                  <SP HEIGHT="46" WIDTH="16" VPOS="2252" HPOS="1464"/>
                  <String HEIGHT="46"
                          WIDTH="162"
                          VPOS="2252"
                          HPOS="1415"
                          CONTENT="probo."/>
                  <SP HEIGHT="46" WIDTH="16" VPOS="2252" HPOS="1577"/>
                  <String HEIGHT="46"
                          WIDTH="129"
                          VPOS="2252"
                          HPOS="1528"
                          CONTENT="quia"/>
                  <SP HEIGHT="46" WIDTH="16" VPOS="2252" HPOS="1657"/>
                  <String HEIGHT="46"
                          WIDTH="129"
                          VPOS="2252"
                          HPOS="1609"
                          CONTENT="idem"/>
                  <SP HEIGHT="46" WIDTH="16" VPOS="2252" HPOS="1738"/>
                  <String HEIGHT="46"
                          WIDTH="129"
                          VPOS="2252"
                          HPOS="1690"
                          CONTENT="homo"/>
                  <SP HEIGHT="46" WIDTH="16" VPOS="2252" HPOS="1819"/>
                  <String HEIGHT="46"
                          WIDTH="129"
                          VPOS="2252"
                          HPOS="1771"
                          CONTENT="heri"/>
                  <SP HEIGHT="46" WIDTH="16" VPOS="2252" HPOS="1900"/>
                  <String HEIGHT="46"
                          WIDTH="81"
                          VPOS="2252"
                          HPOS="1835"
                          CONTENT="in"
                          SUBS_TYPE="HypPart1"
                          SUBS_CONTENT="intelligens"/>
                  <HYP CONTENT="-"/>
               </TextLine>
               <TextLine ID="r3l59"
                         BASELINE="2340"
                         HEIGHT="48"
                         WIDTH="843"
                         VPOS="2292"
                         HPOS="1077">
                  <String HEIGHT="48"
                          WIDTH="196"
                          VPOS="2292"
                          HPOS="1062"
                          CONTENT="telligens"
                          SUBS_TYPE="HypPart2"
                          SUBS_CONTENT="intelligens"/>
                  <SP HEIGHT="48" WIDTH="15" VPOS="2292" HPOS="1258"/>
                  <String HEIGHT="48"
                          WIDTH="151"
                          VPOS="2292"
                          HPOS="1212"
                          CONTENT="vinum,"/>
                  <SP HEIGHT="48" WIDTH="15" VPOS="2292" HPOS="1363"/>
                  <String HEIGHT="48" WIDTH="75" VPOS="2292" HPOS="1318" CONTENT="&amp;"/>
                  <SP HEIGHT="48" WIDTH="15" VPOS="2292" HPOS="1393"/>
                  <String HEIGHT="48"
                          WIDTH="151"
                          VPOS="2292"
                          HPOS="1348"
                          CONTENT="volens"/>
                  <SP HEIGHT="48" WIDTH="15" VPOS="2292" HPOS="1499"/>
                  <String HEIGHT="48"
                          WIDTH="151"
                          VPOS="2292"
                          HPOS="1453"
                          CONTENT="vinum,"/>
                  <SP HEIGHT="48" WIDTH="15" VPOS="2292" HPOS="1604"/>
                  <String HEIGHT="48"
                          WIDTH="135"
                          VPOS="2292"
                          HPOS="1559"
                          CONTENT="hodie"/>
                  <SP HEIGHT="48" WIDTH="15" VPOS="2292" HPOS="1694"/>
                  <String HEIGHT="48"
                          WIDTH="211"
                          VPOS="2292"
                          HPOS="1649"
                          CONTENT="intelligit"/>
                  <SP HEIGHT="48" WIDTH="15" VPOS="2292" HPOS="1860"/>
                  <String HEIGHT="48"
                          WIDTH="120"
                          VPOS="2292"
                          HPOS="1800"
                          CONTENT="vinum,"/>
               </TextLine>
               <TextLine ID="r3l60"
                         BASELINE="2375"
                         HEIGHT="53"
                         WIDTH="830"
                         VPOS="2322"
                         HPOS="1083">
                  <String HEIGHT="53"
                          WIDTH="100"
                          VPOS="2322"
                          HPOS="1069"
                          CONTENT="non"/>
                  <SP HEIGHT="53" WIDTH="14" VPOS="2322" HPOS="1169"/>
                  <String HEIGHT="53"
                          WIDTH="114"
                          VPOS="2322"
                          HPOS="1126"
                          CONTENT="uult"/>
                  <SP HEIGHT="53" WIDTH="14" VPOS="2322" HPOS="1240"/>
                  <String HEIGHT="53"
                          WIDTH="143"
                          VPOS="2322"
                          HPOS="1197"
                          CONTENT="vinum,"/>
                  <SP HEIGHT="53" WIDTH="14" VPOS="2322" HPOS="1341"/>
                  <String HEIGHT="53" WIDTH="86" VPOS="2322" HPOS="1298" CONTENT="eo"/>
                  <SP HEIGHT="53" WIDTH="14" VPOS="2322" HPOS="1384"/>
                  <String HEIGHT="53"
                          WIDTH="114"
                          VPOS="2322"
                          HPOS="1341"
                          CONTENT="quod"/>
                  <SP HEIGHT="53" WIDTH="14" VPOS="2322" HPOS="1455"/>
                  <String HEIGHT="53"
                          WIDTH="143"
                          VPOS="2322"
                          HPOS="1412"
                          CONTENT="aliqua"/>
                  <SP HEIGHT="53" WIDTH="14" VPOS="2322" HPOS="1555"/>
                  <String HEIGHT="53"
                          WIDTH="172"
                          VPOS="2322"
                          HPOS="1512"
                          CONTENT="condicio"/>
                  <SP HEIGHT="53" WIDTH="14" VPOS="2322" HPOS="1684"/>
                  <String HEIGHT="53"
                          WIDTH="186"
                          VPOS="2322"
                          HPOS="1641"
                          CONTENT="bonitatis"/>
                  <SP HEIGHT="53" WIDTH="14" VPOS="2322" HPOS="1827"/>
                  <String HEIGHT="53" WIDTH="86" VPOS="2322" HPOS="1784" CONTENT="ex"/>
                  <SP HEIGHT="53" WIDTH="14" VPOS="2322" HPOS="1870"/>
                  <String HEIGHT="53"
                          WIDTH="100"
                          VPOS="2322"
                          HPOS="1813"
                          CONTENT="parte"/>
               </TextLine>
               <TextLine ID="r3l61"
                         BASELINE="2416"
                         HEIGHT="57"
                         WIDTH="841"
                         VPOS="2359"
                         HPOS="1084">
                  <String HEIGHT="57"
                          WIDTH="118"
                          VPOS="2359"
                          HPOS="1069"
                          CONTENT="uini"/>
                  <SP HEIGHT="57" WIDTH="15" VPOS="2359" HPOS="1187"/>
                  <String HEIGHT="57"
                          WIDTH="103"
                          VPOS="2359"
                          HPOS="1143"
                          CONTENT="sit"/>
                  <SP HEIGHT="57" WIDTH="15" VPOS="2359" HPOS="1246"/>
                  <String HEIGHT="57"
                          WIDTH="162"
                          VPOS="2359"
                          HPOS="1202"
                          CONTENT="mutata,"/>
                  <SP HEIGHT="57" WIDTH="15" VPOS="2359" HPOS="1364"/>
                  <String HEIGHT="57"
                          WIDTH="118"
                          VPOS="2359"
                          HPOS="1320"
                          CONTENT="ergo"/>
                  <SP HEIGHT="57" WIDTH="15" VPOS="2359" HPOS="1438"/>
                  <String HEIGHT="57"
                          WIDTH="133"
                          VPOS="2359"
                          HPOS="1394"
                          CONTENT="ratio"/>
                  <SP HEIGHT="57" WIDTH="15" VPOS="2359" HPOS="1527"/>
                  <String HEIGHT="57"
                          WIDTH="266"
                          VPOS="2359"
                          HPOS="1482"
                          CONTENT="intelligibilis"/>
                  <SP HEIGHT="57" WIDTH="15" VPOS="2359" HPOS="1748"/>
                  <String HEIGHT="57"
                          WIDTH="133"
                          VPOS="2359"
                          HPOS="1704"
                          CONTENT="manet"/>
                  <SP HEIGHT="57" WIDTH="15" VPOS="2359" HPOS="1836"/>
                  <String HEIGHT="57"
                          WIDTH="118"
                          VPOS="2359"
                          HPOS="1792"
                          CONTENT="actu"/>
                  <SP HEIGHT="57" WIDTH="15" VPOS="2359" HPOS="1910"/>
                  <String HEIGHT="57"
                          WIDTH="74"
                          VPOS="2359"
                          HPOS="1851"
                          CONTENT="mo"
                          SUBS_TYPE="HypPart1"
                          SUBS_CONTENT="mouens;"/>
                  <HYP CONTENT="-"/>
               </TextLine>
               <TextLine ID="r3l62"
                         BASELINE="2449"
                         HEIGHT="42"
                         WIDTH="715"
                         VPOS="2407"
                         HPOS="1080">
                  <String HEIGHT="42"
                          WIDTH="143"
                          VPOS="2407"
                          HPOS="1064"
                          CONTENT="uens;"
                          SUBS_TYPE="HypPart2"
                          SUBS_CONTENT="mouens;"/>
                  <SP HEIGHT="42" WIDTH="16" VPOS="2407" HPOS="1207"/>
                  <String HEIGHT="42" WIDTH="79" VPOS="2407" HPOS="1159" CONTENT="&amp;"/>
                  <SP HEIGHT="42" WIDTH="16" VPOS="2407" HPOS="1239"/>
                  <String HEIGHT="42"
                          WIDTH="143"
                          VPOS="2407"
                          HPOS="1191"
                          CONTENT="ratio"/>
                  <SP HEIGHT="42" WIDTH="16" VPOS="2407" HPOS="1334"/>
                  <String HEIGHT="42"
                          WIDTH="207"
                          VPOS="2407"
                          HPOS="1287"
                          CONTENT="uolibilis"/>
                  <SP HEIGHT="42" WIDTH="16" VPOS="2407" HPOS="1493"/>
                  <String HEIGHT="42"
                          WIDTH="111"
                          VPOS="2407"
                          HPOS="1445"
                          CONTENT="non"/>
                  <SP HEIGHT="42" WIDTH="16" VPOS="2407" HPOS="1557"/>
                  <String HEIGHT="42"
                          WIDTH="143"
                          VPOS="2407"
                          HPOS="1509"
                          CONTENT="manet"/>
                  <SP HEIGHT="42" WIDTH="16" VPOS="2407" HPOS="1652"/>
                  <String HEIGHT="42"
                          WIDTH="127"
                          VPOS="2407"
                          HPOS="1604"
                          CONTENT="actu"/>
                  <SP HEIGHT="42" WIDTH="16" VPOS="2407" HPOS="1731"/>
                  <String HEIGHT="42"
                          WIDTH="127"
                          VPOS="2407"
                          HPOS="1668"
                          CONTENT="mouens"/>
               </TextLine>
               <TextLine ID="r3l64"
                         BASELINE="2489"
                         HEIGHT="49"
                         WIDTH="815"
                         VPOS="2440"
                         HPOS="1098">
                  <String HEIGHT="49" WIDTH="80" VPOS="2440" HPOS="1082" CONTENT="2"/>
                  <SP HEIGHT="49" WIDTH="16" VPOS="2440" HPOS="1162"/>
                  <String HEIGHT="49"
                          WIDTH="224"
                          VPOS="2440"
                          HPOS="1114"
                          CONTENT="Praeterea,"/>
                  <SP HEIGHT="49" WIDTH="16" VPOS="2440" HPOS="1338"/>
                  <String HEIGHT="49"
                          WIDTH="128"
                          VPOS="2440"
                          HPOS="1290"
                          CONTENT="Deus"/>
                  <SP HEIGHT="49" WIDTH="16" VPOS="2440" HPOS="1418"/>
                  <String HEIGHT="49"
                          WIDTH="144"
                          VPOS="2440"
                          HPOS="1370"
                          CONTENT="hodie"/>
                  <SP HEIGHT="49" WIDTH="16" VPOS="2440" HPOS="1513"/>
                  <String HEIGHT="49"
                          WIDTH="224"
                          VPOS="2440"
                          HPOS="1466"
                          CONTENT="intelligit"/>
                  <SP HEIGHT="49" WIDTH="16" VPOS="2440" HPOS="1689"/>
                  <String HEIGHT="49"
                          WIDTH="112"
                          VPOS="2440"
                          HPOS="1641"
                          CONTENT="huc"/>
                  <SP HEIGHT="49" WIDTH="16" VPOS="2440" HPOS="1753"/>
                  <String HEIGHT="49"
                          WIDTH="192"
                          VPOS="2440"
                          HPOS="1705"
                          CONTENT="hominem,"/>
                  <SP HEIGHT="49" WIDTH="16" VPOS="2440" HPOS="1897"/>
                  <String HEIGHT="49"
                          WIDTH="80"
                          VPOS="2440"
                          HPOS="1833"
                          CONTENT="pu"
                          SUBS_TYPE="HypPart1"
                          SUBS_CONTENT="puta"/>
                  <HYP CONTENT="-"/>
               </TextLine>
               <TextLine ID="r3l65"
                         BASELINE="2535"
                         HEIGHT="49"
                         WIDTH="838"
                         VPOS="2486"
                         HPOS="1075">
                  <String HEIGHT="49"
                          WIDTH="101"
                          VPOS="2486"
                          HPOS="1058"
                          CONTENT="ta"
                          SUBS_TYPE="HypPart2"
                          SUBS_CONTENT="puta"/>
                  <SP HEIGHT="49" WIDTH="17" VPOS="2486" HPOS="1159"/>
                  <String HEIGHT="49"
                          WIDTH="184"
                          VPOS="2486"
                          HPOS="1109"
                          CONTENT="Sortem:"/>
                  <SP HEIGHT="49" WIDTH="17" VPOS="2486" HPOS="1293"/>
                  <String HEIGHT="49"
                          WIDTH="134"
                          VPOS="2486"
                          HPOS="1243"
                          CONTENT="quem"/>
                  <SP HEIGHT="49" WIDTH="17" VPOS="2486" HPOS="1377"/>
                  <String HEIGHT="49"
                          WIDTH="151"
                          VPOS="2486"
                          HPOS="1326"
                          CONTENT="etiam"/>
                  <SP HEIGHT="49" WIDTH="17" VPOS="2486" HPOS="1477"/>
                  <String HEIGHT="49"
                          WIDTH="134"
                          VPOS="2486"
                          HPOS="1427"
                          CONTENT="heri"/>
                  <SP HEIGHT="49" WIDTH="17" VPOS="2486" HPOS="1561"/>
                  <String HEIGHT="49"
                          WIDTH="251"
                          VPOS="2486"
                          HPOS="1511"
                          CONTENT="intellexit;"/>
                  <SP HEIGHT="49" WIDTH="17" VPOS="2486" HPOS="1762"/>
                  <String HEIGHT="49" WIDTH="84" VPOS="2486" HPOS="1712" CONTENT="&amp;"/>
                  <SP HEIGHT="49" WIDTH="17" VPOS="2486" HPOS="1796"/>
                  <String HEIGHT="49"
                          WIDTH="151"
                          VPOS="2486"
                          HPOS="1745"
                          CONTENT="tamen"/>
                  <SP HEIGHT="49" WIDTH="17" VPOS="2486" HPOS="1896"/>
                  <String HEIGHT="49"
                          WIDTH="84"
                          VPOS="2486"
                          HPOS="1829"
                          CONTENT="non"/>
               </TextLine>
               <TextLine ID="r3l66"
                         BASELINE="2569"
                         HEIGHT="48"
                         WIDTH="838"
                         VPOS="2521"
                         HPOS="1077">
                  <String HEIGHT="48"
                          WIDTH="131"
                          VPOS="2521"
                          HPOS="1061"
                          CONTENT="amat"/>
                  <SP HEIGHT="48" WIDTH="16" VPOS="2521" HPOS="1192"/>
                  <String HEIGHT="48"
                          WIDTH="115"
                          VPOS="2521"
                          HPOS="1143"
                          CONTENT="eum"/>
                  <SP HEIGHT="48" WIDTH="16" VPOS="2521" HPOS="1258"/>
                  <String HEIGHT="48"
                          WIDTH="164"
                          VPOS="2521"
                          HPOS="1208"
                          CONTENT="hodie,"/>
                  <SP HEIGHT="48" WIDTH="16" VPOS="2521" HPOS="1373"/>
                  <String HEIGHT="48"
                          WIDTH="181"
                          VPOS="2521"
                          HPOS="1323"
                          CONTENT="quamuis"/>
                  <SP HEIGHT="48" WIDTH="16" VPOS="2521" HPOS="1504"/>
                  <String HEIGHT="48"
                          WIDTH="115"
                          VPOS="2521"
                          HPOS="1455"
                          CONTENT="eum"/>
                  <SP HEIGHT="48" WIDTH="16" VPOS="2521" HPOS="1570"/>
                  <String HEIGHT="48"
                          WIDTH="131"
                          VPOS="2521"
                          HPOS="1521"
                          CONTENT="heri"/>
                  <SP HEIGHT="48" WIDTH="16" VPOS="2521" HPOS="1652"/>
                  <String HEIGHT="48"
                          WIDTH="214"
                          VPOS="2521"
                          HPOS="1603"
                          CONTENT="amauerit:"/>
                  <SP HEIGHT="48" WIDTH="16" VPOS="2521" HPOS="1816"/>
                  <String HEIGHT="48"
                          WIDTH="131"
                          VPOS="2521"
                          HPOS="1767"
                          CONTENT="ergo"/>
                  <SP HEIGHT="48" WIDTH="16" VPOS="2521" HPOS="1899"/>
                  <String HEIGHT="48"
                          WIDTH="82"
                          VPOS="2521"
                          HPOS="1833"
                          CONTENT="ra"
                          SUBS_TYPE="HypPart1"
                          SUBS_CONTENT="ratio"/>
                  <HYP CONTENT="-"/>
               </TextLine>
               <TextLine ID="r3l67"
                         BASELINE="2614"
                         HEIGHT="55"
                         WIDTH="837"
                         VPOS="2559"
                         HPOS="1085">
                  <String HEIGHT="55"
                          WIDTH="95"
                          VPOS="2559"
                          HPOS="1072"
                          CONTENT="tio"
                          SUBS_TYPE="HypPart2"
                          SUBS_CONTENT="ratio"/>
                  <SP HEIGHT="55" WIDTH="14" VPOS="2559" HPOS="1166"/>
                  <String HEIGHT="55"
                          WIDTH="176"
                          VPOS="2559"
                          HPOS="1126"
                          CONTENT="amabilis,"/>
                  <SP HEIGHT="55" WIDTH="14" VPOS="2559" HPOS="1301"/>
                  <String HEIGHT="55"
                          WIDTH="108"
                          VPOS="2559"
                          HPOS="1261"
                          CONTENT="siue"/>
                  <SP HEIGHT="55" WIDTH="14" VPOS="2559" HPOS="1369"/>
                  <String HEIGHT="55"
                          WIDTH="108"
                          VPOS="2559"
                          HPOS="1328"
                          CONTENT="uoli"/>
                  <SP HEIGHT="55" WIDTH="14" VPOS="2559" HPOS="1436"/>
                  <String HEIGHT="55"
                          WIDTH="122"
                          VPOS="2559"
                          HPOS="1396"
                          CONTENT="bilis"/>
                  <SP HEIGHT="55" WIDTH="14" VPOS="2559" HPOS="1517"/>
                  <String HEIGHT="55"
                          WIDTH="95"
                          VPOS="2559"
                          HPOS="1477"
                          CONTENT="non"/>
                  <SP HEIGHT="55" WIDTH="14" VPOS="2559" HPOS="1571"/>
                  <String HEIGHT="55"
                          WIDTH="95"
                          VPOS="2559"
                          HPOS="1531"
                          CONTENT="est"/>
                  <SP HEIGHT="55" WIDTH="14" VPOS="2559" HPOS="1625"/>
                  <String HEIGHT="55"
                          WIDTH="122"
                          VPOS="2559"
                          HPOS="1585"
                          CONTENT="ratio"/>
                  <SP HEIGHT="55" WIDTH="14" VPOS="2559" HPOS="1706"/>
                  <String HEIGHT="55"
                          WIDTH="257"
                          VPOS="2559"
                          HPOS="1666"
                          CONTENT="intelligibilis."/>
                  <SP HEIGHT="55" WIDTH="14" VPOS="2559" HPOS="1922"/>
                  <String HEIGHT="55" WIDTH="54" VPOS="2559" HPOS="1868" CONTENT="An"/>
               </TextLine>
               <TextLine ID="r3l68"
                         BASELINE="2643"
                         HEIGHT="44"
                         WIDTH="853"
                         VPOS="2599"
                         HPOS="1070">
                  <String HEIGHT="44"
                          WIDTH="190"
                          VPOS="2599"
                          HPOS="1054"
                          CONTENT="tecedens"/>
                  <SP HEIGHT="44" WIDTH="16" VPOS="2599" HPOS="1244"/>
                  <String HEIGHT="44"
                          WIDTH="158"
                          VPOS="2599"
                          HPOS="1196"
                          CONTENT="patet:"/>
                  <SP HEIGHT="44" WIDTH="16" VPOS="2599" HPOS="1354"/>
                  <String HEIGHT="44"
                          WIDTH="126"
                          VPOS="2599"
                          HPOS="1307"
                          CONTENT="quia"/>
                  <SP HEIGHT="44" WIDTH="16" VPOS="2599" HPOS="1433"/>
                  <String HEIGHT="44"
                          WIDTH="190"
                          VPOS="2599"
                          HPOS="1386"
                          CONTENT="cessante"/>
                  <SP HEIGHT="44" WIDTH="16" VPOS="2599" HPOS="1575"/>
                  <String HEIGHT="44"
                          WIDTH="142"
                          VPOS="2599"
                          HPOS="1528"
                          CONTENT="hodie"/>
                  <SP HEIGHT="44" WIDTH="16" VPOS="2599" HPOS="1670"/>
                  <String HEIGHT="44" WIDTH="95" VPOS="2599" HPOS="1623" CONTENT="in"/>
                  <SP HEIGHT="44" WIDTH="16" VPOS="2599" HPOS="1718"/>
                  <String HEIGHT="44"
                          WIDTH="142"
                          VPOS="2599"
                          HPOS="1670"
                          CONTENT="Sorte"/>
                  <SP HEIGHT="44" WIDTH="16" VPOS="2599" HPOS="1812"/>
                  <String HEIGHT="44"
                          WIDTH="126"
                          VPOS="2599"
                          HPOS="1765"
                          CONTENT="bono"/>
                  <SP HEIGHT="44" WIDTH="16" VPOS="2599" HPOS="1891"/>
                  <String HEIGHT="44"
                          WIDTH="95"
                          VPOS="2599"
                          HPOS="1828"
                          CONTENT="mora"/>
               </TextLine>
               <TextLine ID="r3l69"
                         BASELINE="2687"
                         HEIGHT="54"
                         WIDTH="846"
                         VPOS="2633"
                         HPOS="1074">
                  <String HEIGHT="54"
                          WIDTH="99"
                          VPOS="2633"
                          HPOS="1060"
                          CONTENT="li,"/>
                  <SP HEIGHT="54" WIDTH="14" VPOS="2633" HPOS="1159"/>
                  <String HEIGHT="54"
                          WIDTH="113"
                          VPOS="2633"
                          HPOS="1116"
                          CONTENT="quod"/>
                  <SP HEIGHT="54" WIDTH="14" VPOS="2633" HPOS="1229"/>
                  <String HEIGHT="54"
                          WIDTH="113"
                          VPOS="2633"
                          HPOS="1187"
                          CONTENT="heri"/>
                  <SP HEIGHT="54" WIDTH="14" VPOS="2633" HPOS="1300"/>
                  <String HEIGHT="54"
                          WIDTH="113"
                          VPOS="2633"
                          HPOS="1257"
                          CONTENT="illi"/>
                  <SP HEIGHT="54" WIDTH="14" VPOS="2633" HPOS="1370"/>
                  <String HEIGHT="54"
                          WIDTH="155"
                          VPOS="2633"
                          HPOS="1328"
                          CONTENT="infuit,"/>
                  <SP HEIGHT="54" WIDTH="14" VPOS="2633" HPOS="1483"/>
                  <String HEIGHT="54"
                          WIDTH="113"
                          VPOS="2633"
                          HPOS="1441"
                          CONTENT="Deus"/>
                  <SP HEIGHT="54" WIDTH="14" VPOS="2633" HPOS="1553"/>
                  <String HEIGHT="54"
                          WIDTH="99"
                          VPOS="2633"
                          HPOS="1511"
                          CONTENT="non"/>
                  <SP HEIGHT="54" WIDTH="14" VPOS="2633" HPOS="1610"/>
                  <String HEIGHT="54"
                          WIDTH="113"
                          VPOS="2633"
                          HPOS="1568"
                          CONTENT="amat"/>
                  <SP HEIGHT="54" WIDTH="14" VPOS="2633" HPOS="1680"/>
                  <String HEIGHT="54"
                          WIDTH="127"
                          VPOS="2633"
                          HPOS="1638"
                          CONTENT="hodie"/>
                  <SP HEIGHT="54" WIDTH="14" VPOS="2633" HPOS="1765"/>
                  <String HEIGHT="54"
                          WIDTH="113"
                          VPOS="2633"
                          HPOS="1723"
                          CONTENT="eum,"/>
                  <SP HEIGHT="54" WIDTH="14" VPOS="2633" HPOS="1835"/>
                  <String HEIGHT="54"
                          WIDTH="99"
                          VPOS="2633"
                          HPOS="1793"
                          CONTENT="que"/>
                  <SP HEIGHT="54" WIDTH="14" VPOS="2633" HPOS="1892"/>
                  <String HEIGHT="54"
                          WIDTH="85"
                          VPOS="2633"
                          HPOS="1835"
                          CONTENT="heri"/>
               </TextLine>
               <TextLine ID="r3l70"
                         BASELINE="2726"
                         HEIGHT="42"
                         WIDTH="842"
                         VPOS="2684"
                         HPOS="1075">
                  <String HEIGHT="42"
                          WIDTH="182"
                          VPOS="2684"
                          HPOS="1058"
                          CONTENT="amauit:"/>
                  <SP HEIGHT="42" WIDTH="17" VPOS="2684" HPOS="1240"/>
                  <String HEIGHT="42"
                          WIDTH="281"
                          VPOS="2684"
                          HPOS="1191"
                          CONTENT="consequentiam"/>
                  <SP HEIGHT="42" WIDTH="17" VPOS="2684" HPOS="1471"/>
                  <String HEIGHT="42"
                          WIDTH="165"
                          VPOS="2684"
                          HPOS="1422"
                          CONTENT="probo:"/>
                  <SP HEIGHT="42" WIDTH="17" VPOS="2684" HPOS="1587"/>
                  <String HEIGHT="42"
                          WIDTH="132"
                          VPOS="2684"
                          HPOS="1537"
                          CONTENT="quia"/>
                  <SP HEIGHT="42" WIDTH="17" VPOS="2684" HPOS="1669"/>
                  <String HEIGHT="42"
                          WIDTH="116"
                          VPOS="2684"
                          HPOS="1620"
                          CONTENT="cum"/>
                  <SP HEIGHT="42" WIDTH="17" VPOS="2684" HPOS="1735"/>
                  <String HEIGHT="42" WIDTH="99" VPOS="2684" HPOS="1686" CONTENT="in"/>
                  <SP HEIGHT="42" WIDTH="17" VPOS="2684" HPOS="1785"/>
                  <String HEIGHT="42"
                          WIDTH="116"
                          VPOS="2684"
                          HPOS="1735"
                          CONTENT="Deo"/>
                  <SP HEIGHT="42" WIDTH="17" VPOS="2684" HPOS="1851"/>
                  <String HEIGHT="42" WIDTH="99" VPOS="2684" HPOS="1801" CONTENT="ab"/>
                  <SP HEIGHT="42" WIDTH="17" VPOS="2684" HPOS="1900"/>
                  <String HEIGHT="42"
                          WIDTH="83"
                          VPOS="2684"
                          HPOS="1834"
                          CONTENT="in"
                          SUBS_TYPE="HypPart1"
                          SUBS_CONTENT="inra"/>
                  <HYP CONTENT="-"/>
               </TextLine>
               <TextLine ID="r3l71"
                         BASELINE="2769"
                         HEIGHT="48"
                         WIDTH="832"
                         VPOS="2721"
                         HPOS="1090">
                  <String HEIGHT="48"
                          WIDTH="94"
                          VPOS="2721"
                          HPOS="1074"
                          CONTENT="ra"
                          SUBS_TYPE="HypPart2"
                          SUBS_CONTENT="inra"/>
                  <SP HEIGHT="48" WIDTH="16" VPOS="2721" HPOS="1168"/>
                  <String HEIGHT="48"
                          WIDTH="141"
                          VPOS="2721"
                          HPOS="1121"
                          CONTENT="nulla"/>
                  <SP HEIGHT="48" WIDTH="16" VPOS="2721" HPOS="1263"/>
                  <String HEIGHT="48"
                          WIDTH="141"
                          VPOS="2721"
                          HPOS="1216"
                          CONTENT="cadat"/>
                  <SP HEIGHT="48" WIDTH="16" VPOS="2721" HPOS="1357"/>
                  <String HEIGHT="48"
                          WIDTH="188"
                          VPOS="2721"
                          HPOS="1310"
                          CONTENT="mutatio;"/>
                  <SP HEIGHT="48" WIDTH="16" VPOS="2721" HPOS="1498"/>
                  <String HEIGHT="48"
                          WIDTH="126"
                          VPOS="2721"
                          HPOS="1451"
                          CONTENT="ergo"/>
                  <SP HEIGHT="48" WIDTH="16" VPOS="2721" HPOS="1577"/>
                  <String HEIGHT="48"
                          WIDTH="188"
                          VPOS="2721"
                          HPOS="1530"
                          CONTENT="oportet,"/>
                  <SP HEIGHT="48" WIDTH="16" VPOS="2721" HPOS="1718"/>
                  <String HEIGHT="48"
                          WIDTH="126"
                          VPOS="2721"
                          HPOS="1671"
                          CONTENT="quod"/>
                  <SP HEIGHT="48" WIDTH="16" VPOS="2721" HPOS="1796"/>
                  <String HEIGHT="48"
                          WIDTH="188"
                          VPOS="2721"
                          HPOS="1734"
                          CONTENT="uolitionis"/>
               </TextLine>
               <TextLine ID="r3l72"
                         BASELINE="2802"
                         HEIGHT="44"
                         WIDTH="839"
                         VPOS="2758"
                         HPOS="1083">
                  <String HEIGHT="44"
                          WIDTH="202"
                          VPOS="2758"
                          HPOS="1067"
                          CONTENT="cessatio,"/>
                  <SP HEIGHT="44" WIDTH="16" VPOS="2758" HPOS="1269"/>
                  <String HEIGHT="44" WIDTH="78" VPOS="2758" HPOS="1223" CONTENT="&amp;"/>
                  <SP HEIGHT="44" WIDTH="16" VPOS="2758" HPOS="1301"/>
                  <String HEIGHT="44"
                          WIDTH="280"
                          VPOS="2758"
                          HPOS="1254"
                          CONTENT="intellectionis"/>
                  <SP HEIGHT="44" WIDTH="16" VPOS="2758" HPOS="1534"/>
                  <String HEIGHT="44"
                          WIDTH="249"
                          VPOS="2758"
                          HPOS="1487"
                          CONTENT="continuatio,"/>
                  <SP HEIGHT="44" WIDTH="16" VPOS="2758" HPOS="1736"/>
                  <String HEIGHT="44"
                          WIDTH="202"
                          VPOS="2758"
                          HPOS="1689"
                          CONTENT="solummodo"/>
                  <SP HEIGHT="44" WIDTH="16" VPOS="2758" HPOS="1891"/>
                  <String HEIGHT="44"
                          WIDTH="93"
                          VPOS="2758"
                          HPOS="1829"
                          CONTENT="con"
                          SUBS_TYPE="HypPart1"
                          SUBS_CONTENT="contingat"/>
                  <HYP CONTENT="-"/>
               </TextLine>
               <TextLine ID="r3l73"
                         BASELINE="2840"
                         HEIGHT="51"
                         WIDTH="843"
                         VPOS="2789"
                         HPOS="1077">
                  <String HEIGHT="51"
                          WIDTH="156"
                          VPOS="2789"
                          HPOS="1061"
                          CONTENT="tingat"
                          SUBS_TYPE="HypPart2"
                          SUBS_CONTENT="contingat"/>
                  <SP HEIGHT="51" WIDTH="16" VPOS="2789" HPOS="1218"/>
                  <String HEIGHT="51" WIDTH="94" VPOS="2789" HPOS="1171" CONTENT="ex"/>
                  <SP HEIGHT="51" WIDTH="16" VPOS="2789" HPOS="1264"/>
                  <String HEIGHT="51"
                          WIDTH="234"
                          VPOS="2789"
                          HPOS="1217"
                          CONTENT="diuersitate"/>
                  <SP HEIGHT="51" WIDTH="16" VPOS="2789" HPOS="1452"/>
                  <String HEIGHT="51"
                          WIDTH="187"
                          VPOS="2789"
                          HPOS="1405"
                          CONTENT="rationum"/>
                  <SP HEIGHT="51" WIDTH="16" VPOS="2789" HPOS="1592"/>
                  <String HEIGHT="51"
                          WIDTH="250"
                          VPOS="2789"
                          HPOS="1545"
                          CONTENT="obiectalium:"/>
                  <SP HEIGHT="51" WIDTH="16" VPOS="2789" HPOS="1795"/>
                  <String HEIGHT="51"
                          WIDTH="156"
                          VPOS="2789"
                          HPOS="1748"
                          CONTENT="quarum"/>
                  <SP HEIGHT="51" WIDTH="16" VPOS="2789" HPOS="1904"/>
                  <String HEIGHT="51"
                          WIDTH="78"
                          VPOS="2789"
                          HPOS="1842"
                          CONTENT="vna"/>
               </TextLine>
               <TextLine ID="r3l74"
                         BASELINE="2882"
                         HEIGHT="51"
                         WIDTH="838"
                         VPOS="2831"
                         HPOS="1081">
                  <String HEIGHT="51"
                          WIDTH="173"
                          VPOS="2831"
                          HPOS="1067"
                          CONTENT="scilicet"/>
                  <SP HEIGHT="51" WIDTH="14" VPOS="2831" HPOS="1240"/>
                  <String HEIGHT="51"
                          WIDTH="159"
                          VPOS="2831"
                          HPOS="1197"
                          CONTENT="ratione"/>
                  <SP HEIGHT="51" WIDTH="14" VPOS="2831" HPOS="1356"/>
                  <String HEIGHT="51"
                          WIDTH="188"
                          VPOS="2831"
                          HPOS="1312"
                          CONTENT="uolibilis"/>
                  <SP HEIGHT="51" WIDTH="14" VPOS="2831" HPOS="1500"/>
                  <String HEIGHT="51"
                          WIDTH="188"
                          VPOS="2831"
                          HPOS="1457"
                          CONTENT="cessante,"/>
                  <SP HEIGHT="51" WIDTH="14" VPOS="2831" HPOS="1644"/>
                  <String HEIGHT="51"
                          WIDTH="144"
                          VPOS="2831"
                          HPOS="1601"
                          CONTENT="cessat"/>
                  <SP HEIGHT="51" WIDTH="14" VPOS="2831" HPOS="1746"/>
                  <String HEIGHT="51"
                          WIDTH="101"
                          VPOS="2831"
                          HPOS="1702"
                          CONTENT="quo"/>
                  <SP HEIGHT="51" WIDTH="14" VPOS="2831" HPOS="1803"/>
                  <String HEIGHT="51" WIDTH="87" VPOS="2831" HPOS="1760" CONTENT="ad"/>
                  <SP HEIGHT="51" WIDTH="14" VPOS="2831" HPOS="1847"/>
                  <String HEIGHT="51"
                          WIDTH="101"
                          VPOS="2831"
                          HPOS="1803"
                          CONTENT="hoc"/>
                  <SP HEIGHT="51" WIDTH="14" VPOS="2831" HPOS="1905"/>
                  <String HEIGHT="51"
                          WIDTH="72"
                          VPOS="2831"
                          HPOS="1847"
                          CONTENT="Dei"/>
               </TextLine>
               <TextLine ID="r3l75"
                         BASELINE="2920"
                         HEIGHT="46"
                         WIDTH="837"
                         VPOS="2874"
                         HPOS="1078">
                  <String HEIGHT="46"
                          WIDTH="173"
                          VPOS="2874"
                          HPOS="1064"
                          CONTENT="uolitio;"/>
                  <SP HEIGHT="46" WIDTH="14" VPOS="2874" HPOS="1237"/>
                  <String HEIGHT="46"
                          WIDTH="144"
                          VPOS="2874"
                          HPOS="1193"
                          CONTENT="altera"/>
                  <SP HEIGHT="46" WIDTH="14" VPOS="2874" HPOS="1338"/>
                  <String HEIGHT="46"
                          WIDTH="115"
                          VPOS="2874"
                          HPOS="1294"
                          CONTENT="uero"/>
                  <SP HEIGHT="46" WIDTH="14" VPOS="2874" HPOS="1410"/>
                  <String HEIGHT="46"
                          WIDTH="173"
                          VPOS="2874"
                          HPOS="1367"
                          CONTENT="scilicet"/>
                  <SP HEIGHT="46" WIDTH="14" VPOS="2874" HPOS="1540"/>
                  <String HEIGHT="46"
                          WIDTH="159"
                          VPOS="2874"
                          HPOS="1497"
                          CONTENT="ratione"/>
                  <SP HEIGHT="46" WIDTH="14" VPOS="2874" HPOS="1655"/>
                  <String HEIGHT="46"
                          WIDTH="245"
                          VPOS="2874"
                          HPOS="1612"
                          CONTENT="cognoscibilis"/>
                  <SP HEIGHT="46" WIDTH="14" VPOS="2874" HPOS="1857"/>
                  <String HEIGHT="46"
                          WIDTH="115"
                          VPOS="2874"
                          HPOS="1800"
                          CONTENT="perma"
                          SUBS_TYPE="HypPart1"
                          SUBS_CONTENT="permanente,"/>
                  <HYP CONTENT="-"/>
               </TextLine>
               <TextLine ID="r3l76"
                         BASELINE="2963"
                         HEIGHT="48"
                         WIDTH="774"
                         VPOS="2915"
                         HPOS="1083">
                  <String HEIGHT="48"
                          WIDTH="158"
                          VPOS="2915"
                          HPOS="1067"
                          CONTENT="nente,"
                          SUBS_TYPE="HypPart2"
                          SUBS_CONTENT="permanente,"/>
                  <SP HEIGHT="48" WIDTH="16" VPOS="2915" HPOS="1225"/>
                  <String HEIGHT="48"
                          WIDTH="174"
                          VPOS="2915"
                          HPOS="1178"
                          CONTENT="dicitur"/>
                  <SP HEIGHT="48" WIDTH="16" VPOS="2915" HPOS="1352"/>
                  <String HEIGHT="48"
                          WIDTH="111"
                          VPOS="2915"
                          HPOS="1304"
                          CONTENT="quo"/>
                  <SP HEIGHT="48" WIDTH="16" VPOS="2915" HPOS="1415"/>
                  <String HEIGHT="48" WIDTH="95" VPOS="2915" HPOS="1367" CONTENT="ad"/>
                  <SP HEIGHT="48" WIDTH="16" VPOS="2915" HPOS="1462"/>
                  <String HEIGHT="48"
                          WIDTH="111"
                          VPOS="2915"
                          HPOS="1415"
                          CONTENT="hoc"/>
                  <SP HEIGHT="48" WIDTH="16" VPOS="2915" HPOS="1525"/>
                  <String HEIGHT="48"
                          WIDTH="111"
                          VPOS="2915"
                          HPOS="1478"
                          CONTENT="Dei"/>
                  <SP HEIGHT="48" WIDTH="16" VPOS="2915" HPOS="1588"/>
                  <String HEIGHT="48"
                          WIDTH="190"
                          VPOS="2915"
                          HPOS="1541"
                          CONTENT="cognitio"/>
                  <SP HEIGHT="48" WIDTH="16" VPOS="2915" HPOS="1731"/>
                  <String HEIGHT="48"
                          WIDTH="190"
                          VPOS="2915"
                          HPOS="1667"
                          CONTENT="permanere."/>
               </TextLine>
               <TextLine ID="r3l78"
                         BASELINE="3002"
                         HEIGHT="45"
                         WIDTH="824"
                         VPOS="2957"
                         HPOS="1098">
                  <String HEIGHT="45" WIDTH="78" VPOS="2957" HPOS="1082" CONTENT="3"/>
                  <SP HEIGHT="45" WIDTH="16" VPOS="2957" HPOS="1160"/>
                  <String HEIGHT="45"
                          WIDTH="218"
                          VPOS="2957"
                          HPOS="1114"
                          CONTENT="Praeterea,"/>
                  <SP HEIGHT="45" WIDTH="16" VPOS="2957" HPOS="1331"/>
                  <String HEIGHT="45" WIDTH="93" VPOS="2957" HPOS="1285" CONTENT="si"/>
                  <SP HEIGHT="45" WIDTH="16" VPOS="2957" HPOS="1378"/>
                  <String HEIGHT="45"
                          WIDTH="124"
                          VPOS="2957"
                          HPOS="1331"
                          CONTENT="idem"/>
                  <SP HEIGHT="45" WIDTH="16" VPOS="2957" HPOS="1456"/>
                  <String HEIGHT="45"
                          WIDTH="109"
                          VPOS="2957"
                          HPOS="1409"
                          CONTENT="sub"/>
                  <SP HEIGHT="45" WIDTH="16" VPOS="2957" HPOS="1518"/>
                  <String HEIGHT="45"
                          WIDTH="140"
                          VPOS="2957"
                          HPOS="1471"
                          CONTENT="eadem"/>
                  <SP HEIGHT="45" WIDTH="16" VPOS="2957" HPOS="1611"/>
                  <String HEIGHT="45"
                          WIDTH="171"
                          VPOS="2957"
                          HPOS="1564"
                          CONTENT="ratione"/>
                  <SP HEIGHT="45" WIDTH="16" VPOS="2957" HPOS="1735"/>
                  <String HEIGHT="45"
                          WIDTH="140"
                          VPOS="2957"
                          HPOS="1689"
                          CONTENT="esset"/>
                  <SP HEIGHT="45" WIDTH="16" VPOS="2957" HPOS="1829"/>
                  <String HEIGHT="45"
                          WIDTH="155"
                          VPOS="2957"
                          HPOS="1767"
                          CONTENT="obiectum"/>
               </TextLine>
               <TextLine ID="r3l79"
                         BASELINE="3034"
                         HEIGHT="45"
                         WIDTH="835"
                         VPOS="2989"
                         HPOS="1083">
                  <String HEIGHT="45"
                          WIDTH="216"
                          VPOS="2989"
                          HPOS="1069"
                          CONTENT="intellectus"/>
                  <SP HEIGHT="45" WIDTH="14" VPOS="2989" HPOS="1285"/>
                  <String HEIGHT="45" WIDTH="72" VPOS="2989" HPOS="1241" CONTENT="&amp;"/>
                  <SP HEIGHT="45" WIDTH="14" VPOS="2989" HPOS="1313"/>
                  <String HEIGHT="45"
                          WIDTH="216"
                          VPOS="2989"
                          HPOS="1270"
                          CONTENT="uoluntatis,"/>
                  <SP HEIGHT="45" WIDTH="14" VPOS="2989" HPOS="1486"/>
                  <String HEIGHT="45"
                          WIDTH="115"
                          VPOS="2989"
                          HPOS="1443"
                          CONTENT="tunc"/>
                  <SP HEIGHT="45" WIDTH="14" VPOS="2989" HPOS="1558"/>
                  <String HEIGHT="45"
                          WIDTH="130"
                          VPOS="2989"
                          HPOS="1515"
                          CONTENT="actus"/>
                  <SP HEIGHT="45" WIDTH="14" VPOS="2989" HPOS="1644"/>
                  <String HEIGHT="45"
                          WIDTH="245"
                          VPOS="2989"
                          HPOS="1601"
                          CONTENT="intelligendi,"/>
                  <SP HEIGHT="45" WIDTH="14" VPOS="2989" HPOS="1846"/>
                  <String HEIGHT="45" WIDTH="72" VPOS="2989" HPOS="1803" CONTENT="&amp;"/>
                  <SP HEIGHT="45" WIDTH="14" VPOS="2989" HPOS="1875"/>
                  <String HEIGHT="45"
                          WIDTH="101"
                          VPOS="2989"
                          HPOS="1817"
                          CONTENT="actus"/>
               </TextLine>
               <TextLine ID="r3l80"
                         BASELINE="3079"
                         HEIGHT="47"
                         WIDTH="840"
                         VPOS="3032"
                         HPOS="1083">
                  <String HEIGHT="47"
                          WIDTH="162"
                          VPOS="3032"
                          HPOS="1068"
                          CONTENT="uolendi"/>
                  <SP HEIGHT="47" WIDTH="15" VPOS="3032" HPOS="1230"/>
                  <String HEIGHT="47"
                          WIDTH="147"
                          VPOS="3032"
                          HPOS="1186"
                          CONTENT="essent"/>
                  <SP HEIGHT="47" WIDTH="15" VPOS="3032" HPOS="1334"/>
                  <String HEIGHT="47"
                          WIDTH="162"
                          VPOS="3032"
                          HPOS="1289"
                          CONTENT="eiusdem"/>
                  <SP HEIGHT="47" WIDTH="15" VPOS="3032" HPOS="1451"/>
                  <String HEIGHT="47"
                          WIDTH="192"
                          VPOS="3032"
                          HPOS="1407"
                          CONTENT="rationis,"/>
                  <SP HEIGHT="47" WIDTH="15" VPOS="3032" HPOS="1599"/>
                  <String HEIGHT="47" WIDTH="74" VPOS="3032" HPOS="1555" CONTENT="&amp;"/>
                  <SP HEIGHT="47" WIDTH="15" VPOS="3032" HPOS="1628"/>
                  <String HEIGHT="47"
                          WIDTH="147"
                          VPOS="3032"
                          HPOS="1584"
                          CONTENT="specie"/>
                  <SP HEIGHT="47" WIDTH="15" VPOS="3032" HPOS="1731"/>
                  <String HEIGHT="47"
                          WIDTH="103"
                          VPOS="3032"
                          HPOS="1687"
                          CONTENT="non"/>
                  <SP HEIGHT="47" WIDTH="15" VPOS="3032" HPOS="1790"/>
                  <String HEIGHT="47"
                          WIDTH="192"
                          VPOS="3032"
                          HPOS="1731"
                          CONTENT="differrent,"/>
               </TextLine>
               <TextLine ID="r3l81"
                         BASELINE="3115"
                         HEIGHT="45"
                         WIDTH="844"
                         VPOS="3070"
                         HPOS="1080">
                  <String HEIGHT="45"
                          WIDTH="215"
                          VPOS="3070"
                          HPOS="1065"
                          CONTENT="consequens"/>
                  <SP HEIGHT="45" WIDTH="15" VPOS="3070" HPOS="1279"/>
                  <String HEIGHT="45"
                          WIDTH="107"
                          VPOS="3070"
                          HPOS="1233"
                          CONTENT="est"/>
                  <SP HEIGHT="45" WIDTH="15" VPOS="3070" HPOS="1341"/>
                  <String HEIGHT="45"
                          WIDTH="169"
                          VPOS="3070"
                          HPOS="1295"
                          CONTENT="falsum;"/>
                  <SP HEIGHT="45" WIDTH="15" VPOS="3070" HPOS="1464"/>
                  <String HEIGHT="45"
                          WIDTH="123"
                          VPOS="3070"
                          HPOS="1418"
                          CONTENT="ergo"/>
                  <SP HEIGHT="45" WIDTH="15" VPOS="3070" HPOS="1540"/>
                  <String HEIGHT="45" WIDTH="77" VPOS="3070" HPOS="1494" CONTENT="&amp;"/>
                  <SP HEIGHT="45" WIDTH="15" VPOS="3070" HPOS="1571"/>
                  <String HEIGHT="45"
                          WIDTH="230"
                          VPOS="3070"
                          HPOS="1525"
                          CONTENT="antecedens;"/>
                  <SP HEIGHT="45" WIDTH="15" VPOS="3070" HPOS="1755"/>
                  <String HEIGHT="45"
                          WIDTH="230"
                          VPOS="3070"
                          HPOS="1694"
                          CONTENT="consequentiam"/>
               </TextLine>
               <TextLine ID="r3l82"
                         BASELINE="3169"
                         HEIGHT="56"
                         WIDTH="858"
                         VPOS="3113"
                         HPOS="1079">
                  <String HEIGHT="56"
                          WIDTH="153"
                          VPOS="3113"
                          HPOS="1064"
                          CONTENT="probo:"/>
                  <SP HEIGHT="56" WIDTH="15" VPOS="3113" HPOS="1217"/>
                  <String HEIGHT="56"
                          WIDTH="123"
                          VPOS="3113"
                          HPOS="1171"
                          CONTENT="quia"/>
                  <SP HEIGHT="56" WIDTH="15" VPOS="3113" HPOS="1294"/>
                  <String HEIGHT="56" WIDTH="92" VPOS="3113" HPOS="1248" CONTENT="ut"/>
                  <SP HEIGHT="56" WIDTH="15" VPOS="3113" HPOS="1339"/>
                  <String HEIGHT="56"
                          WIDTH="138"
                          VPOS="3113"
                          HPOS="1294"
                          CONTENT="patet"/>
                  <SP HEIGHT="56" WIDTH="15" VPOS="3113" HPOS="1431"/>
                  <String HEIGHT="56" WIDTH="92" VPOS="3113" HPOS="1385" CONTENT="2."/>
                  <SP HEIGHT="56" WIDTH="15" VPOS="3113" HPOS="1477"/>
                  <String HEIGHT="56" WIDTH="92" VPOS="3113" HPOS="1431" CONTENT="de"/>
                  <SP HEIGHT="56" WIDTH="15" VPOS="3113" HPOS="1523"/>
                  <String HEIGHT="56"
                          WIDTH="138"
                          VPOS="3113"
                          HPOS="1477"
                          CONTENT="anima"/>
                  <SP HEIGHT="56" WIDTH="15" VPOS="3113" HPOS="1615"/>
                  <String HEIGHT="56"
                          WIDTH="153"
                          VPOS="3113"
                          HPOS="1569"
                          CONTENT="actus,"/>
                  <SP HEIGHT="56" WIDTH="15" VPOS="3113" HPOS="1722"/>
                  <String HEIGHT="56"
                          WIDTH="245"
                          VPOS="3113"
                          HPOS="1677"
                          CONTENT="distinguitur"/>
                  <SP HEIGHT="56" WIDTH="15" VPOS="3113" HPOS="1922"/>
                  <String HEIGHT="56"
                          WIDTH="77"
                          VPOS="3113"
                          HPOS="1860"
                          CONTENT="per"/>
               </TextLine>
            </TextBlock>
         </PrintSpace>
      </Page>
   </Layout>
</alto>
