2319 3533
434 214 76 70 2
464 214 212 70 Praeterea,
631 214 182 70 secundum
767 214 136 70 istum
858 214 182 70 doctore,
994 214 136 70 visio
1085 214 197 70 intuitiua
1221 214 76 70 est

419 278 92 52 rei
471 278 183 52 existentis
615 278 79 52 vt
655 278 157 52 existens
773 278 105 52 est,
838 278 66 52 &
865 278 183 52 praesentis
1009 278 79 52 vt
1048 278 157 52 praesens
1166 278 105 52 est,
1231 278 92 52 sed

405 320 184 45 notitia
539 320 217 45 beatifica
706 320 200 45 secundum
856 320 167 45 eundem
973 320 200 45 doctorem
1123 320 117 45 est
1173 320 117 45 noti-

415 360 99 46 tia
471 360 197 46 intuitiua;
626 360 99 46 cum
682 360 113 46 ergo
753 360 141 46 diuina
851 360 169 46 essentia
978 360 99 46 non
1035 360 99 46 sit
1077 360 211 46 praesentiali-

411 396 97 51 ter
467 396 181 51 existens,
606 396 111 51 nisi
676 396 84 51 vt
717 396 97 51 est
773 396 84 51 in
815 396 139 51 tribus
912 396 209 51 suppositis,
1079 396 111 51 ideo
1149 396 84 51 ex
1177 396 111 51 dictis

409 430 149 47 istius
513 430 179 47 doctoris
647 430 238 47 conuincitur,
841 430 119 47 quod
916 430 164 47 beatus,
1035 430 104 47 nec
1094 430 134 47 beata
1169 430 119 47 visio-

414 472 106 53 ne,
475 472 106 53 nec
535 472 106 53 per
596 472 213 53 consequens
764 472 213 53 fruitione,
931 472 167 53 poterit
1053 472 198 53 attingere
1190 472 106 53 essen

409 519 126 48 tiam
488 519 189 48 diuinam,
630 519 142 48 ipsam
725 519 79 48 a
756 519 189 48 personis
883 519 252 48 praescindendo.

411 555 78 47 3
443 555 217 47 Praeterea,
613 555 140 47 nihil
706 555 155 47 potest
815 555 186 47 cognosci
955 555 217 47 intuitiue,
1125 555 124 47 nisi
1187 555 109 47 omnia

410 593 88 41 in
454 593 88 41 eo
498 593 191 41 contenta,
645 593 147 41 maxime
748 593 117 41 quae
821 593 117 41 sint
894 593 176 41 realiter
1026 593 191 41 distincta
1158 593 132 41 distin-

407 633 105 43 cte
467 633 255 43 cognoscantur:
677 633 105 43 sed
737 633 90 43 in
782 633 150 43 diuina
886 633 180 43 essentia
1021 633 120 43 sunt
1096 633 120 43 tres
1156 633 135 43 persona

416 674 98 47 les
472 674 224 47 proprietates
654 674 168 47 realiter
767 674 182 47 distinctae.

433 709 77 52 4
463 709 215 52 Praeterea,
632 709 230 52 impossibile
816 709 123 52 est,
893 709 199 52 essentiam
1046 709 169 52 diuinam
1154 709 138 52 beatifi

410 752 90 47 ce
455 752 166 47 concipi
576 752 120 47 sine
651 752 105 47 eo,
711 752 120 47 quod
786 752 105 47 per
846 752 105 47 se,
907 752 75 47 &
937 752 105 47 non
997 752 105 47 per
1057 752 181 47 accidens
1178 752 105 47 facit

408 789 93 47 ad
455 789 248 47 beatitudinem
657 789 217 47 obiectiue:
827 789 109 47 sed
889 789 186 47 personae
1029 789 171 47 diuinae
1153 789 124 47 sunt
1215 789 62 47 hu

401 830 197 43 iusmodi:
548 830 131 43 ergo
630 830 115 43 &c.
696 830 148 43 Maior
795 830 164 43 patet:
909 830 181 43 minorem
1041 830 164 43 probo:
1156 830 131 43 quia
1221 830 66 43 si

416 873 187 49 personae
556 873 171 49 diuinae
681 873 109 49 per
743 873 187 49 accidens
883 873 187 49 facerent
1023 873 93 49 ad
1054 873 233 49 beatitudinem,

416 907 100 46 tuc
473 907 100 46 non
530 907 128 46 magis
615 907 199 46 beatificum
771 907 128 46 esset
857 907 142 46 videre
956 907 171 46 personas
1084 907 156 46 diuinas
1198 907 85 46 in
1226 907 57 46 di

419 946 109 44 uina
488 946 177 44 essentia,
624 946 109 44 quam
692 946 123 44 ipsas
774 946 177 44 creaturas
910 946 191 44 relucentes
1060 946 82 44 in
1101 946 177 44 essentia,
1223 946 55 44 qu

408 984 113 50 est
472 984 209 50 absurdum,
633 984 80 50 &
665 984 161 50 contra
778 984 129 50 Aug.
859 984 97 50 1.
907 984 97 50 de
955 984 145 50 Doct.
1052 984 225 50 Christiana
1213 984 64 50 vb

410 1027 114 41 ait.
481 1027 114 41 Res,
552 1027 142 41 quibus
652 1027 171 41 fruendum
780 1027 114 41 est,
851 1027 114 41 sunt
922 1027 142 41 pater,
1022 1027 71 41 &
1050 1027 157 41 filius,
1164 1027 71 41 &
1178 1027 114 41 spiri-

410 1067 102 54 tus
469 1067 176 54 sanctus,
601 1067 176 54 trinitas
732 1067 117 54 vnus
791 1067 102 54 Deus.

442 1095 78 63 3
474 1095 140 63 Item,
567 1095 218 63 quaecunque
738 1095 171 63 persona
862 1095 109 63 per
924 1095 93 63 se
971 1095 109 63 non
1033 1095 171 63 spectat
1158 1095 93 63 ad
1189 1095 93 63 obit

410 1140 118 50 ctum
484 1140 191 50 fruibile,
631 1140 118 50 illa
705 1140 177 50 adoranda
837 1140 103 50 non
896 1140 103 50 est
955 1140 206 50 adoratione
1116 1140 177 50 latriae,
1234 1140 59 50 vt

417 1190 149 49 patebit
526 1190 81 49 in
567 1190 81 49 3.
607 1190 95 49 li.
661 1190 108 49 ergo
729 1190 81 49 si
770 1190 108 49 tres
838 1190 149 49 diuinae
946 1190 163 49 personae
1068 1190 95 49 non
1122 1190 95 49 per
1177 1190 81 49 se
1204 1190 81 49 face

414 1226 129 47 rent
494 1226 97 47 ad
543 1226 274 47 beatitudinem,
768 1226 113 47 non
833 1226 209 47 deberemus
994 1226 177 47 sanctam
1107 1226 177 47 trinitate

414 1265 166 49 adorare
535 1265 212 49 adoratione
701 1265 181 49 latriae,
837 1265 121 49 quod
912 1265 136 49 nimis
1003 1265 136 49 esset
1079 1265 196 49 poriculosun

413 1305 169 41 tenere,
535 1305 77 41 &
566 1305 107 41 per
627 1305 215 41 consequens
796 1305 215 41 periculosa
964 1305 123 41 esse
1041 1305 184 41 videntur
1179 1305 92 41 ex
1209 1305 77 41 qui

416 1341 110 52 bus
479 1341 126 52 ista
542 1341 189 52 sequuntur.

442 1372 209 63 Soluendo
598 1372 139 63 ergo
685 1372 209 63 rationes
825 1372 139 63 eorum.

449 1412 94 58 De
496 1412 157 58 primis
606 1412 157 58 duabus
716 1412 110 58 non
779 1412 141 58 euro:
873 1412 126 58 quia
952 1412 110 58 non
1015 1412 141 58 video
1109 1412 94 58 ex
1156 1412 110 58 hoc
1203 1412 79 58 se-

416 1460 104 49 qui
476 1460 164 49 aliquod
595 1460 254 49 inconueniens,
804 1460 89 49 si
849 1460 179 49 ponatur,
983 1460 119 49 quod
1057 1460 149 49 viator
1147 1460 134 49 obscurs

414 1503 226 46 cognoscens
592 1503 178 46 diuinam
721 1503 210 46 essentiam
883 1503 97 46 ex
931 1503 226 46 fantasmate
1109 1503 146 46 rerum
1190 1503 97 46 crea

427 1550 147 42 tarum,
530 1550 118 42 quae
604 1550 103 42 est
663 1550 177 42 cognitio
795 1550 236 42 abstractiua,
987 1550 74 42 &
1016 1550 221 42 imperfecta,
1193 1550 133 42 etiam

417 1580 117 44 ipsa
490 1580 161 44 fruatur
607 1580 190 44 fruitione
754 1580 219 44 imperfecta:
929 1580 102 44 qui
988 1580 132 44 tamen
1075 1580 102 44 hoc
1134 1580 146 44 nollet
1222 1580 58 44 ti

414 1623 122 48 nere
490 1623 138 48 habet
582 1623 153 48 negare
689 1623 168 48 minorem
812 1623 153 48 primae
919 1623 199 48 rationis,
1072 1623 184 48 dicendo,
1194 1623 92 48 quod

410 1658 148 49 licet
508 1658 246 49 determinate
705 1658 115 49 non
770 1658 279 49 cognosceretur
1000 1658 148 49 illud
1082 1658 197 49 suppositun

417 1699 119 41 esse
492 1699 209 41 relatiuum,
655 1699 134 41 tamen
745 1699 134 41 sicut
834 1699 164 41 obscure
953 1699 223 41 cognosceret
1117 1699 164 41 essentiam

417 1738 108 53 sic
478 1738 186 53 obscure,
618 1738 77 53 &
649 1738 263 53 indeterminate
865 1738 232 53 cognosceret
1051 1738 217 53 suppositum
1206 1738 77 53 il-

412 1776 130 44 lius
493 1776 227 44 essentiae.
671 1776 97 44 Et
719 1776 146 44 eodem
817 1776 130 44 modo
897 1776 194 44 dicendum
1043 1776 113 44 est
1108 1776 97 44 ad
1140 1776 146 44 minorem

408 1816 151 39 illius
514 1816 181 39 secundae
650 1816 197 39 rationis:
801 1816 121 39 quia
877 1816 136 39 sicut
967 1816 181 39 naturali
1104 1816 166 39 ratione
1209 1816 76 39 ob-

415 1856 136 53 scure
506 1856 227 53 cognosceret
688 1856 167 53 diuinam
809 1856 212 53 essentiam,
976 1856 106 53 sic
1036 1856 182 53 obscure,
1173 1856 76 53 &
1188 1856 91 53 indi

418 1893 218 43 terminate
586 1893 251 43 cognosceret
787 1893 184 43 diuinam
921 1893 218 43 personam:
1088 1893 167 43 nullus
1189 1893 100 43 enim

406 1935 122 42 ita
475 1935 174 42 demens
597 1935 139 42 est,
684 1935 122 42 qui
753 1935 156 42 istud
858 1935 174 42 summum
979 1935 174 42 bonum,
1101 1935 139 42 quod
1170 1935 122 42 omniu

416 1973 179 53 bonorum
546 1973 195 53 optimum,
692 1973 211 53 concipiat
854 1973 114 53 per
919 1973 146 53 modum
1017 1973 244 53 accidentis:
1212 1973 114 53 sed

416 2014 142 39 magis
511 2014 111 39 per
574 2014 142 39 modum
669 2014 111 39 per
732 2014 95 39 se
780 2014 237 39 existentis,
969 2014 111 39 qui
1032 2014 205 39 conceptus
1174 2014 111 39 imme-

412 2053 143 42 diate
507 2053 190 42 implicat
650 2053 206 42 conceptum
809 2053 222 42 suppositi,
983 2053 175 42 quamuis
1110 2053 111 42 non
1158 2053 127 42 deter-

419 2094 154 47 minati,
531 2094 112 47 puta
601 2094 182 47 absoluti,
740 2094 98 47 vel
782 2094 140 47 relatiui

455 2127 90 43 Ad
500 2127 165 43 tertium
620 2127 195 43 dicendum,
770 2127 120 43 quod
845 2127 135 43 maior
935 2127 105 43 non
995 2127 105 43 est
1055 2127 120 43 vera
1115 2127 165 43 vniuersa-

418 2168 137 53 liter
509 2168 197 53 loquendo,
661 2168 91 53 eo
706 2168 137 53 modo,
797 2168 106 53 quo
858 2168 121 53 ipsi
934 2168 91 53 ea
979 2168 197 53 assumunt:
1131 2168 121 53 quia
1192 2168 91 53 Deus

417 2211 101 46 non
474 2211 145 46 posset
576 2211 159 46 facere,
692 2211 116 46 quod
764 2211 174 46 cognitio
895 2211 101 46 sua
953 2211 232 46 terminaretur
1141 2211 87 46 ad
1170 2211 116 46 essen-

410 2253 127 52 tiam
490 2253 143 52 suam:
585 2253 111 52 ita
649 2253 127 52 quod
729 2253 111 52 non
792 2253 239 52 cognosceret
983 2253 223 52 creaturas,
1143 2253 143 52 quamuis

416 2286 201 50 creaturae
570 2286 124 50 sint
648 2286 124 50 suae
725 2286 232 50 cognitionis
911 2286 186 50 obiectum
1051 2286 248 50 secundarium,
1237 2286 46 50 &

416 2327 193 46 essentia
560 2327 112 46 sua
625 2327 225 46 primarium.
801 2327 145 46 Etiam
898 2327 145 46 minor
994 2327 112 46 non
1058 2327 112 46 est
1122 2327 145 46 vera:
1203 2327 80 46 nam

418 2369 175 45 obiectum
550 2369 190 45 primarium
696 2369 161 45 differt
813 2369 175 45 realiter
944 2369 73 45 a
973 2369 204 45 secudario:
1134 2369 117 45 quia
1192 2369 88 45 ordo

423 2407 147 53 realis
526 2407 177 53 requirit
659 2407 162 53 extrema
777 2407 177 53 realiter
910 2407 206 53 distincta:
1072 2407 103 53 sed
1131 2407 133 53 inter
1205 2407 88 53 obie

420 2446 128 50 ctum
500 2446 225 50 primarium,
677 2446 80 50 &
709 2446 241 50 secundarium
901 2446 112 50 est
965 2446 128 50 ordo
1045 2446 176 50 realis,
1158 2446 128 50 maxime

413 2485 163 45 quando
527 2485 131 45 ambo
609 2485 196 45 ponuntur
756 2485 131 45 esse
837 2485 245 45 actualiter,
1033 2485 82 45 &
1066 2485 114 45 non
1131 2485 147 45 solum
1213 2485 65 45 po

411 2519 200 56 sibiliter:
568 2519 100 56 non
625 2519 114 56 enim
696 2519 143 56 potest
796 2519 129 56 fieri
882 2519 100 56 per
939 2519 129 56 actum
1025 2519 186 56 rationis:
1168 2519 114 56 quia
1225 2519 57 56 or

414 2563 90 49 do
459 2563 211 49 obiectorum
625 2563 196 49 potentiae
776 2563 256 49 intellectiuae
987 2563 226 49 naturaliter
1152 2563 121 49 praece

409 2601 101 49 dit
466 2601 130 49 actum
553 2601 202 49 potentiae,
711 2601 101 49 cum
769 2601 130 49 actus
856 2601 130 49 talis
942 2601 202 49 innascatur
1101 2601 87 49 ex
1130 2601 144 49 obiectis

402 2640 93 55 Si
449 2640 124 55 ergo
527 2640 186 55 essentia
666 2640 155 55 diuina
775 2640 140 55 esset
868 2640 186 55 obiectum
1007 2640 217 55 primarium,
1178 2640 78 55 &
1193 2640 78 55 per

410 2676 137 48 sonae
501 2676 152 48 essent
608 2676 183 48 obiectum
744 2676 243 48 secundarium,
942 2676 122 48 tunc
1018 2676 183 48 realiter
1140 2676 137 48 differ-

406 2724 110 47 ret
469 2724 188 47 essentia
610 2724 78 47 a
641 2724 204 47 personis;
798 2724 78 47 &
829 2724 110 47 sic
892 2724 204 47 haberemus
1049 2724 266 47 quaternitatem

413 2764 156 44 realem
523 2764 94 44 in
569 2764 187 44 diuinis,
710 2764 125 44 quae
788 2764 109 44 est
850 2764 172 44 damnata
975 2764 140 44 extra
1068 2764 94 44 de
1115 2764 140 44 Summa
1193 2764 78 44 Tri

411 2798 169 45 nitate,
534 2798 77 45 &
565 2798 123 45 fide
641 2798 200 45 catholica
795 2798 92 45 c.
826 2798 154 45 damnamus

439 2834 101 60 Ad
490 2834 186 60 quartum
625 2834 219 60 dicendum,
794 2834 135 60 quod
878 2834 152 60 maior
979 2834 101 60 ad
1030 2834 203 60 praesens
1165 2834 118 60 propo

419 2867 130 62 situm
505 2867 130 62 nihil
591 2867 144 62 valet,
692 2867 115 62 quia
764 2867 144 62 quando
865 2867 144 62 aliqua
965 2867 273 62 conceptibiliter
1181 2867 101 62 diffe

412 2922 131 46 runt,
500 2922 117 46 quae
573 2922 131 46 tamen
660 2922 117 46 sunt
733 2922 117 46 idem
806 2922 175 46 realiter
938 2922 160 46 omnino,
1054 2922 102 46 tam
1113 2922 131 46 actu;
1185 2922 88 46 quam

419 2957 198 52 potentia,
571 2957 122 52 tunc
647 2957 168 52 quamuis
769 2957 244 52 abstractiue,
967 2957 76 52 &
998 2957 168 52 obscure
1120 2957 122 52 vnum
1181 2957 91 52 pos-

409 2998 104 56 sit
469 2998 179 56 cognosci
603 2998 119 56 sine
677 2998 134 56 alio,
767 2998 104 56 non
826 2998 134 56 tamen
916 2998 209 56 intuitiue,
1079 2998 74 56 &
1109 2998 104 56 per
1154 2998 119 56 conse-

417 3032 136 54 quens
508 3032 106 54 nec
568 3032 212 54 beatifice:
734 3032 121 54 quia
810 3032 121 54 quae
885 3032 151 54 omnino
991 3032 121 54 sunt
1067 3032 121 54 idem
1127 3032 136 54 realite

409 3081 118 63 viso
483 3081 103 63 vno
542 3081 191 63 perfecte,
689 3081 74 63 &
718 3081 206 63 intuitiue,
880 3081 206 63 necessario
1041 3081 162 63 videtur
1159 3081 74 63 &
1174 3081 88 63 alte

1313 218 107 68 rum
1374 218 198 68 perfecte,
1526 218 76 68 &
1557 218 214 68 intuitiue.
1725 218 107 68 Cum
1786 218 122 68 ergo
1862 218 214 68 argumentum
2030 218 153 68 istius
2122 218 76 68 do-

1327 272 145 49 ctoris
1428 272 174 49 procedat
1558 272 87 49 de
1602 272 159 49 visione
1717 272 203 49 beatifica,
1877 272 116 49 quae
1949 272 101 49 non
2007 272 145 49 potest
2108 272 116 49 esse

1325 320 116 39 nisi
1397 320 174 39 perfecta
1527 320 72 39 &
1556 320 203 39 intuitiua;
1715 320 72 39 &
1744 320 145 39 diuina
1846 320 174 39 essentia
1976 320 101 39 sit
2034 320 145 39 omnino
2121 320 72 39 re:

1317 353 139 47 liter
1409 353 124 47 idem
1487 353 108 47 cum
1549 353 201 47 personis;
1703 353 124 47 ideo
1781 353 139 47 dato,
1874 353 124 47 quod
1951 353 201 47 differunt
2090 353 93 47 conc

1322 391 228 54 ptibiliter,
1504 391 137 54 adhuc
1595 391 137 54 tamen
1686 391 137 54 nulla
1777 391 182 54 potentia
1914 391 137 54 fieri
2005 391 167 54 posset,
2111 391 91 54 quod

1322 443 177 42 essentia
1455 443 192 42 beatifice
1602 443 192 42 videretur
1750 443 88 42 ab
1794 443 118 42 sque
1868 443 192 42 personis.
2015 443 133 42 Etiam
2089 443 103 42 minoi

1302 476 298 51 potest
1481 476 268 51 negari.

1347 482 102 78 Ad
1398 482 153 78 cuius
1500 482 255 78 intellectum
1704 482 119 78 est
1772 482 272 78 aduertendum,
1994 482 136 78 quod
2062 482 136 78 aliqua

1324 553 177 48 differre
1457 553 295 48 conceptibiliter,
1708 553 148 48 potest
1811 553 207 48 dupliciter
1974 553 207 48 intelligi.
2121 553 74 48 Vno

1319 600 142 42 modo,
1414 600 126 42 quod
1493 600 173 42 habeant
1619 600 205 42 perfectos
1776 600 205 42 conceptus
1934 600 236 42 distinctos,
2107 600 79 42 quo

1316 634 102 43 rum
1375 634 116 43 vnus
1447 634 174 43 perfecte
1578 634 145 43 possit
1680 634 145 43 inesse
1781 634 116 43 ipsi
1854 634 218 43 concipienti
2028 634 116 43 alio
2086 634 102 43 excli

1314 672 100 45 so,
1371 672 72 45 &
1400 672 100 45 sic
1457 672 143 45 diuina
1557 672 186 45 essentia;
1701 672 72 45 &
1729 672 186 45 personae,
1873 672 115 45 siue
1944 672 129 45 etiam
2016 672 172 45 proprieta-

1313 711 107 45 tes
1374 711 107 45 non
1435 711 198 45 differunt
1588 711 305 45 conceptibiliter:
1847 711 122 45 quia
1923 711 198 45 quicunque
2061 711 122 45 perfe-

1326 752 106 54 cte
1387 752 182 54 concipit
1523 752 167 54 diuinam
1645 752 198 54 essentiam
1797 752 182 54 perfecte
1934 752 182 54 concipit
2055 752 137 54 diuinas

1324 800 186 41 personas,
1467 800 100 41 cum
1524 800 115 41 suis
1596 800 258 41 proprietatibus
1811 800 201 41 relatiuis.
1968 800 115 41 Alio
2040 800 129 41 modo,
2111 800 72 41 po-

1317 834 97 48 pot
1373 834 181 48 intelligi
1512 834 139 48 aliqua
1609 834 167 48 differre
1734 834 264 48 conceptibiliter
1956 834 83 48 ex
1998 834 97 48 eo,
2053 834 111 48 quod
2109 834 83 48 quis

1316 871 209 46 obumbrata
1477 871 273 46 intelligentia
1701 871 112 46 hic
1766 871 96 46 in
1814 871 112 46 via
1878 871 225 46 incomplete
2038 871 161 46 concipit

1319 912 145 47 vnum,
1415 912 177 47 alterum
1544 912 113 47 non
1609 912 241 47 concipiens.
1802 912 97 47 Et
1850 912 113 47 sic
1914 912 193 47 concedo,
2059 912 129 47 quod
2124 912 64 47 ab

1315 948 185 43 solutum,
1453 948 77 43 &
1484 948 200 43 relatiuum
1638 948 200 43 differunt
1792 948 169 43 concept
1915 948 185 43 ibiliter
2053 948 139 43 etiam
2130 948 62 43 in

1327 983 183 45 diuinis:
1464 983 91 45 ex
1510 983 107 45 hoc
1570 983 137 45 autem
1662 983 107 45 non
1723 983 152 45 potest
1829 983 198 45 conciudi,
1982 983 122 45 quod
2043 983 152 45 beatifi-

1310 1029 101 40 ce
1361 1029 201 40 videatur
1511 1029 151 40 vnum,
1612 1029 168 40 altero
1729 1029 168 40 nondum
1847 1029 151 40 viso.

1357 1056 99 58 Et
1406 1056 115 58 per
1472 1056 115 58 hoc
1538 1056 148 58 patet
1637 1056 132 58 quid
1719 1056 115 58 sit
1785 1056 198 58 dicendum
1933 1056 99 58 ad
1983 1056 165 58 primam
2082 1056 115 58 proba

1313 1095 171 67 tionem
1416 1095 171 67 minoris.

1350 1120 105 79 Ad
1403 1120 263 79 probationem
1613 1120 210 79 secundam
1771 1120 228 79 dicendum,
1947 1120 140 79 quod
2034 1120 105 79 in
2069 1120 123 79 nullo

1320 1182 137 50 signo
1411 1182 229 50 prioritatis
1594 1182 214 50 intelligit
1762 1182 137 50 pater
1854 1182 198 50 essentiam
2006 1182 183 50 diuinam,
2128 1182 61 50 in

1331 1225 100 51 quo
1388 1225 100 51 non
1445 1225 200 51 intelligat
1602 1225 100 51 eam
1659 1225 157 51 filius:
1773 1225 114 51 quia
1844 1225 100 51 vel
1901 1225 171 51 loqueris
2029 1225 86 51 de
2058 1225 128 51 intell-

1315 1261 129 52 gere,
1401 1261 86 52 vt
1444 1261 100 52 est
1501 1261 129 52 actus
1587 1261 229 52 essentialis,
1773 1261 72 52 &
1802 1261 100 52 sic
1859 1261 100 52 est
1917 1261 158 52 commune
2031 1261 143 52 tribus
2117 1261 72 52 per

1307 1304 167 55 sonis.
1424 1304 150 55 lllud
1524 1304 134 55 enim
1608 1304 250 55 intelligere
1808 1304 184 55 numquam
1942 1304 134 55 fuit
2025 1304 100 55 in
2058 1304 134 55 patre,

1311 1340 122 48 quin
1387 1340 122 48 idem
1463 1340 228 48 intelligere
1646 1340 137 48 esset
1737 1340 91 48 in
1783 1340 152 48 filio;
1890 1340 76 48 &
1920 1340 259 48 spiritusancto
2118 1340 61 48 eo

1314 1390 108 44 dem
1375 1390 154 44 signo,
1483 1390 108 44 quo
1545 1390 123 44 fuit
1622 1390 93 44 in
1668 1390 154 44 patre.
1776 1390 108 44 Vel
1838 1390 185 44 loqueris
1977 1390 93 44 de
2008 1390 185 44 intellige-

1316 1423 90 46 re
1361 1423 211 46 notionali,
1527 1423 120 46 quod
1602 1423 151 46 quidem
1707 1423 241 46 intelligere,
1903 1423 105 46 cum
1963 1423 105 46 sit
2008 1423 181 46 relatiuum,

1315 1463 73 39 &
1345 1463 176 39 relatiua
1476 1463 132 39 simul
1564 1463 117 39 sint
1637 1463 161 39 natura,
1754 1463 73 39 &
1783 1463 176 39 naturali
1915 1463 263 39 intelligentia,
2120 1463 73 39 se-

1310 1498 164 54 quitur
1424 1498 147 54 idem,
1522 1498 131 54 quod
1604 1498 164 54 primo,
1719 1498 196 54 scilicet
1866 1498 131 54 quod
1948 1498 147 54 patet
2046 1498 98 54 in
2078 1498 115 54 nullo

1327 1542 118 53 igno
1401 1542 222 53 intellexit,
1579 1542 89 53 in
1623 1542 104 53 quo
1683 1542 148 53 filius
1786 1542 104 53 non
1845 1542 222 53 intellexit.
2023 1542 89 53 Et
2068 1542 104 53 cum
2112 1542 74 53 ad-

1314 1578 147 63 ditur,
1417 1578 118 63 quod
1491 1578 88 63 si
1535 1578 133 63 pater
1624 1578 88 63 in
1668 1578 118 63 illo
1741 1578 133 63 signo
1830 1578 162 63 prioris
1948 1578 103 63 non
1992 1578 206 63 intelligeret

1319 1619 214 53 essenttam,
1487 1619 122 53 tunc
1564 1619 168 53 aliquid
1686 1619 214 53 acquireret
1855 1619 92 53 ex
1900 1619 230 53 productione
2069 1619 107 53 filij

1317 1660 119 45 lsta
1392 1660 239 45 argumentatio
1586 1660 104 45 est
1645 1660 104 45 ita
1705 1660 149 45 contra
1809 1660 104 45 te,
1869 1660 134 45 sicut
1958 1660 149 45 contra
2048 1660 134 45 quoscur

1311 1699 95 51 que
1366 1699 135 51 alios,
1460 1699 108 51 quia
1528 1699 81 51 si
1568 1699 122 51 esset
1649 1699 108 51 tale
1717 1699 122 51 prius
1798 1699 81 51 in
1839 1699 162 51 diuinis,
1960 1699 95 51 vel
2014 1699 81 51 in
2055 1699 108 51 illo
2109 1699 81 51 prio

1315 1742 87 40 ri
1358 1742 130 40 pater
1445 1742 232 40 intelligeret
1633 1742 159 40 filium,
1749 1742 72 40 &
1778 1742 116 40 tunc
1850 1742 232 40 intelligeret
2024 1742 159 40 essentiam

1326 1777 163 52 diuinam
1445 1777 89 52 in
1490 1777 149 52 filio,
1594 1777 119 52 quod
1668 1777 104 52 tum
1727 1777 149 52 negas,
1831 1777 74 52 &
1861 1777 134 52 eodem
1950 1777 134 52 signo
2025 1777 163 52 priorita-

1321 1816 102 50 tis
1380 1816 146 50 filius
1482 1816 233 50 intelligeret
1671 1816 146 50 eandem
1773 1816 189 50 essentiam
1918 1816 87 50 in
1962 1816 102 50 se,
2020 1816 73 50 &
2049 1816 87 50 in
2079 1816 116 50 patre;

1324 1864 96 47 vel
1379 1864 83 47 in
1421 1864 110 47 illo
1490 1864 138 47 priori
1586 1864 124 47 pater
1669 1864 96 47 non
1724 1864 220 47 intelligeret
1903 1864 152 47 filium,
2013 1864 110 47 tunc
2082 1864 110 47 ipse
2137 1864 55 47 pa

1325 1901 100 51 ter
1382 1901 199 51 acquireret
1538 1901 157 51 aliquid
1652 1901 85 51 ex
1695 1901 128 51 filio
1780 1901 85 51 in
1823 1901 114 51 esse
1894 1901 185 51 producto:
2036 1901 114 51 quia
2093 1901 100 51 intel

1313 1935 180 41 ligeret
1444 1935 131 41 eum,
1525 1935 131 41 quem
1607 1935 147 41 primo
1705 1935 115 41 non
1771 1935 245 41 intellexit;
1967 1935 82 41 &
2000 1935 131 41 ideo
2065 1935 131 41 dicen-

1324 1976 108 45 dum
1385 1976 108 45 est
1447 1976 108 45 cum
1508 1976 215 45 Augustino;
1677 1976 77 45 &
1708 1976 200 45 Atanasio,
1861 1976 77 45 &
1892 1976 169 45 ceteris
2015 1976 169 45 sanctis
2123 1976 61 45 do

1318 2013 187 56 ctoribus,
1462 2013 115 56 quod
1534 2013 86 56 in
1577 2013 173 56 diuinis,
1707 2013 101 56 nec
1764 2013 101 56 est
1822 2013 130 56 prius
1908 2013 101 56 nec
1966 2013 202 56 posterius,
2110 2013 72 56 sec

1321 2053 123 46 totae
1403 2053 109 46 tres
1472 2053 164 46 personae
1595 2053 178 46 coeternae
1732 2053 109 46 sibi
1800 2053 123 46 sunt,
1882 2053 68 46 &
1909 2053 219 46 conaequales.
2087 2053 123 46 Prio

1316 2093 129 53 ritas
1402 2093 115 53 enim
1473 2093 129 53 orig:
1559 2093 100 53 nis
1616 2093 86 53 in
1659 2093 129 53 patre
1745 2093 100 53 non
1802 2093 129 53 dicit
1888 2093 157 53 aliquam
2003 2093 215 53 praecessio

1319 2132 116 55 nem;
1392 2132 102 55 nec
1450 2132 247 55 posterioritas
1654 2132 175 55 originis
1785 2132 87 55 in
1828 2132 131 55 filio
1916 2132 131 55 dicit
2003 2132 160 55 aliquam
2105 2132 87 55 suc-

1321 2173 244 43 cessionem:
1512 2173 122 43 sed
1582 2173 192 43 totalem
1721 2173 244 43 concernunt
1913 2173 261 43 simultatem.
2105 2173 87 43 Non

1321 2213 120 52 enim
1396 2213 210 52 attenditur
1562 2213 105 52 hic
1622 2213 195 52 prioritas
1772 2213 90 52 in
1817 2213 165 52 habendo
1937 2213 120 52 rem,
2013 2213 120 52 quae
2088 2213 105 52 est
2133 2213 60 52 di

1320 2255 122 46 uina
1396 2255 198 46 essentia:
1548 2255 107 46 sed
1609 2255 198 46 tantumodo
1761 2255 91 46 in
1807 2255 122 46 modo
1883 2255 152 46 habedi
1989 2255 122 46 eam:
2065 2255 122 46 quia
2126 2255 61 46 pa

1316 2292 98 43 ter
1372 2292 126 43 habet
1456 2292 140 43 omnia,
1554 2292 112 43 quae
1624 2292 140 43 habet,
1722 2292 70 43 a
1750 2292 98 43 se,
1806 2292 70 43 &
1834 2292 98 43 non
1890 2292 84 43 ab
1932 2292 154 43 altero.
2044 2292 140 43 Filius
2128 2292 56 43 au

1316 2332 112 46 tem
1380 2332 112 46 non
1444 2332 80 46 a
1476 2332 112 46 se,
1540 2332 112 46 sed
1604 2332 96 46 ab
1652 2332 176 46 altero.
1779 2332 176 46 Propter
1907 2332 128 46 quod
1987 2332 112 46 ait
2035 2332 144 46 Augusti

1313 2369 114 44 nus
1378 2369 162 44 contra
1491 2369 211 44 Maximinum
1654 2369 130 44 lib.
1735 2369 97 44 3.
1783 2369 114 44 Cum
1848 2369 178 44 dicitur
1978 2369 162 44 filius
2092 2369 81 44 a
2108 2369 81 44 pa-

1312 2409 102 46 tre
1371 2409 174 46 genitus,
1501 2409 203 46 ostenditur
1661 2409 131 46 ordo,
1748 2409 102 46 non
1806 2409 102 46 quo
1864 2409 131 46 alter
1951 2409 102 46 sit
2009 2409 131 46 prior
2081 2409 102 46 alte-

1316 2445 95 55 ro,
1371 2445 95 55 sed
1425 2445 95 55 quo
1480 2445 123 55 alter
1562 2445 95 55 sit
1616 2445 82 55 ex
1643 2445 123 55 altero.

1351 2458 105 78 Ad
1403 2458 192 78 tertiam
1542 2458 262 78 probationem
1752 2458 227 78 dicendum,
1926 2458 139 78 quod
1996 2458 174 78 loquendi

1320 2517 92 55 de
1366 2517 184 55 conceptu
1503 2517 230 55 cognitionis
1687 2517 230 55 intuitiuae,
1871 2517 122 55 tunc
1947 2517 214 55 antecedens
2100 2517 77 55 ess

1300 2567 184 43 falsum:
1434 2567 134 43 quia
1518 2567 201 43 secundum
1669 2567 151 43 istum
1769 2567 218 43 doctorem,
1937 2567 151 43 nulla
2020 2567 151 43 potenti

1314 2605 131 45 fieri
1402 2605 160 45 potest,
1518 2605 117 45 quod
1591 2605 146 45 natura
1693 2605 102 45 rei
1752 2605 204 45 intuitiuae
1912 2605 233 45 cognoscatur;
2087 2605 87 45 nisi

1322 2647 127 57 prout
1406 2647 197 57 actualiter
1561 2647 169 57 praesens
1688 2647 169 57 existit,
1815 2647 113 57 quod
1885 2647 113 57 sine
1956 2647 183 57 supposito
2097 2647 113 57 esse

1306 2682 121 52 non
1358 2682 138 52 potest

1331 2722 98 57 Si
1380 2722 148 57 autem
1478 2722 197 57 loquaris
1626 2722 98 57 in
1675 2722 246 57 antecedente
1872 2722 98 57 de
1921 2722 197 57 conceptu
2053 2722 131 57 cogni-

1314 2764 149 44 tionis
1418 2764 253 44 abstractiuae;
1627 2764 119 44 tunc
1701 2764 238 44 consequentia
1894 2764 104 44 est
1954 2764 149 44 falsa:
2058 2764 119 44 quia
2117 2764 60 44 vt

1308 2800 178 48 superius
1442 2800 178 48 probaui,
1576 2800 149 48 diuina
1680 2800 178 48 essentia
1813 2800 104 48 non
1873 2800 149 48 potest
1977 2800 178 48 perfecte
2096 2800 74 48 co-

1304 2842 175 50 gnosci:
1431 2842 127 50 nisi
1511 2842 207 50 intuitiue
1670 2842 238 50 cognoscatur
1860 2842 79 50 :
1892 2842 143 50 etiam
1987 2842 95 50 in
2019 2842 159 50 proposi-

1304 2880 99 66 to
1353 2880 198 66 loquimur
1502 2880 99 66 de
1551 2880 215 66 beatifica
1716 2880 248 66 cognitione,
1914 2880 132 66 quae
1980 2880 198 66 necessario

1302 2918 109 52 est
1349 2918 171 52 intuitiua

1298 2960 120 56 Ad
1358 2960 219 56 quartam
1517 2960 299 56 probationem
1756 2960 259 56 dicendum,
1956 2960 159 56 quod
2035 2960 140 56 licet

1300 3001 204 39 essentia
1453 3001 170 39 diuina
1571 3001 119 39 non
1639 3001 153 39 habet
1741 3001 237 39 entitatem,
1928 3001 85 39 &
1945 3001 220 39 intelligibi

1315 3041 159 46 itatem,
1430 3041 72 46 a
1459 3041 174 46 personis
1590 3041 232 46 causaliter;;
1778 3041 101 46 ait
1836 3041 116 46 quod
1908 3041 174 46 personae
2039 3041 116 46 sint
2097 3041 72 46 cam

1296 3075 101 59 sae
1353 3075 187 59 entitatis
1497 3075 201 59 essentiae:
1655 3075 129 59 tamen
1741 3075 86 59 ad
1784 3075 115 59 hoc,
1856 3075 115 59 quod
1928 3075 172 59 essentia
2057 3075 101 59 sit
2100 3075 72 59 ens
