2347 3552
237 272 71 62 3
265 272 197 62 Praeterea,
420 272 141 62 illud,
519 272 113 62 quod
589 272 85 62 de
632 272 85 62 se
674 272 99 62 est
730 272 141 62 omnino
829 272 155 62 necesse
942 272 127 62 esse,
1012 272 71 62 hoc

191 321 94 57 ex
238 321 94 57 se
286 321 126 57 sine
364 321 126 57 omni
443 321 236 57 additamento
632 321 110 57 est
695 321 220 57 singulare,
868 321 110 57 nec
931 321 110 57 per
978 321 110 57 conse

195 361 136 46 nuens
285 361 272 46 plurificabile:
512 361 106 46 sed
572 361 121 46 Deus
648 361 106 46 est
708 361 91 46 ex
753 361 91 46 se
798 361 151 46 omnino
904 361 166 46 necesse
1010 361 60 46 es

198 409 87 51 te
241 409 115 51 quia
313 409 87 51 si
356 409 202 51 necessitas
515 409 101 51 sui
572 409 115 51 esse
645 409 202 51 dependeret
803 409 87 51 ab
846 409 130 51 alio,
933 409 115 51 tunc
991 409 87 51 ipse

201 443 112 45 nom
265 443 144 45 esset
361 443 144 45 Deus,
457 443 112 45 sed
521 443 160 45 illuda
632 443 112 45 quo
680 443 192 45 dependeret

194 488 230 50 Praeterea,
374 488 197 50 confirmo
522 488 115 50 hoc
587 488 131 50 idem
669 488 131 50 sic:
751 488 131 50 quia
833 488 98 50 si
882 488 164 50 essent
981 488 98 50 plu-

195 520 100 49 res
252 520 114 49 Dij,
323 520 100 49 aut
380 520 199 49 differrent
536 520 85 49 in
579 520 157 49 aliquo,
693 520 100 49 aut
750 520 85 49 in
792 520 142 49 nullo.
892 520 85 49 Si
935 520 85 49 in
963 520 114 49 nullo,

193 559 118 48 ergo
267 559 103 48 non
326 559 147 48 plures
429 559 118 48 Dij,
502 559 103 48 sed
561 559 118 48 vnus
635 559 132 48 Deus.
723 559 88 48 Si
767 559 88 48 in
811 559 162 48 aliquo;
929 559 132 48 illud
1002 559 74 48 vel

194 598 105 56 est
254 598 164 56 necesse
373 598 135 56 esse,
463 598 105 56 vel
523 598 194 56 possibile
672 598 135 56 esse.
762 598 105 56 Non
822 598 164 56 primum:
941 598 120 56 quia
1001 598 60 56 ne

191 634 121 57 cese
266 634 121 57 esse
342 634 106 57 est
403 634 91 57 de
448 634 181 57 formali,
584 634 76 57 &
614 634 212 57 intrinseca
781 634 166 57 ratione
902 634 151 57 ipsius
992 634 76 57 Dei

192 672 105 58 Nec
252 672 195 58 secundum:
402 672 120 58 quia
478 672 135 58 ille,
568 672 105 58 qui
628 672 210 58 includeret
793 672 105 58 hoc
854 672 210 58 possibile,
1004 672 60 58 es

194 711 103 57 set
253 711 206 57 compositus
415 711 88 57 ex
459 711 206 57 possibili,
621 711 74 57 &
650 711 221 57 necessario,
827 711 74 57 &
856 711 103 57 per
900 711 177 57 consequens

188 758 112 49 non
252 758 160 49 posset
364 758 128 49 esse
443 758 144 49 Deus,
539 758 112 49 cum
603 758 128 49 Deus
683 758 112 49 sit
747 758 160 49 omnino
858 758 176 49 simplex
970 758 96 49 sub-

184 788 183 54 stantia,
321 788 92 54 vt
367 788 137 54 patet
459 788 107 54 12.
505 788 137 54 metaph-

310 878 207 49 c
392 878 372 49 ONCLV
641 878 248 49 S1
765 878 207 49 0
806 878 124 49 I

216 909 143 85 Nomn
305 909 197 85 possint
448 909 143 85 esse
538 909 179 85 plures
663 909 125 85 Dij
734 909 179 85 sperie
842 909 232 85 differentes

268 989 195 56 VANTVM
404 989 117 56 ad
462 989 233 56 secundum
637 989 272 56 principale
851 989 175 56 dico,
948 989 117 56 quod

275 1030 111 47 non
338 1030 174 47 possunt
465 1030 126 47 esse
544 1030 158 47 plures
655 1030 111 47 Dij
718 1030 158 47 specie
813 1030 221 47 differentes.

222 1067 87 51 1
256 1067 139 51 Quia
343 1067 243 51 quaecunque
534 1067 243 51 conueniunt
724 1067 191 51 genere,
863 1067 87 51 &
880 1067 191 51 differunt

191 1105 160 49 specie,
308 1105 116 49 sunt
381 1105 189 49 composita
526 1105 87 49 ex
570 1105 160 49 genere,
686 1105 73 49 &
715 1105 233 49 differentia:
904 1105 102 49 sed
948 1105 116 49 huius-

188 1150 138 47 modi
274 1150 224 47 composito
447 1150 207 47 repugnat
602 1150 138 47 Deo,
688 1150 138 47 ergo
775 1150 121 47 &c.
844 1150 155 47 Maior
930 1150 138 47 patet,

190 1185 143 48 probo
285 1185 190 48 minorem:
428 1185 127 48 quia
507 1185 95 48 Vt
554 1185 143 48 patet
649 1185 95 48 7,
697 1185 143 48 meta.
792 1185 143 48 genus
887 1185 143 48 dicit
966 1185 95 48 quio

188 1225 233 50 potentiale,
375 1225 233 50 differentia
561 1225 124 50 vero
639 1225 124 50 quid
716 1225 186 50 actuale,
856 1225 124 50 ergo
918 1225 155 50 quicquid

190 1262 213 46 componitur
357 1262 91 46 ex
403 1262 168 46 genere,
525 1262 76 46 &
555 1262 244 46 differentia,
753 1262 213 46 componitur
921 1262 91 46 ex
951 1262 107 46 actua

182 1302 109 45 li,
245 1302 78 45 &
276 1302 234 45 potentiali,
464 1302 125 45 quod
542 1302 109 45 Deo
604 1302 203 45 repugnat,
761 1302 78 45 a
792 1302 109 45 quo
854 1302 141 45 omnis
932 1302 141 45 passiua

190 1339 298 54 potentionalitas
441 1339 220 54 regulatur,
614 1339 94 54 vt
661 1339 141 54 patet
755 1339 110 54 12.
802 1339 126 54 metaph

216 1376 73 51 2
246 1376 205 51 Praeterea.
407 1376 88 51 Si
451 1376 146 51 essent
553 1376 103 51 duo
612 1376 103 51 Dij
670 1376 220 51 naturaliter
846 1376 205 51 distincti,
993 1376 73 51 aui

189 1421 171 42 rterque
314 1421 140 42 esset
407 1421 233 42 omnipotens,
593 1421 109 42 aut
655 1421 140 42 alter
748 1421 171 42 tantum,
872 1421 109 42 aut
919 1421 124 42 neuter

195 1458 96 46 Si
243 1458 159 46 tertio
354 1458 143 46 modo,
450 1458 127 46 tunc
530 1458 159 46 neuter
641 1458 143 46 esset
737 1458 143 46 Deus.
832 1458 96 46 Si
880 1458 175 46 secundo
991 1458 80 46 mo-

187 1501 115 45 do,
252 1501 131 45 tunc
334 1501 148 45 alter
433 1501 164 45 tantum
548 1501 148 45 esset
646 1501 148 45 Deus.
745 1501 98 45 Si
794 1501 148 45 primo
892 1501 148 45 modo,
975 1501 98 45 tunc

187 1542 120 42 rel
255 1542 137 42 ambo
341 1542 273 42 concurterent
563 1542 102 42 ad
614 1542 273 42 productionem
836 1542 188 42 eiusdem
956 1542 102 42 effe

194 1579 143 47 crus,
289 1579 79 47 &
321 1579 127 47 tunc
401 1579 143 47 alter
496 1579 270 47 superflueret,
718 1579 111 47 cum
782 1579 127 47 vnus
861 1579 127 47 Deus
925 1579 143 47 omnipo-

187 1616 121 50 tens
262 1616 151 50 possit
368 1616 196 50 producere
519 1616 136 50 totum
610 1616 196 50 effectum:
761 1616 106 50 vel
821 1616 121 50 vnus
882 1616 181 50 resisteret

185 1657 186 42 alterius
325 1657 248 42 productioni,
527 1657 78 42 &
558 1657 124 42 tunc
636 1657 109 42 vel
698 1657 140 42 aeque
791 1657 186 42 potenter
930 1657 93 42 se
961 1657 109 42 habe-

188 1691 140 45 rent,
282 1691 109 45 vel
344 1691 140 45 alter
438 1691 234 45 vinceretur.
625 1691 93 45 Si
671 1691 140 45 primo
765 1691 140 45 modo,
858 1691 125 45 tunc
921 1691 140 45 effectu

174 1733 147 51 smul
265 1733 256 51 procederet
467 1733 220 51 secundum
632 1733 311 51 omnipotentiam
870 1733 201 51 producen-

190 1770 129 49 tis,
271 1770 81 49 &
303 1770 113 49 nen
367 1770 226 49 procederet
545 1770 194 49 secundum
690 1770 274 49 omnipotentiam
900 1770 161 49 resister

185 1804 129 53 uis.
265 1804 96 53 Si
314 1804 177 53 secundo
442 1804 145 53 modo,
539 1804 129 53 tunc
619 1804 161 53 victus
732 1804 113 53 non
796 1804 145 53 esset
876 1804 113 53 Deus.

213 1847 75 57 3
243 1847 209 57 Praeterea,
407 1847 90 57 si
452 1847 149 57 essent
556 1847 105 57 duo
616 1847 119 57 Dij,
691 1847 105 57 aut
751 1847 119 57 vnus
825 1847 239 57 intelligeret
1004 1847 60 57 a-

188 1886 124 54 rem,
266 1886 109 54 aut
328 1886 109 54 non
390 1886 248 54 intelligeret
592 1886 124 54 cum:
669 1886 109 54 sed
731 1886 186 54 vtrumque
871 1886 109 54 est
917 1886 140 54 impossi

188 1929 144 51 tile,
284 1929 128 51 ergo
364 1929 96 51 &c
412 1929 144 51 Maior
507 1929 144 51 patet
603 1929 112 51 per
667 1929 239 51 immediatam,
858 1929 128 51 siue
922 1929 144 51 contra-

192 1967 170 52 oriam
305 1967 283 52 diuisionem:
532 1967 208 52 minorem
683 1967 189 52 probo.
815 1967 132 52 Non
891 1967 151 52 enim
967 1967 94 52 po-

181 2007 96 50 tn
229 2007 145 50 dici,
325 2007 128 50 quod
406 2007 112 50 hic
470 2007 128 50 Deus
550 2007 145 50 illum
647 2007 128 50 Deum
727 2007 112 50 non
791 2007 241 50 intelligat:
968 2007 96 50 quia

191 2044 226 52 beatificum
368 2044 194 52 obiectum
514 2044 145 52 verum
610 2044 129 52 Deum
691 2044 161 52 latere
804 2044 113 52 non
868 2044 177 52 potest:
981 2044 81 52 seo

185 2088 149 42 rerus
285 2088 132 42 Deus
367 2088 116 42 est
434 2088 232 42 beatificum
599 2088 182 42 obiectum.

225 2122 108 48 Nec
286 2122 154 48 potest
394 2122 138 48 dici,
486 2122 123 48 quod
563 2122 138 48 ipsum
655 2122 231 48 intelligat,
839 2122 123 48 quia
916 2122 108 48 aut
962 2122 108 48 cogno

184 2162 140 51 feret
278 2162 109 51 eum
340 2162 109 51 per
403 2162 203 51 essentiam
558 2162 140 51 suam,
652 2162 187 51 scilicet
792 2162 265 51 cognoscentis,
995 2162 62 51 au

175 2204 112 53 per
239 2204 208 53 essentiam
399 2204 160 53 ipsius
511 2204 192 53 cogniti.
654 2204 96 53 Si
702 2204 144 53 primo
798 2204 144 53 modo:
894 2204 128 53 tunc
958 2204 112 53 conti

186 2240 139 45 neret
278 2240 139 45 illum
370 2240 139 45 alium
463 2240 216 45 eminenter,
632 2240 77 45 &
663 2240 108 45 per
724 2240 216 45 consequens
894 2240 123 45 ille
955 2240 108 45 alius

187 2283 113 46 non
251 2283 145 46 esset
348 2283 145 46 Deus.
444 2283 97 46 Si
493 2283 177 46 secundo
621 2283 145 46 modo,
718 2283 129 46 tunc
798 2283 258 46 perficeretur
992 2283 64 46 ab

184 2321 128 55 chio,
269 2321 128 55 cuius
354 2321 170 55 essentia
482 2321 128 55 esset
567 2321 114 55 sibi
638 2321 128 55 ratio
723 2321 199 55 recipiendi
880 2321 128 55 actum
951 2321 99 55 intel

178 2361 176 45 lgendi,
306 2361 80 45 &
338 2361 128 45 tunc
418 2361 128 45 ipse
498 2361 224 45 cognoscens
673 2361 112 45 non
737 2361 144 45 esset
817 2361 112 45 Deus.

226 2398 72 46 a
254 2398 203 46 Praeterea,
414 2398 145 46 formae
515 2398 203 46 specificae
675 2398 87 46 se
718 2398 145 46 habent
820 2398 130 46 sicut
907 2398 159 46 numeri,
1008 2398 58 46 vt

193 2436 155 47 reitur
301 2436 77 47 S
332 2436 155 47 metaph
440 2436 124 47 ergo
517 2436 232 47 impossibile
703 2436 108 47 est
764 2436 124 47 esse
842 2436 124 47 duos
919 2436 124 47 Deos
981 2436 77 47 spe

189 2482 131 42 tifce
277 2482 218 42 differentes
452 2482 131 42 aeque
539 2482 204 42 perfectos,
699 2482 233 42 consequentia
888 2482 146 42 patet:
976 2482 87 42 quia

183 2520 228 44 impossibile
366 2520 107 44 est
426 2520 122 44 dare
503 2520 122 44 duos
579 2520 168 44 numeros
701 2520 91 44 ab
746 2520 168 44 vnitate
868 2520 137 44 aeque
944 2520 122 44 distan

230 2553 102 56 lle
289 2553 131 56 ergo,
376 2553 88 56 qu
420 2553 131 56 minus
508 2553 190 56 perfectus
654 2553 146 56 esset,
756 2553 117 56 Deus
829 2553 117 56 esse
902 2553 102 56 non
945 2553 117 56 posset

227 2632 708 60 CONCLVSIOII

179 2678 246 85 Impossibile
375 2678 115 85 est
441 2678 131 85 esse
523 2678 180 85 pliores
654 2678 131 85 Deos
736 2678 164 85 genere
834 2678 230 85 differentes.

202 2792 226 64 SVANRTVM
372 2792 113 64 ad
428 2792 207 64 tertium
579 2792 264 64 principale
786 2792 170 64 dico,
899 2792 151 64 quod
975 2792 75 64 im

261 2823 75 54 v
291 2823 194 54 possibile
440 2823 119 54 est,
515 2823 119 54 esse
589 2823 149 54 plures
694 2823 119 54 Deoi
769 2823 149 54 genere
858 2823 209 54 differentes.

230 2871 82 45 1
262 2871 132 45 Quia
345 2871 115 45 aut
411 2871 198 45 quilibet
559 2871 181 45 iliorum
691 2871 165 45 deorum
807 2871 231 45 includeret
972 2871 82 45 tan

184 2904 122 52 romm
260 2904 107 52 odo
321 2904 245 52 perfectiones
520 2904 107 52 sui
582 2904 230 52 determinati
765 2904 184 52 generis,
903 2904 107 52 aut
949 2904 107 52 vter-

182 2945 106 50 que
242 2945 212 50 includeret
409 2945 242 50 perfectiones
605 2945 212 50 cuiuslibet
772 2945 181 50 generis;
908 2945 136 50 autem
983 2945 91 50 vnus

185 2977 217 59 racloderet
355 2977 155 59 omnium
463 2977 263 59 perfectiones,
680 2977 77 59 &
711 2977 139 59 alter
804 2977 217 59 limitatas,
974 2977 77 59 &
990 2977 77 59 de-

199 3024 221 58 terminatas
357 3024 236 58 perfectiones.

227 3068 96 47 Si
275 3068 144 47 primo
371 3068 144 47 modo,
467 3068 128 47 tunc
547 3068 160 47 neuter
658 3068 128 47 crit
738 3068 144 47 Deus:
834 3068 128 47 quia
898 3068 160 47 dicitur;

190 3100 176 57 metaph.
318 3100 112 57 Est
382 3100 128 57 enim
462 3100 176 57 quoddam
590 3100 112 57 ens
655 3100 208 57 perfectum
815 3100 224 57 vniuersali
975 3100 96 57 per

1107 275 214 65 fectione,
1271 275 165 65 habens
1387 275 99 65 in
1436 275 99 65 se
1486 275 264 65 perfectiones
1700 275 165 65 omnium
1799 275 165 65 genetum.

1136 335 119 43 uod
1204 335 170 43 quidem
1323 335 119 43 ens
1391 335 255 43 commentator
1596 335 170 43 ibidem
1715 335 153 43 dicit
1817 335 136 43 esse
1885 335 85 43 Deo

1154 372 94 50 Si
1201 372 172 50 secundo
1326 372 141 50 modo,
1420 372 125 50 tunc
1499 372 125 50 vter
1577 372 110 50 que
1639 372 219 50 includeret
1812 372 141 50 omnes
1890 372 78 50 per

1108 392 197 64 fectiones
1259 392 182 64 alterius
1396 392 121 64 Dei,
1472 392 76 64 &
1502 392 106 64 per
1563 392 212 64 consequens
1730 392 167 64 naturam
1836 392 121 64 illius

1115 451 76 55 &
1145 451 107 55 sic
1206 451 138 55 erunt
1298 451 122 55 vnus
1375 451 138 55 solus
1451 451 107 55 Deus.

1149 490 86 51 Si
1192 490 143 51 tertio
1292 490 129 51 modo,
1378 490 115 51 tunc
1449 490 115 51 ille
1521 490 243 51 vniuersaliter
1722 490 186 51 perfectus
1850 490 115 51 tantum

1115 527 126 56 modo
1194 527 126 56 erit
1272 527 141 56 Deus,
1367 527 79 56 &
1398 527 110 56 non
1445 527 126 56 alter.

1126 571 72 48 2
1154 571 201 48 Praeterea,
1312 571 201 48 quaecunque
1470 571 144 48 genere
1571 571 201 48 differunt,
1729 571 86 48 si
1772 571 115 48 vnum
1844 571 101 48 est
1887 571 86 48 sub-

1101 607 179 52 stantia,
1235 607 164 52 alterum
1354 607 208 52 necetiario
1518 607 104 52 est
1577 607 193 52 accidens:
1726 607 104 52 sed
1785 607 119 52 Deus
1860 607 104 52 non
1904 607 60 52 po

1104 649 117 43 test
1178 649 117 43 esse
1251 649 191 43 accidens;
1397 649 117 43 ergo
1471 649 103 43 &c.
1529 649 132 43 Maior
1617 649 147 43 patet,
1720 649 117 43 quia
1778 649 191 43 praedicamen

1114 690 103 48 tum
1173 690 220 48 substantiae
1349 690 103 48 est
1408 690 117 48 vnum
1481 690 161 48 tantum:
1598 690 132 48 minor
1686 690 103 48 est
1745 690 132 48 nota:
1833 690 117 48 quia
1892 690 73 48 non

1101 726 133 50 solum
1190 726 119 50 Deus
1264 726 104 50 non
1324 726 104 50 est
1383 726 193 50 accidens:
1531 726 104 50 sed
1590 726 104 50 nec
1650 726 89 50 in
1694 726 104 50 Deo
1753 726 193 50 possibile
1887 726 74 50 ess

1117 765 114 47 esse
1188 765 185 47 accidens,
1330 765 85 47 vt
1373 765 128 47 patet
1458 765 100 47 per
1515 765 100 47 Doe
1572 765 85 47 in
1614 765 100 47 suo
1671 765 100 47 lib
1728 765 85 47 de
1756 765 100 47 trin-

1207 835 176 82 c
1277 835 317 82 ONCLV
1489 835 247 82 S10
1594 835 247 82 11II.

1217 890 240 74 impossibile
1409 890 112 74 est
1473 890 128 74 esse
1552 890 160 74 plures
1664 890 128 74 Deos
1728 890 128 74 diffe-

1376 950 189 65 rentes
1490 950 189 65 analogia

1179 1027 158 61 VANTVM
1290 1027 95 61 ad
1337 1027 174 61 quartum
1463 1027 142 61 dico,
1558 1027 126 61 quod
1637 1027 237 61 impossibile
1826 1027 126 61 est,
1889 1027 79 61 plu

1174 1075 119 57 res
1242 1075 136 57 Deos
1327 1075 204 57 differre
1463 1075 187 57 analogia.

1149 1121 75 48 1
1179 1121 120 48 Quia
1254 1121 120 48 quae
1329 1121 105 48 sic
1390 1121 211 48 differunt,
1555 1121 120 48 quod
1630 1121 90 48 in
1675 1121 135 48 nullo
1766 1121 165 48 penitus
1871 1121 90 48 con-

1111 1140 167 66 neniunt,
1236 1140 111 66 illa
1305 1140 194 66 nullatenus
1458 1140 111 66 esse
1528 1140 167 66 possunt:
1653 1140 97 66 sed
1708 1140 111 66 quae
1778 1140 180 66 differunt
1902 1140 56 66 a-

1111 1186 165 49 nalogia
1231 1186 90 49 in
1276 1186 135 49 nullo
1365 1186 165 49 penitus
1485 1186 224 49 conueniunt,
1665 1186 120 49 ergo
1740 1186 105 49 &c.
1799 1186 135 49 Maior
1874 1186 75 49 pa-

1113 1232 102 41 tet
1172 1232 102 41 13.
1230 1232 88 41 de
1274 1232 102 41 di.
1333 1232 88 41 no
1377 1232 102 41 vbi
1435 1232 102 41 ait
1494 1232 132 41 Dion.
1582 1232 117 41 quod
1655 1232 132 41 omnis
1743 1232 190 41 multitudo
1874 1232 88 41 ali-

1101 1273 180 51 qualiter
1236 1273 211 51 participat
1402 1273 150 51 aliquo
1507 1273 120 51 vno.
1582 1273 90 51 Et
1627 1273 150 51 ibidem
1732 1273 195 51 ostendit,
1868 1273 90 51 quod

1100 1312 141 43 nulla
1194 1312 125 43 adeo
1272 1312 125 43 sunt
1350 1312 187 43 diuersa:
1491 1312 125 43 quin
1569 1312 156 43 saltem
1678 1312 219 43 conueniant
1834 1312 125 43 analo-

1109 1351 118 42 gia.
1183 1351 88 42 Et
1227 1351 147 42 eandem
1330 1351 206 42 sententiam
1492 1351 133 42 ponit
1581 1351 162 42 Proclus
1699 1351 88 42 in
1743 1351 103 42 sua
1802 1351 133 42 prima
1875 1351 74 42 pro

1100 1388 189 45 positone.
1246 1388 116 45 Vnde
1318 1388 131 45 etiam
1405 1388 87 45 4.
1449 1388 131 45 meta.
1536 1388 174 45 dicitur,
1667 1388 116 45 quod
1739 1388 102 45 non
1797 1388 131 45 habet
1870 1388 87 45 esse

1113 1425 134 43 vnum,
1203 1425 105 43 non
1262 1425 134 43 habet
1352 1425 134 43 esse:
1442 1425 134 43 tales
1531 1425 119 43 ergo
1606 1425 105 43 Dij
1665 1425 134 43 nullo
1755 1425 119 43 modo
1830 1425 119 43 esse
1889 1425 75 43 pos

1103 1459 129 52 sent,
1189 1459 86 52 eo
1232 1459 100 52 que
1289 1459 86 52 in
1332 1459 129 52 nullo
1404 1459 201 52 conuenirent.

1138 1505 73 49 2
1168 1505 204 49 Praeterea,
1327 1505 174 49 quicquid
1458 1505 102 49 est
1516 1505 131 49 extra
1604 1505 189 49 analogiam
1749 1505 131 49 entis
1836 1505 160 49 realis,

1103 1536 124 50 quod
1181 1536 109 50 est
1243 1536 171 50 commune
1368 1536 140 50 decem
1461 1536 295 50 praedicamentis,
1709 1536 109 50 vel
1772 1536 109 50 est
1818 1536 140 50 totali-

1104 1584 95 41 ter
1159 1584 136 41 nihil,
1254 1584 95 41 uel
1308 1584 82 41 si
1349 1584 95 41 est
1404 1584 163 41 aliquid,
1526 1584 95 41 est
1581 1584 122 41 purum
1662 1584 95 41 ens
1717 1584 177 41 rationis.
1853 1584 95 41 Sed
1894 1584 54 41 si

1101 1620 102 54 duo
1160 1620 102 54 Dij
1218 1620 204 54 differrent
1378 1620 204 54 vniuersali
1539 1620 190 54 analogia,
1685 1620 131 54 alter
1772 1620 131 54 eorum
1860 1620 117 54 esse

1104 1657 125 49 extra
1187 1657 180 49 analogiam
1326 1657 125 49 entis
1409 1657 152 49 realis;
1519 1657 111 49 ergo
1588 1657 97 49 vel
1644 1657 125 49 esset
1727 1657 138 49 nihil,
1824 1657 97 49 vel
1865 1657 83 49 tan-

1111 1699 168 41 tummodo
1233 1699 107 41 ens
1294 1699 198 41 rationis,
1446 1699 152 41 quorum
1553 1699 183 41 vtrunque
1690 1699 107 41 est
1736 1699 213 41 inconueniens

1112 1737 127 43 Forte
1196 1737 169 43 dicetur,
1323 1737 113 43 quod
1394 1737 99 43 non
1450 1737 183 43 differunt
1591 1737 169 43 analogia
1718 1737 211 43 vniuersali,
1887 1737 99 43 sed

1096 1779 171 54 analogia
1224 1779 186 54 speciali:
1367 1779 100 54 sic
1424 1779 171 54 analogia
1553 1779 157 54 sanorum
1667 1779 157 54 differt
1782 1779 86 54 ab
1810 1779 143 54 analogia

1105 1813 216 55 calidorum,
1274 1813 123 55 siue
1336 1813 154 55 colorum.

1142 1854 140 47 lllud
1236 1854 109 47 non
1298 1854 155 47 valet:
1406 1854 124 47 quia
1484 1854 217 47 quaecunque
1654 1854 202 47 differunt
1794 1854 155 47 analogia

1098 1891 191 58 speciali,
1245 1891 117 58 ista
1318 1891 205 58 conueniunt
1480 1891 176 58 analogia
1612 1891 220 58 vniuersali:
1788 1891 132 58 licet
1861 1891 88 58 enim

1111 1933 100 46 ana
1168 1933 86 46 in
1211 1933 100 46 sua
1268 1933 172 46 analogia
1397 1933 186 46 differant
1541 1933 72 46 a
1569 1933 172 46 calidis;
1698 1933 129 46 tamen
1784 1933 158 46 vtraque
1884 1933 72 46 con

1107 1971 175 45 ueniunt
1235 1971 96 45 in
1282 1971 191 45 analogia
1426 1971 159 45 entis:
1538 1971 112 45 sed
1601 1971 223 45 quaecunque
1761 1971 191 45 conueniunt

1102 2010 91 43 in
1147 2010 106 43 vna
1208 2010 197 43 analogia,
1359 2010 257 43 quamuiscunque
1571 2010 227 43 vniuersali,
1752 2010 106 43 vel
1813 2010 121 43 vnum
1873 2010 76 43 ha-

1095 2048 107 44 bet
1156 2048 260 44 attributionem
1370 2048 92 44 ad
1416 2048 184 44 alterum,
1554 2048 107 44 vcl
1615 2048 122 44 ambo
1692 2048 92 44 ad
1738 2048 184 44 tertium,
1860 2048 92 44 pro-

1110 2090 119 40 ter
1178 2090 136 40 quod
1263 2090 170 40 semper
1382 2090 187 40 oportet
1518 2090 204 40 deuenire
1671 2090 102 40 ad
1722 2090 136 40 vnum
1790 2090 153 40 primum.

1104 2126 103 51 Nec
1163 2126 191 51 instantia
1310 2126 103 51 est
1369 2126 88 51 ad
1413 2126 220 51 propositum:
1589 2126 117 51 quia
1662 2126 162 51 precise
1780 2126 176 51 loquebar
1897 2126 59 51 de

1095 2166 182 49 analogia
1232 2166 228 49 vniuersali:
1414 2166 122 49 quae
1490 2166 152 49 potest
1596 2166 122 49 esse
1672 2166 182 49 communis
1809 2166 122 49 his,
1870 2166 76 49 qua

1105 2204 197 48 differunt
1256 2204 166 48 genere,
1377 2204 136 48 sicut
1468 2204 151 48 patuit
1574 2204 91 48 ex
1619 2204 227 48 deductione,
1801 2204 121 48 quam
1861 2204 91 48 feci

1104 2245 104 48 per
1163 2245 193 48 articulos
1312 2245 252 48 praecedentes,
1519 2245 89 48 in
1564 2245 148 48 quibus
1667 2245 148 48 semper
1771 2245 178 48 processi
1890 2245 59 48 de

1094 2289 170 47 minus
1207 2289 208 47 communi
1358 2289 113 47 ad
1415 2289 170 47 maius
1509 2289 170 47 commune

1137 2321 104 40 Sed
1197 2321 148 40 contra
1300 2321 208 40 praedicta,
1464 2321 104 40 est
1523 2321 148 40 opinio
1627 2321 252 40 Manichaeorum,
1834 2321 74 40 &
1864 2321 134 40 alio

1098 2359 113 48 rum
1163 2359 194 48 multorum
1308 2359 275 48 haereticorum:
1535 2359 162 48 quorum
1648 2359 211 48 pestifera
1794 2359 162 48 nequitia

1103 2401 152 47 oetere
1209 2401 213 47 percipitur
1377 2401 152 47 quoque
1483 2401 137 47 vsque
1574 2401 91 47 in
1620 2401 213 47 praesentem
1787 2401 137 47 diem.
1864 2401 107 47 Ponut

1106 2444 114 46 nim
1171 2444 146 46 dicti
1268 2444 227 46 haeretici,
1447 2444 130 46 vnum
1528 2444 130 46 esse
1609 2444 130 46 Deum
1690 2444 162 46 omnium
1788 2444 162 46 bonorum;

1095 2480 83 45 &
1129 2480 149 45 alium
1228 2480 132 45 esse
1310 2480 132 45 Deum
1393 2480 165 45 omnium
1509 2480 198 45 malorum.
1657 2480 99 45 Et
1707 2480 99 45 ex
1757 2480 165 45 dictis
1872 2480 116 45 eo

1100 2521 106 49 rum
1161 2521 258 49 multipliciter
1373 2521 152 49 potest
1465 2521 106 49 argui

1130 2559 76 51 1
1160 2559 137 51 Primo
1251 2559 122 51 sic,
1327 2559 122 51 Tale
1404 2559 106 51 per
1464 2559 289 51 participationem
1708 2559 243 51 praesupponit
1890 2559 61 51 ta

1093 2598 87 41 le
1136 2598 101 41 per
1194 2598 203 41 essentiam:
1353 2598 101 41 sed
1411 2598 101 41 est
1469 2598 116 41 dare
1541 2598 145 41 bonum,
1643 2598 72 41 &
1672 2598 130 41 malum
1758 2598 101 41 per
1802 2598 159 41 participa

1094 2639 163 48 tionem,
1213 2639 119 48 ergo
1287 2639 119 48 erit
1361 2639 119 48 dare
1436 2639 148 48 bonum,
1539 2639 74 48 &
1569 2639 134 48 malum
1658 2639 104 48 per
1718 2639 208 48 essentiam:
1881 2639 104 48 sed

1101 2681 116 45 quod
1174 2681 102 45 est
1232 2681 116 45 tale
1305 2681 102 45 per
1363 2681 203 45 essentiam,
1522 2681 102 45 hoc
1581 2681 116 45 ipsi
1653 2681 145 45 dicunt
1755 2681 131 45 Deum,
1842 2681 116 45 ergo
1900 2681 58 45 &c

1134 2714 72 44 2
1162 2714 202 44 Praeterea,
1321 2714 187 44 vbicumque
1465 2714 101 44 est
1522 2714 115 44 darc
1594 2714 144 44 causam
1695 2714 187 44 secundam,
1839 2714 101 44 ibi
1882 2714 58 44 es

1096 2749 119 47 dare
1170 2749 148 47 causam
1274 2749 163 47 primam:
1393 2749 119 47 quia
1467 2749 178 47 secundum
1600 2749 104 47 non
1660 2749 178 47 dicitur,
1793 2749 119 47 nisi
1867 2749 89 47 in
1897 2749 59 47 or

1095 2793 128 41 dine
1175 2793 96 41 ad
1223 2793 176 41 primum:
1351 2793 112 41 sed
1415 2793 112 41 est
1479 2793 128 41 dare
1559 2793 192 41 secundam
1703 2793 160 41 causam
1799 2793 160 41 mouentem

1094 2839 101 43 ad
1145 2839 168 43 malum,
1263 2839 135 43 ergo
1347 2839 84 43 &
1380 2839 185 43 primam,
1515 2839 84 43 &
1549 2839 118 43 hoc
1616 2839 135 43 erit
1700 2839 135 43 Deus
1768 2839 168 43 malorum.

1137 2870 78 49 3
1169 2870 204 49 Preterea,
1325 2870 157 49 aliqui
1435 2870 157 49 statim
1545 2870 125 49 nati
1623 2870 157 49 habent
1733 2870 219 49 conuolutam
1889 2870 63 49 ma

1096 2908 165 46 litiam,
1216 2908 150 46 talium
1321 2908 120 46 ergo
1395 2908 105 46 non
1455 2908 165 46 poterit
1575 2908 120 46 esse
1650 2908 120 46 bona
1725 2908 150 46 causa,
1829 2908 105 46 nec
1874 2908 75 46 per

1093 2947 244 46 consequens
1284 2947 157 46 bonus
1371 2947 122 46 Deus.

1128 2984 74 45 4
1158 2984 206 45 Praeterea,
1320 2984 88 45 si
1364 2984 118 45 vnum
1437 2984 235 45 contrariorum
1628 2984 103 45 est
1687 2984 88 45 in
1731 2984 162 45 natura,
1849 2984 74 45 &
1864 2984 88 45 reli

1106 3020 145 53 quum,
1202 3020 97 53 vt
1251 3020 177 53 dicitur
1380 3020 97 53 2.
1428 3020 145 53 caeli
1524 3020 80 53 &
1557 3020 161 53 mundi:
1669 3020 113 53 sed
1734 3020 161 53 summum
1830 3020 113 53 bonum

1089 3064 85 47 &
1123 3064 169 47 summum
1241 3064 152 47 malum
1343 3064 135 47 sunt
1427 3064 237 47 contraria,
1613 3064 118 47 cum
1681 3064 135 47 ergo
1765 3064 169 47 summum
1867 3064 85 47 bo-

1096 3105 105 62 num
1156 3105 120 62 sit,
1231 3105 120 62 puta
1306 3105 120 62 boni
1380 3105 105 62 Dei
1440 3105 180 62 bonitas,
1575 3105 120 62 ergo
1650 3105 75 62 &
1680 3105 150 62 summum
1784 3105 135 62 malum
1859 3105 90 62 est,
