2309 3546
428 270 194 53 nifestat
574 270 211 53 huiusmodi
735 270 275 53 distinctionem
962 270 194 53 tangendo
1092 270 194 53 personarur

432 306 200 63 diuinarum
585 306 261 63 processionem.
801 306 169 63 Secunda
924 306 123 63 pars
1001 306 169 63 incipit
1124 306 123 63 ibi.
1185 306 108 63 Dauic

440 353 162 58 quoque.
558 353 89 58 Et
603 353 118 58 haec
676 353 89 58 in
721 353 133 58 duas:
809 353 118 58 quia
883 353 133 58 primo
971 353 207 58 manifestat
1119 353 177 58 propositum

442 398 102 39 per
500 398 131 39 filij
587 398 247 39 generationem,
790 398 160 39 secundo
906 398 102 39 per
964 398 174 39 spititus
1094 398 145 39 sancti
1181 398 116 39 proces

432 441 163 56 sionem,
551 441 118 56 ibi.
624 441 89 56 De
669 441 163 56 spiritu
787 441 148 56 sancto
891 441 133 56 etiam
979 441 192 56 expressa.
1127 441 104 56 Hic
1172 441 118 56 quaero

716 507 321 69 Quaestio
957 507 107 69 II

421 590 121 82 An
481 590 243 82 Trinitas
663 590 263 82 diuinarum
866 590 283 82 personarum
1088 590 142 82 cum
1149 590 142 82 summa

646 652 176 71 vnitate
774 652 112 71 sit
838 652 288 71 compossibilis.

664 956 140 75 TRVM
751 956 209 75 trinitas
908 956 262 75 personarum,
1117 956 87 75 &
1135 956 157 75 diuinae

675 1023 201 45 essentiae
829 1023 139 45 summa
922 1023 170 45 vnitas,
1045 1023 93 45 de
1091 1023 154 45 quibus
1184 1023 108 45 magi-

688 1062 113 49 ster
759 1062 156 49 tractat
872 1062 85 49 in
915 1062 113 49 ista
985 1062 227 49 distinctione
1155 1062 128 49 secunda

689 1096 118 48 sint
763 1096 266 48 compossibilia.
985 1096 89 48 Et
1030 1096 163 48 videtur
1148 1096 118 48 quod
1207 1096 89 48 nonn

680 1145 116 49 quia
753 1145 131 49 sicut
841 1145 87 49 se
884 1145 131 49 habet
972 1145 131 49 purus
1059 1145 131 49 actus
1146 1145 87 49 ad
1176 1145 116 49 passi

648 1175 118 51 uam
715 1175 336 51 potentialitatem:
1001 1175 118 51 sic
1068 1175 101 51 se
1118 1175 151 51 habet
1202 1175 84 51 sum

423 1214 93 55 ma
469 1214 155 55 vnitas
577 1214 93 55 ad
624 1214 263 55 pluralitatem:
841 1214 108 55 sed
903 1214 139 55 purus
996 1214 139 55 actus
1089 1214 108 55 non
1135 1214 155 55 compati-

422 1266 112 40 tur
486 1266 176 40 aliquam
614 1266 304 40 potentialitatem
871 1266 208 40 passiuam,
1031 1266 128 40 ergo
1111 1266 112 40 cum
1159 1266 128 40 diuin-

428 1292 193 54 essentia
572 1292 112 54 sit
637 1292 145 54 summe
733 1292 128 54 vna,
813 1292 112 54 non
878 1292 241 54 compatietur
1070 1292 145 54 secum
1150 1292 145 54 aliquam

409 1342 235 57 pluralitatem.

466 1343 85 80 In
508 1343 198 80 contrarium
664 1343 99 80 est
721 1343 128 80 fides
806 1343 156 80 sancta,
919 1343 113 80 quae
990 1343 213 80 Christianis
1160 1343 99 80 est
1203 1343 85 80 fir-

424 1407 196 61 missimum
571 1407 246 61 argumentum,
767 1407 82 61 &
800 1407 147 61 quasi
898 1407 262 61 infallibilis
1095 1407 180 61 demonstra

420 1454 118 52 tio.
494 1454 88 52 In
538 1454 118 52 ista
611 1454 206 52 quaestione
773 1454 118 52 sunt
846 1454 176 52 quattuor
979 1454 176 52 videnda.
1111 1454 132 52 Primo
1184 1454 103 52 vtrum

424 1500 115 44 sint
495 1500 115 44 tres
567 1500 172 44 personae
696 1500 86 44 in
739 1500 158 44 diuinis
853 1500 172 44 realiter
982 1500 229 44 differentes.
1154 1500 129 44 Secundo

435 1531 89 50 an
480 1531 104 50 hoc
539 1531 179 50 possumus
673 1531 164 50 probare
793 1531 209 50 euidenter,
956 1531 74 50 &
986 1531 238 50 scientifice.
1165 1531 119 50 Tertio

425 1578 87 43 an
469 1578 146 43 vnitas
571 1578 87 43 in
615 1578 175 43 diuinis,
746 1578 102 43 cum
804 1578 131 43 reali
891 1578 189 43 trinitate
1037 1578 189 43 existens,
1168 1578 116 43 dicatu

427 1620 190 48 positue,
570 1620 111 48 vel
633 1620 222 48 tantummodo
808 1620 222 48 priuatiue.
983 1620 95 48 Et
1030 1620 159 48 quarto
1141 1620 95 48 de
1173 1620 111 48 quae-

427 1653 117 54 sito
486 1653 176 54 principali

497 1730 630 60 RESOLVTIO.

464 1820 73 48 In
500 1820 134 48 diuinis
597 1820 97 48 tres
658 1820 146 48 personas
768 1820 109 48 inter
840 1820 97 48 sese
901 1820 146 48 vealiter
1011 1820 170 48 distinctas
1144 1820 97 48 esse
1193 1820 97 48 persua

415 1853 133 50 detur,
508 1853 119 50 licet
587 1853 186 50 necessaria
733 1853 146 50 ratione
839 1853 159 50 conuinci
958 1853 93 50 non
1012 1853 146 50 possit:
1118 1853 199 50 verumtamen,

427 1894 91 49 cum
479 1894 143 49 diuinae
583 1894 156 49 personae
700 1894 156 49 absalute
817 1894 130 49 mimime
909 1894 234 49 distinguantur,
1104 1894 91 49 sed
1143 1894 143 49 velatiue.

429 1942 84 42 er
471 1942 209 42 fundamentum
638 1942 181 42 infinitum
778 1942 140 42 manens
875 1942 84 42 in
917 1942 209 42 distinctum,
1085 1942 140 42 possit
1168 1942 126 42 fundare

425 1970 158 53 oppositas
547 1970 183 53 velationes,
693 1970 122 53 quibus
778 1970 110 53 ipsae
851 1970 134 53 diuinae
949 1970 146 53 personae
1059 1970 171 53 distinctae
1180 1970 98 53 consti

418 2022 161 40 tuuntur,
538 2022 107 40 ipsa
605 2022 134 40 Diuina
699 2022 161 40 essentia
819 2022 94 40 vna
872 2022 67 40 &
899 2022 268 40 indistinctasecum
1127 2022 107 40 tres
1180 2022 107 40 distin

427 2054 107 55 ctas
493 2054 160 55 personas
613 2054 147 55 compati
706 2054 107 55 potest

433 2129 737 69 ARTICVLVS

500 2205 140 65 vtrum
594 2205 125 65 sint
672 2205 125 65 tres
750 2205 187 65 personae
890 2205 94 65 in
937 2205 172 65 diuinis
1046 2205 156 65 realiter

729 2267 212 64 differentes.

493 2354 188 53 VANTVM
625 2354 113 53 ad
681 2354 188 53 primum
813 2354 263 53 principale
1020 2354 150 53 dico
1095 2354 188 53 immacula

519 2395 92 51 ta
565 2395 123 51 fide
642 2395 215 51 catholica,
811 2395 108 51 cui
872 2395 154 51 falsum
980 2395 169 51 subesse
1103 2395 108 51 non
1149 2395 123 51 potest

408 2443 120 38 quod
483 2443 90 38 in
528 2443 165 38 diuinis
649 2443 120 38 sunt
724 2443 120 38 tres
799 2443 180 38 personae
934 2443 180 38 realiter
1070 2443 75 38 a
1100 2443 90 38 se
1130 2443 135 38 inuicen

417 2479 230 49 differentes.
604 2479 86 49 se
647 2479 144 49 pater,
748 2479 72 49 &
776 2479 158 49 filius,
891 2479 72 49 &
920 2479 173 49 spiritus
1050 2479 173 49 sanctus.
1179 2479 86 49 Et
1208 2479 72 49 hoc

413 2517 147 59 potest
516 2517 103 59 sic
560 2517 177 59 persuaderi

442 2532 86 68 1
476 2532 154 68 Omne,
579 2532 137 68 quod
664 2532 154 68 dicit
767 2532 274 68 perfectionem
989 2532 274 68 simpliciter,
1194 2532 86 68 est

416 2591 120 53 modo
491 2591 286 53 excellentissimo
732 2591 181 53 ponendum
868 2591 90 53 in
913 2591 181 53 diuinis,
1048 2591 105 53 sed
1108 2591 166 53 caritas
1214 2591 60 53 di

417 2627 107 57 cit
478 2627 243 57 perfectionem
675 2627 243 57 simpliciter,
873 2627 122 57 ergo
949 2627 122 57 modo
1010 2627 259 57 excellentissimo

423 2676 101 47 est
480 2676 159 47 ponenda
596 2676 87 47 in
639 2676 173 47 diuinis.
769 2676 130 47 Talis
856 2676 130 47 autem
942 2676 173 47 perfecta
1072 2676 173 47 caritas,
1188 2676 72 47 qui

417 2716 286 52 excellentissima
658 2716 105 52 duo
718 2716 181 52 requirit
854 2716 90 52 in
899 2716 120 52 ipso
974 2716 211 52 diligente.
1140 2716 135 52 Primo
1215 2716 45 52 u

408 2751 227 52 dilectione
586 2751 162 52 tendat
699 2751 97 52 in
748 2751 194 52 alterum:
894 2751 130 52 quia
975 2751 130 52 amor
1056 2751 211 52 priuatus,
1201 2751 65 52 qu

404 2789 159 52 tantum
515 2789 111 52 est
579 2789 95 52 ad
626 2789 190 52 seipsum,
769 2789 190 52 secundum
912 2789 143 52 Oreg.
1007 2789 111 52 non
1071 2789 159 52 potest
1182 2789 127 52 esse

421 2828 163 44 caritas
540 2828 193 44 persecta.
688 2828 178 44 Secundo,
821 2828 119 44 quod
895 2828 148 44 illud,
999 2828 89 44 in
1044 2828 119 44 quod
1103 2828 163 44 principa-

407 2871 131 50 liter
495 2871 161 50 tendit,
612 2871 102 50 sit
670 2871 204 50 diligibile
831 2871 204 50 infinitum,
992 2871 131 50 alias
1079 2871 117 50 enim
1138 2871 131 50 caritas

401 2908 108 55 non
462 2908 139 55 esset
555 2908 310 55 excellentissima:
819 2908 124 55 quia
896 2908 124 55 omni
974 2908 201 55 caritate,
1129 2908 124 55 quae
1191 2908 77 55 est

405 2953 129 44 circa
491 2953 201 44 diligibile
648 2953 172 44 finitum,
777 2953 143 44 potest
878 2953 115 44 esse
950 2953 115 44 alia
1021 2953 158 44 caritas
1136 2953 143 44 maior,
1222 2953 43 44 &

412 2984 106 52 per
472 2984 211 52 consequens
638 2984 256 52 excellentior.
849 2984 166 52 Ratione
970 2984 151 52 primi,
1075 2984 136 52 pater
1150 2984 106 52 dile-

406 3031 145 46 ctione
508 3031 145 46 tendit
610 3031 87 46 in
653 3031 160 46 alterum
769 3031 73 46 a
798 3031 87 46 se
842 3031 174 46 realiter
973 3031 218 46 distinctum:
1132 3031 131 46 ratione

405 3073 167 41 secundi
527 3073 167 41 tendere
648 3073 107 41 non
709 3073 152 41 potest
816 3073 91 41 in
861 3073 167 41 aliquod
983 3073 183 41 creatum,
1120 3073 122 41 ergo
1181 3073 76 41 ter

401 3104 115 65 dit
466 3104 98 65 in
515 3104 164 65 filium
630 3104 131 65 suum
712 3104 246 65 vnigenitum,
909 3104 180 65 tamquam
1040 3104 82 65 a
1073 3104 98 65 se
1105 3104 148 65 alterun

1325 246 258 72 personaliter,
1537 246 76 72 &
1567 246 212 72 diligibile
1734 246 212 72 infinitum;
1901 246 121 72 amor
1977 246 136 72 autem
2068 246 106 72 hos
2113 246 76 72 con

1338 302 159 50 nectens
1453 302 72 50 s
1482 302 159 50 patrem,
1598 302 72 50 &
1627 302 159 50 filium,
1743 302 101 50 non
1801 302 145 50 potest
1903 302 116 50 esse
1975 302 188 50 inherens,
2106 302 72 50 cum

1335 342 141 48 nullum
1434 342 169 48 accidens
1560 342 85 48 in
1603 342 99 48 Deo
1659 342 113 48 esse
1729 342 155 48 possit,
1842 342 113 48 ergo
1912 342 113 48 erit
1983 342 99 48 per
2039 342 85 48 se
2067 342 99 48 subsi

1328 384 135 51 stens,
1422 384 67 51 &
1449 384 94 51 per
1502 384 188 51 consequens
1650 384 135 51 tertia
1745 384 161 51 persona,
1866 384 108 51 puta
1933 384 161 51 spiritus
2040 384 135 51 sanctus.

1347 422 73 51 2
1377 422 205 51 Praeterea,
1538 422 147 51 quanto
1640 422 161 51 aliquis
1758 422 132 51 actus
1846 422 103 51 est
1904 422 161 51 purior,
2021 422 132 51 tanto
2095 422 73 51 ess

1324 472 176 38 actiuior:
1460 472 108 38 ergo
1528 472 122 38 actus
1609 472 163 38 infinite
1731 472 190 38 puritatis,
1880 472 163 38 infinite
2002 472 95 38 est
2043 472 122 38 actiuus

1325 499 81 52 &
1357 499 113 52 per
1422 499 226 52 consequens
1599 499 193 52 insiniti
1744 499 258 52 productiuus.
1953 499 113 52 Cum
2018 499 129 52 ergo
2082 499 81 52 Deu

1319 530 104 62 sit
1378 530 133 62 purus
1467 530 148 62 actus,
1571 530 74 62 &
1600 530 192 62 terminus,
1749 530 192 62 infinitus
1897 530 104 62 non
1956 530 148 62 possit
2045 530 118 62 produc

1330 584 111 44 nisi
1400 584 83 44 ab
1441 584 167 44 infinita
1566 584 153 44 natura,
1678 584 111 44 ergo
1747 584 83 44 in
1789 584 153 44 diuinis
1900 584 181 44 productum
2025 584 139 44 infiniti

1325 630 173 38 virtuti
1451 630 236 38 productiuae
1640 630 220 38 adaequatum
1813 630 173 38 manebit
1939 630 94 38 in
1986 630 142 38 eadem
2065 630 110 38 natu-

1325 663 94 48 ra
1372 663 110 48 cum
1435 663 236 48 producente,
1624 663 220 48 distinctum
1797 663 142 48 tamen
1892 663 268 48 personaliter,
2096 663 79 48 cum

1327 710 123 39 nihil
1409 710 151 39 seipsum
1519 710 178 39 producere
1656 710 151 39 possit,
1765 710 82 39 vt
1806 710 96 39 ait
1861 710 109 39 Aug.
1929 710 82 39 1.
1970 710 82 39 de
2011 710 109 39 tri.
2080 710 82 39 c.
2107 710 55 39 1.

1318 734 118 58 Sed
1386 734 186 58 contra,
1521 734 118 58 iam
1589 734 169 58 dictam
1707 734 271 58 infallibilem
1927 734 220 58 veritatem
2079 734 102 58 sunt

1330 774 128 47 multi
1415 774 200 47 haeretici,
1572 774 71 47 &
1601 774 185 47 signanter
1743 774 200 47 Sabellius,
1900 774 100 47 qui
1957 774 86 47 ad
2000 774 114 47 hoc,
2071 774 86 47 vt
2100 774 57 47 sa

1326 819 135 50 uaret
1416 819 195 50 essentiae
1566 819 165 50 diuinae
1686 819 195 50 vnitatem,
1835 819 165 50 negauit
1955 819 210 50 personarum
2105 819 60 50 v-

1316 856 113 54 ram
1380 856 81 54 &
1413 856 161 54 realem
1526 856 242 54 trinitatem.
1719 856 161 54 Motiua
1832 856 177 54 istorum
1945 856 226 54 haereticorum

1327 890 109 52 non
1390 890 140 52 potui
1483 890 202 52 inuenire,
1638 890 124 52 ergo
1716 890 171 52 aliquas
1840 890 186 52 rationes
1980 890 186 52 adducam,
2104 890 62 52 qu

1332 943 126 41 bus,
1411 943 94 41 vt
1458 943 126 41 mihi
1537 943 189 41 videtut,
1678 943 189 41 poterant
1819 943 157 41 moueri
1929 943 94 41 ad
1976 943 189 41 negandum
2102 943 63 41 po

1327 968 183 54 sonarum
1460 968 216 54 diuinarum
1627 968 266 54 differentiam
1843 968 183 54 realem.
1976 968 166 54 Potest
2075 968 100 54 enim

1323 1016 126 55 argui
1393 1016 70 55 sic

1396 1020 202 80 Vbicumque
1552 1020 202 80 essentia,
1707 1020 78 80 &
1739 1020 171 80 persona
1863 1020 124 80 sunt
1941 1020 140 80 vnius
2018 1020 156 80 rationis

1320 1090 84 51 si
1362 1090 168 51 essentia
1488 1090 98 51 non
1544 1090 140 51 potest
1642 1090 238 51 multiplicari,
1838 1090 98 51 nec
1894 1090 168 51 persona,
2020 1090 98 51 sed
2076 1090 84 51 in
2104 1090 70 51 di-

1330 1132 128 49 uinis
1415 1132 185 49 essentia,
1558 1132 71 49 &
1586 1132 157 49 persona
1700 1132 114 49 sunt
1771 1132 128 49 vnius
1857 1132 185 49 rationis,
1999 1132 114 49 ergo
2070 1132 100 49 &c.
2113 1132 57 49 M-

1319 1169 102 49 ior
1378 1169 146 49 patet:
1480 1169 117 49 quia
1553 1169 117 49 quae
1626 1169 117 49 sunt
1699 1169 117 49 idem
1772 1169 102 49 re,
1831 1169 73 49 &
1860 1169 175 49 ratione,
1991 1169 175 49 quicquid
2108 1169 73 49 con

1318 1210 141 49 uenit
1412 1210 110 49 vni
1475 1210 188 49 conuenit
1616 1210 78 49 &
1648 1210 173 49 alteri;
1773 1210 173 49 minorem
1899 1210 157 49 probo:
2008 1210 125 49 quia
2071 1210 110 49 ratio

1323 1257 211 44 diffinitiua
1492 1257 99 44 est
1548 1257 127 44 sermo
1633 1257 113 44 quid
1703 1257 99 44 est
1760 1257 113 44 esse
1830 1257 99 44 rei
1886 1257 225 44 significans,
2069 1257 99 44 cum
2112 1257 56 44 er

1322 1297 88 50 go
1366 1297 88 50 in
1410 1297 161 50 diuinis
1527 1297 146 50 tantum
1630 1297 103 50 sit
1689 1297 117 50 vnum
1762 1297 117 50 esse
1835 1297 132 50 aeque
1923 1297 205 50 conueniens
2069 1297 103 50 essen

1318 1336 109 41 tiae
1386 1336 68 41 &
1413 1336 176 41 personae,
1549 1336 122 41 iuxta
1630 1336 122 41 illud
1712 1336 109 41 Aug.
1780 1336 81 41 5.
1820 1336 81 41 de
1861 1336 109 41 tri.
1929 1336 81 41 c.
1970 1336 81 41 8.
2010 1336 95 41 hoc
2064 1336 95 41 est
2105 1336 68 41 Dec

1326 1374 133 52 esse,
1415 1374 118 52 quod
1489 1374 177 52 personam
1622 1374 133 52 esse,
1711 1374 118 52 ergo
1785 1374 118 52 erit
1859 1374 89 52 in
1903 1374 163 52 diuinis
2021 1374 148 52 tantum
2110 1374 74 52 vna

1317 1408 124 48 ratio
1400 1408 206 48 diffinitiua
1564 1408 192 48 expressiua
1715 1408 137 48 ipsius
1798 1408 82 48 esse

1326 1416 77 84 2
1356 1416 216 84 Praeterea,
1526 1416 216 84 personarum
1696 1416 216 84 pluralitas
1865 1416 170 84 frustra
1989 1416 185 84 ponitur,
2112 1416 77 84 vbi

1320 1495 102 42 non
1379 1495 116 42 plus
1451 1495 189 42 reperitur
1597 1495 247 42 perfectionis,
1800 1495 102 42 vel
1858 1495 189 42 bonitatis
2004 1495 87 42 in
2033 1495 145 42 pluribus

1319 1526 123 53 quam
1395 1526 92 53 in
1441 1526 107 53 vna
1503 1526 169 53 tantum,
1625 1526 107 53 sed
1687 1526 138 53 nulla
1779 1526 184 53 bonitas,
1917 1526 107 53 seu
1978 1526 199 53 perfectio
2116 1526 77 53 est

1326 1577 229 38 reperibilis
1509 1577 92 38 in
1555 1577 107 38 vna
1616 1577 183 38 persona,
1753 1577 122 38 quae
1830 1577 107 38 non
1891 1577 107 38 sit
1952 1577 92 38 in
1998 1577 168 38 omnibus
2105 1577 76 38 tri

1329 1603 119 58 bus:
1403 1603 104 58 Cum
1463 1603 119 58 ergo
1537 1603 119 58 Deus
1611 1603 74 58 &
1640 1603 148 58 natura
1744 1603 133 58 nihil
1833 1603 163 58 faciant
1952 1603 178 58 frustra,
2085 1603 89 58 vt
2115 1603 74 58 pa-

1319 1647 122 52 tet.
1395 1647 76 52 i
1425 1647 137 52 coeli
1517 1647 76 52 &
1547 1647 152 52 mundi;
1654 1647 122 52 ergo
1715 1647 61 52 &c

1331 1675 80 56 3
1363 1675 224 56 Praeterea,
1539 1675 128 56 quae
1619 1675 128 56 sunt
1699 1675 144 56 cadem
1795 1675 160 56 eidem,
1907 1675 144 56 inter
2003 1675 96 56 se
2051 1675 128 56 sunt
2115 1675 80 56 ea-

1325 1727 124 46 dem,
1402 1727 93 46 vt
1448 1727 155 46 patet.
1557 1727 93 46 1.
1603 1727 232 46 physicorum:
1789 1727 108 46 sed
1851 1727 139 46 omnes
1944 1727 170 46 diuinae
2053 1727 139 46 persona

1314 1764 126 52 sunt
1393 1764 158 52 eaedem
1504 1764 174 52 diuinae
1630 1764 221 52 essentiae,
1803 1764 126 52 ergo
1882 1764 142 52 erunt
1977 1764 126 52 idem
2056 1764 95 52 in
2103 1764 110 52 se,
2151 1764 47 52 &

1320 1797 104 65 per
1379 1797 207 65 consequens
1542 1797 104 65 non
1602 1797 178 65 realiter
1720 1797 178 65 distinctae

1325 1852 80 43 4
1357 1852 223 43 Praeterea,
1532 1852 159 43 illud,
1644 1852 112 43 cui
1708 1852 191 43 repugnat
1851 1852 144 43 omnis
1947 1852 239 43 pluralitas,
2122 1852 80 43 non

1311 1888 236 44 compatitur
1497 1888 152 44 secum
1598 1888 186 44 aliquam
1733 1888 287 44 multitudinem,
1970 1888 118 44 nec
2037 1888 118 44 per
2088 1888 101 44 con-

1306 1921 172 58 sequens
1432 1921 235 58 trinitatem:
1619 1921 110 58 sed
1682 1921 172 58 diuinae
1807 1921 203 58 essentiae
1963 1921 188 58 repugnat
2089 1921 110 58 omnis

1317 1961 208 60 pluralitas,
1483 1961 83 60 vt
1525 1961 97 60 ait
1580 1961 111 60 Doe.
1649 1961 83 60 in
1691 1961 97 60 lib
1746 1961 83 60 de
1774 1961 83 60 tri-

1393 2001 230 49 Praeterea,
1573 2001 148 49 sicut
1671 2001 98 49 se
1721 2001 148 49 habet
1819 2001 148 49 summe
1917 2001 148 49 bonum
2016 2001 98 49 ad
2048 2001 148 49 imalum,

1305 2044 120 46 sic
1373 2044 102 46 se
1424 2044 154 46 habet
1527 2044 154 46 summe
1629 2044 137 46 vnum
1715 2044 102 46 ad
1766 2044 188 46 multum,
1903 2044 120 46 sed
1971 2044 137 46 Deus
2056 2044 102 46 eo
2091 2044 102 46 quod

1309 2077 111 51 est
1373 2077 143 51 summe
1468 2077 143 51 bonus
1564 2077 111 51 non
1627 2077 175 51 patitur
1755 2077 95 51 in
1802 2077 95 51 se
1850 2077 175 51 aliquam
1977 2077 207 51 malitiam,
2120 2077 64 51 er

1313 2125 92 54 go
1359 2125 92 54 ex
1404 2125 107 54 eo,
1465 2125 122 54 quod
1542 2125 107 54 est
1603 2125 137 54 summe
1694 2125 122 54 vnus
1771 2125 107 54 non
1832 2125 183 54 patietur
1969 2125 92 54 in
2015 2125 92 54 se
2045 2125 153 54 aliquamn

1277 2163 277 48 multitudinem

1317 2184 86 64 3
1351 2184 242 64 Praeterea,
1541 2184 276 64 productiones
1766 2184 104 64 in
1818 2184 190 64 diuinis
1956 2184 121 64 non
2008 2184 190 64 differunt

1316 2242 131 47 ergo
1397 2242 115 47 nec
1463 2242 213 47 producta.
1627 2242 229 47 Antecedens
1807 2242 213 47 probatur,
1970 2242 131 47 quia
2036 2242 147 47 intelle

1310 2274 143 52 ctus,
1406 2274 207 52 voluntas,
1565 2274 80 52 &
1597 2274 159 52 natura
1708 2274 96 52 in
1756 2274 175 52 diuinis
1883 2274 111 52 non
1947 2274 223 52 differunt,
2106 2274 80 52 erg

1306 2317 122 59 nec
1375 2317 279 59 productiones
1602 2317 105 59 se
1655 2317 210 59 habentes
1812 2317 122 59 per
1882 2317 157 59 modum
1969 2317 227 59 intellectus

1307 2359 78 55 &
1323 2359 204 55 voluntatis.

1377 2383 236 59 Praeterea,
1563 2383 152 59 omnis
1664 2383 203 59 opposito
1816 2383 203 59 relatiua
1968 2383 169 59 realis
2069 2383 135 59 exigit

1297 2434 109 54 duo
1360 2434 171 54 extrema
1484 2434 187 54 realiter
1625 2434 218 54 distincta,
1796 2434 109 54 vel
1858 2434 125 54 ergo
1936 2434 140 54 pones
2030 2434 93 54 in
2061 2434 140 54 diuinis

1306 2473 131 51 vnam
1388 2473 262 51 oppositionem
1601 2473 213 51 relatiuam
1765 2473 180 51 realem,
1896 2473 115 51 vel
1961 2473 148 51 duas.
2060 2473 98 51 Si
2109 2473 131 51 vnam

1298 2516 132 46 tunc
1380 2516 148 46 erunt
1478 2516 148 46 solum
1577 2516 115 46 duo
1643 2516 197 46 extrema,
1791 2516 82 46 &
1824 2516 115 46 sic
1890 2516 115 46 non
1955 2516 132 46 erit
2021 2516 181 46 trinitas;

1296 2557 108 39 sed
1357 2557 200 39 dualitas.
1511 2557 92 39 Si
1557 2557 138 39 duas,
1649 2557 123 39 tunc
1726 2557 138 39 erunt
1818 2557 184 39 quattuor
1956 2557 138 39 extre
2048 2557 108 39 ma,
2110 2557 77 39 &
2125 2557 77 39 per

1304 2596 229 48 consequens
1483 2596 131 48 erit
1565 2596 261 48 quaternitas,
1777 2596 131 48 quae
1859 2596 147 48 tamen
1957 2596 114 48 est
2022 2596 180 48 damnata
2137 2596 65 48 in

1309 2634 188 51 decretali
1453 2634 173 51 superius
1569 2634 144 51 allegata

1310 2669 73 54 3
1340 2669 206 54 Praeterea,
1501 2669 103 54 cum
1560 2669 176 54 arguebat
1692 2669 118 54 ille
1766 2669 220 54 haereticus,
1942 2669 118 54 quod
2016 2669 88 54 fi
2060 2669 132 54 esset
2133 2669 59 54 fi

1303 2712 116 44 lius
1375 2712 87 44 in
1418 2712 174 44 diuinis,
1549 2712 116 44 ille
1621 2712 145 44 filius
1722 2712 188 44 generaret
1867 2712 130 44 alium
1954 2712 159 44 filium,
2070 2712 72 44 &
2099 2712 101 44 fic
2142 2712 58 44 in

1305 2753 228 53 infinitum.
1484 2753 212 53 Respondet
1647 2753 179 53 August.
1778 2753 114 53 Non
1843 2753 131 53 enim
1925 2753 114 53 non
1990 2753 179 53 potuit,
2120 2753 114 53 sed

1302 2795 108 45 non
1363 2795 201 45 oportuit.
1518 2795 93 45 Ex
1564 2795 108 45 hoc
1626 2795 154 45 potest
1734 2795 139 45 argui
1826 2795 124 45 sic:
1904 2795 154 45 Duplex
2012 2795 170 45 negatio
2120 2795 77 45 fa-

1298 2837 110 43 cit
1361 2837 126 43 vnam
1440 2837 283 43 affirmationem,
1675 2837 126 43 ergo
1754 2837 141 43 ista,
1848 2837 157 43 filius
1958 2837 110 43 non
2020 2837 157 43 potuit
2115 2837 78 43 ge-

1309 2867 162 47 nerare,
1427 2867 132 47 valet
1515 2867 147 47 istam,
1618 2867 147 47 filius
1720 2867 147 47 potuit
1823 2867 191 47 generare,
1970 2867 88 47 si
2014 2867 162 47 potuit,
2117 2867 88 47 ergo

1291 2912 119 44 fuit
1366 2912 238 44 necessarium:
1559 2912 119 44 quia
1634 2912 89 44 in
1679 2912 194 44 perpetuis
1828 2912 104 44 non
1887 2912 164 44 differt
2006 2912 134 44 esse,
2096 2912 75 44 &
2111 2912 104 44 posse

1298 2952 96 46 3.
1346 2952 240 46 physicorum.
1538 2952 96 46 Et
1586 2952 96 46 si
1634 2952 128 46 ista
1714 2952 208 46 proposito
1874 2952 112 46 quo
1938 2952 96 46 ad
1970 2952 240 46 contingentia,

1296 2997 131 46 quae
1378 2997 131 46 Deus
1459 2997 197 46 producit
1607 2997 147 46 extra
1705 2997 115 46 se,
1771 2997 115 46 non
1836 2997 180 46 haberet
1967 2997 229 46 veritatem,
2131 2997 82 46 ta-

1291 3029 110 48 men
1354 3029 173 48 quantum
1480 3029 95 48 ad
1528 3029 142 48 illa,
1622 3029 126 48 quae
1701 3029 189 48 producit
1843 3029 142 48 intra
1937 3029 95 48 se
1985 3029 110 48 est
2032 3029 189 48 verissima:

1285 3069 126 47 quia
1364 3069 189 47 quicquid
1505 3069 110 47 quo
1568 3069 94 47 ad
1615 3069 142 47 intra
1710 3069 126 47 esse
1788 3069 110 47 pot
1851 3069 94 47 in
1899 3069 189 47 diuinis,
2040 3069 110 47 hoc
2087 3069 126 47 neces-

1300 3118 88 46 se
1344 3118 102 46 est
1403 3118 102 46 ibi
1461 3118 132 46 esse:
1549 3118 88 46 qa
1593 3118 88 46 ad
1637 3118 132 46 intra
1725 3118 132 46 nulla
1812 3118 161 46 penitus
1929 3118 132 46 cadit
2003 3118 219 46 contingentia
