2387 3567
406 232 118 74 suos
480 232 207 74 studiosos,
643 232 74 74 &
672 232 177 74 deuoros,
805 232 103 74 quo
864 232 89 74 ad
908 232 236 74 intelligibil
1101 232 89 74 em
1130 232 133 74 consue-

411 297 105 47 uit
471 297 226 47 mirabiliter
652 297 226 47 illustrare:
832 297 75 47 &
862 297 105 47 quo
922 297 90 47 ad
967 297 286 47 concupiscibilem
1193 297 60 47 de

399 334 240 46 lectabiliter
594 334 225 46 inflammare:
774 334 120 46 quia
848 334 90 46 vt
893 334 165 46 dicitur
1013 334 90 46 in
1058 334 135 46 psal.
1133 334 120 46 Adaqua

406 378 100 39 uit
463 378 100 39 eos
520 378 128 39 velut
606 378 86 39 in
648 378 143 39 abysso
748 378 143 39 multa,
848 378 86 39 in
891 378 100 39 qua
948 378 171 39 scilicet
1076 378 157 39 abysso,
1176 378 86 39 ine-

404 415 207 41 briabimur
563 415 95 41 ab
611 415 191 41 vbertate
754 415 143 41 domus
849 415 143 41 suae,
944 415 79 41 &
976 415 191 41 torrente
1103 415 159 41 volupra-

405 453 109 49 tis
468 453 125 49 suae
546 453 171 49 potabit
670 453 125 49 eos.
748 453 125 49 Vnde
826 453 249 49 praedictorum
1013 453 249 49 stillicidiorum

406 494 298 47 perlustrationem
657 494 141 47 simul
752 494 78 47 &
783 494 267 47 delectationem
1003 494 251 47 persentiens,
1191 494 63 47 Au

409 540 129 45 quasi
495 540 86 45 in
538 540 144 45 extasi
638 540 158 45 positus
753 540 86 45 in
796 540 115 45 libs
868 540 172 45 sollilo,
997 540 101 45 sic
1055 540 144 45 clamat
1141 540 115 45 Olumen

412 575 159 43 verum,
523 575 143 43 lumen
619 575 191 43 sanctum,
762 575 143 43 lumen
857 575 254 43 delectabile,
1063 575 143 43 lumen
1143 575 111 43 admi-

406 612 168 46 rabile,
528 612 138 46 lumen
620 612 291 46 superlaudabile,
865 612 122 46 quod
942 612 199 46 illuminat
1095 612 153 46 oculos
1186 612 77 46 an-

395 651 181 56 geiorum,
531 651 121 56 ecce
606 651 151 56 video,
712 651 166 56 gratias
833 651 121 56 ago:
908 651 121 56 ecce
983 651 136 56 video
1074 651 136 56 lumen
1149 651 106 56 celi-

402 693 214 48 interlucet
570 693 92 48 in
615 693 153 48 oculis
722 693 153 48 mentis
829 693 122 48 meae
905 693 153 48 radius
1012 693 168 48 desuper
1134 693 76 48 a
1149 693 107 48 facie

400 729 163 46 luminis
519 729 119 46 tui;
593 729 74 46 &
623 729 208 46 laetificat
786 729 133 46 omnia
875 729 119 46 ossa
949 729 119 46 mea.
1023 729 74 46 O
1052 729 89 46 si
1082 729 178 46 perficere-

402 767 101 45 tur
459 767 86 45 in
502 767 101 45 me:
560 767 129 45 auge,
646 767 144 45 quaeso
747 767 158 45 luminis
862 767 158 45 auctor:
977 767 129 45 auge,
1063 767 158 45 quaeso,
1164 767 86 45 quod

405 806 129 47 intus
491 806 129 47 lucet
577 806 86 47 in
620 806 101 47 me:
678 806 201 47 dilatetur,
836 806 172 47 obsecro,
965 806 187 47 dilatetur
1108 806 86 47 ex
1151 806 101 47 te.
1195 806 57 47 Ei

394 852 160 43 paucis
506 852 256 43 interpositis
714 852 176 43 subdit.
841 852 160 43 Olumen
953 852 224 43 meridianum
1113 852 144 43 illumi-

393 888 141 45 nans
482 888 159 45 omnem
588 888 194 45 mundum,
729 888 159 45 cuius
835 888 124 45 lux
906 888 177 45 implet
1029 888 194 45 mundum:
1153 888 106 45 vaeh

406 923 132 45 illis
494 923 161 45 oculis,
611 923 102 45 qui
670 923 88 45 te
714 923 102 45 non
772 923 161 45 vident:
889 923 102 45 sol
948 923 205 45 illuminans
1109 923 146 45 caelum
1211 923 73 45 &

394 968 167 40 terram:
515 968 121 40 vaeh
591 968 243 40 caligantibus
788 968 167 40 oculis,
909 968 106 40 qui
970 968 91 40 te
1016 968 152 40 videre
1122 968 106 40 non
1167 968 76 40 pos

398 1001 141 52 sunt.
493 1001 94 52 Ad
540 1001 141 52 cuius
634 1001 173 52 luminis
759 1001 157 52 plenam
869 1001 251 52 perceptionem
1074 1001 188 52 aeterne.
1199 1001 63 52 s.

401 1044 141 48 vitae
495 1044 281 48 consolationem,
729 1044 109 48 nos
792 1044 187 48 perducat
933 1044 125 48 ipse
1011 1044 219 48 consolator
1167 1044 78 48 cun

398 1080 158 44 ctorum
509 1080 174 44 dominus
635 1080 221 44 dominorum,
808 1080 110 44 qui
871 1080 158 44 viuit,
982 1080 79 44 &
1013 1080 158 44 regnat
1124 1080 95 44 in
1155 1080 95 44 sae-

385 1118 133 46 cula
469 1118 250 46 saeculorum,
652 1118 117 46 Amen-

580 1197 234 69 Quaestio
755 1197 175 69 prima
852 1197 195 69 Pvrologi

382 1279 101 62 An
433 1279 134 62 Deus
516 1279 117 62 sub
584 1279 185 62 ratione
718 1279 218 62 abyssali,
886 1279 117 62 vel
953 1279 201 62 absoluta
1087 1279 168 62 subiicia

637 1325 113 82 tur
701 1325 97 82 in
750 1325 145 82 sacra
831 1325 178 82 scriptura

636 1752 123 42 TRVM
712 1752 123 42 Deus
789 1752 107 42 sub
850 1752 169 42 ratione
973 1752 199 42 abyssali,
1126 1752 107 42 vel
1172 1752 77 42 ab-

635 1787 148 48 soluta
739 1787 221 48 subiiciatur
916 1787 89 48 in
960 1787 133 48 sacra
1048 1787 207 48 theologia.
1196 1787 44 48 E

641 1825 147 44 videtur
748 1825 120 44 primo
828 1825 107 44 quod
895 1825 107 44 sic:
962 1825 107 44 quia
1029 1825 80 44 in
1069 1825 120 44 nulla
1136 1825 107 44 scien-

634 1867 103 45 tia
693 1867 191 45 subiectum
840 1867 205 45 subiicitur
1001 1867 103 45 sub
1059 1867 161 45 ratione
1162 1867 88 45 sibi

631 1909 196 43 intrinsece
785 1909 210 43 repugnante,
954 1909 98 43 sed
1010 1909 126 43 ratio
1094 1909 140 43 finita
1178 1909 70 43 for

598 1947 75 45 d
628 1947 179 45 maliter,
762 1947 75 45 &
792 1947 209 45 intrinsece
956 1947 179 45 repugnat
1091 1947 119 45 ipsi
1165 1947 119 45 Deo:

391 1986 116 45 quia
463 1986 116 45 ipse
535 1986 217 45 formaliter,
709 1986 72 45 &
738 1986 203 45 intrinsece
897 1986 101 45 est
955 1986 203 45 infinitus,
1114 1986 116 45 ergo
1172 1986 72 45 &c.

402 2024 79 47 2
434 2024 206 47 Praeterea
592 2024 95 47 vt
640 2024 142 47 patet
735 2024 95 47 2.
782 2024 158 47 metaph
893 2024 142 47 sicut
988 2024 95 47 se
1035 2024 142 47 habet
1130 2024 111 47 res
1178 2024 63 47 ad

386 2064 129 43 esse,
472 2064 100 43 sic
529 2064 86 43 se
572 2064 129 43 habet
657 2064 86 43 ad
700 2064 186 43 cognosei,
843 2064 72 43 &
872 2064 114 43 inde
944 2064 157 43 videtur
1058 2064 172 43 habuisse
1172 2064 72 43 or-

387 2106 110 46 tum
450 2106 125 46 illa
528 2106 172 46 vulgata
654 2106 204 46 proposito
810 2106 125 46 apud
889 2106 251 46 grammatioos,
1092 2106 188 46 logicos,

386 2141 80 50 &
418 2141 239 50 philosophos
609 2141 192 50 scilicet
753 2141 128 50 quod
833 2141 128 50 modi
913 2141 255 50 intelligendi
1104 2141 128 50 sequun

376 2185 111 46 tur
439 2185 142 46 modos
534 2185 190 46 essendi,
677 2185 79 46 &
708 2185 127 46 modi
787 2185 253 46 fignificandi
993 2185 206 46 sequuntur
1135 2185 111 46 modos

381 2219 251 44 intelligendi,
588 2219 103 44 sed
647 2219 118 44 esse
721 2219 103 44 Dei
780 2219 103 44 est
839 2219 207 44 infinitum,
1001 2219 118 44 ergo
1060 2219 59 44 &c

386 2259 178 50 Contra.
515 2259 97 50 Si
564 2259 130 50 Deus
645 2259 97 50 in
693 2259 162 50 nostra
807 2259 211 50 theologia
969 2259 259 50 subiiceretur
1163 2259 81 50 sub

388 2298 162 45 ratione
506 2298 192 45 abyssali,
654 2298 74 45 &
683 2298 192 45 infinita,
831 2298 118 45 tunc
905 2298 192 45 theologia
1052 2298 148 45 nostra
1141 2298 103 45 esset

377 2331 187 52 scientia
518 2331 202 52 infinita,
673 2331 187 52 probatur
814 2331 265 52 consequentia,
1032 2331 125 52 quia
1094 2331 140 52 habitus

379 2372 246 61 specificantur
581 2372 87 61 ab
610 2372 159 61 obiectis.

533 2453 278 77 RES
692 2453 357 77 OLVTI
890 2453 159 77 O.

377 2534 126 83 Demum
461 2534 223 83 concluditur,
642 2534 98 83 quo
698 2534 98 83 sab
754 2534 153 83 ratione
865 2534 181 83 speciali,
1005 2534 167 83 quatenus
1130 2534 98 83 est
1172 2534 70 83 ve-

417 2597 95 60 rum
472 2597 122 60 summe
553 2597 190 60 diligibile
702 2597 81 60 vx
743 2597 230 60 proportimatum
932 2597 176 60 rationali
1068 2597 149 60 animae,
1163 2597 81 60 non-

419 2636 92 67 dum
471 2636 170 67 perfectae
602 2636 92 67 per
655 2636 144 67 habitum
760 2636 144 67 luminis
865 2636 144 67 gioriae
969 2636 92 67 sit
1009 2636 157 67 subiectum.

434 2726 204 50 ICENDVM
583 2726 148 50 quod
676 2726 130 50 hoc
750 2726 185 50 ordine
880 2726 130 50 est
954 2726 278 50 procedendum
1158 2726 74 50 in

377 2735 126 79 Dhac
456 2735 237 79 quaestione,
646 2735 79 79 &
678 2735 95 79 vt
725 2735 190 79 plurimum
867 2735 95 79 in
915 2735 142 79 aliis
1010 2735 158 79 operis
1105 2735 126 79 subse-

377 2813 162 48 quentis,
498 2813 242 48 praesuppositis
700 2813 175 48 terminis,
834 2813 94 48 vel
888 2813 121 48 ipsis
969 2813 215 48 notificatis,
1144 2813 81 48 si
1171 2813 67 48 per

373 2846 92 46 se
419 2846 108 46 non
465 2846 138 46 patent.

409 2884 160 50 Primo
516 2884 160 50 ponam
622 2884 302 50 conclusionem,
871 2884 142 50 quam
960 2884 178 50 tenere
1066 2884 160 50 propono

373 2926 113 41 quia
444 2926 113 41 ipsa
514 2926 184 41 conclusio
656 2926 155 41 intenta
769 2926 113 41 est,
839 2926 127 41 quasi
924 2926 141 41 signu,
1023 2926 170 41 respectu
1136 2926 99 41 cuius

367 2965 132 42 omnia
455 2965 117 42 alia
529 2965 264 42 considerantur,
748 2965 73 42 &
778 2965 264 42 introducuntur,
998 2965 103 42 vel
1056 2965 88 42 vt
1100 2965 88 42 in
1129 2965 103 42 ipsam

369 3003 168 42 tendunt,
495 3003 126 42 sicut
579 3003 168 42 rationes
705 3003 210 42 propositae,
873 3003 98 42 vel
929 3003 84 42 vt
971 3003 84 42 ab
1013 3003 112 42 ipsa
1069 3003 154 42 declinant

374 3038 71 48 &
402 3038 171 48 deuiant,
531 3038 128 48 sicut
616 3038 171 48 rationes
745 3038 214 48 contrariae.
916 3038 128 48 Sicut
1002 3038 143 48 igitur
1102 3038 100 48 ait
1144 3038 86 48 phi-

356 3083 208 57 losophus,
516 3083 241 57 Sagittantes
709 3083 160 57 signum
821 3083 176 57 habetes
949 3083 144 57 magis
1046 3083 160 57 vtique
1142 3083 96 57 adi

1297 244 199 67 piscuntur
1450 244 123 67 quod
1527 244 184 67 oportet:
1665 244 107 67 sic
1726 244 153 67 oculis
1834 244 153 67 mentis
1941 244 169 67 nostrae
2049 244 107 67 primo

1293 303 173 43 directis
1423 303 87 43 in
1466 303 245 43 conclusionem,
1668 303 101 43 tam
1726 303 101 43 ea,
1784 303 116 43 quae
1856 303 116 43 sunt
1928 303 101 43 pro
1986 303 130 43 ipsa,
2072 303 116 43 quam

1296 338 107 58 ea,
1357 338 122 58 quae
1433 338 122 58 sunt
1509 338 152 58 contra
1616 338 152 58 ipsam,
1722 338 183 58 facilius
1844 338 183 58 attingemus

1324 381 183 50 Secundo
1457 381 183 50 adducam
1590 381 216 50 opiniones
1756 381 232 50 contrarias
1938 381 116 50 cum
2005 381 133 50 suis
2071 381 83 50 mo-

1292 417 159 50 tiuis,
1404 417 80 50 &
1436 417 191 50 ostendam
1579 417 207 50 huiusmodi
1738 417 191 50 rationes
1866 417 207 50 concludere.

1304 454 169 59 Tertio
1422 454 186 59 firmabo
1557 454 270 59 conclusionem
1777 454 152 59 primo
1878 454 186 59 positam
1996 454 152 59 meliori

1299 497 134 53 modo,
1389 497 105 53 quo
1448 497 164 53 possum,
1568 497 75 53 &
1598 497 105 53 hic
1657 497 194 53 similiter
1807 497 105 53 est
1866 497 149 53 rectus
1971 497 134 53 ordo:
2046 497 105 53 quia,

1286 534 136 55 sicut
1377 534 106 55 ait
1437 534 151 55 Doeth.
1543 534 91 55 in
1588 534 151 55 commen
1694 534 136 55 supei
1785 534 136 55 libus
1861 534 287 55 praedicamentorum;

1312 578 114 45 rius
1383 578 114 45 sunt
1454 578 199 45 extirpanda
1611 578 142 45 vitia,
1711 578 114 45 quam
1782 578 114 45 sunt
1853 578 199 45 inferendae
1995 578 157 45 virtutes.

1292 616 91 54 De
1337 616 121 54 agro
1413 616 151 54 igitur
1519 616 242 54 conclusionis
1715 616 166 54 intente
1836 616 121 54 sunt
1912 616 136 54 prius
1988 616 166 54 extirpan-

1293 652 85 59 di
1335 652 170 59 tribuli,
1462 652 113 59 puta
1533 652 170 59 rationes
1660 652 226 59 sophisticae,
1844 652 141 59 quibus
1943 652 184 59 proposita
2070 652 71 59 ve-

1287 690 134 51 ritas
1376 690 223 51 tribulatur,
1554 690 119 51 quam
1629 690 193 51 veridicae
1777 690 178 51 rationes
1911 690 223 51 adducantur,
2074 690 74 51 qui

1296 739 110 42 bus
1359 739 142 42 eadem
1454 739 173 42 veritas
1564 739 221 42 confirmatur.

1299 770 161 59 Quarto
1411 770 225 59 respondebo
1588 770 96 59 ad
1637 770 225 59 argumenta,
1813 770 161 59 quibus
1926 770 129 59 ipsa
1990 770 161 59 quaestio

1257 808 262 51 proponebatur.

1335 851 178 51 Quantum
1464 851 162 51 igitur
1578 851 97 51 ad
1626 851 162 51 primum
1739 851 146 51 dico,
1837 851 129 51 quod
1917 851 129 51 Deus
1998 851 113 51 est
2047 851 97 51 sub-

1288 885 141 52 iectum
1386 885 141 52 sacrae
1485 885 197 52 scripturae
1640 885 98 52 sub
1696 885 155 52 ratione
1808 885 183 52 speciali,
1949 885 70 52 &
1977 885 98 52 non
2033 885 98 52 sub
2076 885 70 52 ra-

1288 926 131 53 tione
1376 926 190 53 absoluta,
1522 926 117 53 siue
1595 926 190 53 abyssali.
1741 926 88 53 Et
1784 926 131 53 licet
1872 926 204 53 deficiamus
2032 926 88 53 in
2061 926 88 53 nomi

1291 967 129 53 nibus
1377 967 186 53 subiectum
1520 967 143 53 istius
1620 967 201 53 benedictae
1778 967 186 53 scientiae
1921 967 100 53 sub
1978 967 115 53 tali
2035 967 115 53 ratio-

1282 1007 89 57 ne
1327 1007 178 57 speciali
1460 1007 238 57 sufficienter
1654 1007 253 57 exprimentibus
1862 1007 74 57 :
1891 1007 149 57 potest
1995 1007 134 57 tamen
2070 1007 74 57 sic

1284 1044 202 56 describi,
1440 1044 93 56 vt
1486 1044 186 56 dicatur,
1626 1044 140 56 verum
1719 1044 140 56 summe
1812 1044 217 56 diligibile
1983 1044 93 56 vt
2014 1044 140 56 propor-

1285 1088 188 52 tionatum
1426 1088 109 52 est
1489 1088 203 52 rationali
1645 1088 156 52 animae
1754 1088 156 52 nondum
1864 1088 188 52 persecte
2004 1088 109 52 per
2051 1088 94 52 habi

1282 1126 108 47 tum
1343 1126 169 47 luminis
1466 1126 185 47 gloriae.
1605 1126 92 47 In
1651 1126 123 47 ista
1728 1126 246 47 descriptione
1928 1126 138 47 verum
2005 1126 138 47 ponitur

1289 1169 102 51 pro
1348 1169 161 51 genere:
1465 1169 88 51 in
1508 1169 102 51 hoc
1567 1169 131 51 enimi
1654 1169 204 51 conueniunt
1815 1169 131 51 omnes
1902 1169 204 51 scientiae,
2048 1169 88 51 quod

1288 1201 191 56 subiectum
1435 1201 206 56 cuiuslibet
1597 1201 191 56 scientiae
1744 1201 162 56 aliquod
1862 1201 132 56 verum
1950 1201 103 56 est
2009 1201 74 56 :
2023 1201 118 56 cetera

1275 1243 136 53 autem
1365 1243 181 53 ponuntur
1501 1243 106 53 pro
1562 1243 256 53 differentiis:
1773 1243 121 53 quia
1848 1243 106 53 per
1909 1243 211 53 diligibile
2059 1243 91 53 dif-

1291 1283 103 50 ert
1350 1283 103 50 tam
1409 1283 74 50 a
1438 1283 206 50 practicis,
1600 1283 118 50 quam
1659 1283 206 50 speculatiuis

1319 1317 97 56 Ad
1367 1317 146 56 cuius
1465 1317 292 56 intelligentiam
1709 1317 114 56 est
1773 1317 244 56 aduertedum,
1968 1317 130 56 quod
2033 1317 114 56 quan-

1271 1352 190 60 documque
1414 1352 143 60 ratio
1509 1352 190 60 subiecti
1652 1352 175 60 proprie
1779 1352 238 60 exprimitur,
1969 1352 127 60 tunc
2033 1352 111 60 debet

1276 1403 172 49 nominari
1405 1403 86 49 in
1448 1403 143 49 ordine
1548 1403 86 49 ad
1591 1403 143 49 finem.
1691 1403 115 49 quod
1763 1403 129 49 patet
1849 1403 86 49 in
1892 1403 243 49 speculatiuis,
2078 1403 57 49 in

1273 1446 134 47 quibus
1366 1446 134 47 verum,
1460 1446 80 47 vt
1500 1446 120 47 verum
1580 1446 94 47 est
1633 1446 174 47 subiectu:
1767 1446 107 47 quia
1834 1446 147 47 Veritas
1941 1446 94 47 est
1994 1446 120 47 finis
2061 1446 67 47 spe

1280 1482 198 52 culatiuae,
1435 1482 85 52 vt
1478 1482 127 52 patet
1563 1482 85 52 2.
1605 1482 155 52 metaph.
1718 1482 85 52 In
1760 1482 184 52 practicis
1902 1482 141 52 verum,
2001 1482 85 52 vt
2029 1482 113 52 agile-

1295 1519 104 50 uia
1354 1519 133 50 finis
1443 1519 177 50 practice
1576 1519 104 50 est
1635 1519 133 50 opus,
1724 1519 89 50 vt
1768 1519 133 50 patet
1857 1519 163 50 ibidem.
1975 1519 148 50 igitur
2064 1519 74 50 cum

1285 1560 165 46 dilectio
1409 1560 96 46 Dei
1464 1560 96 46 sit
1519 1560 124 46 finis
1601 1560 206 46 theologiae,
1766 1560 82 46 vt
1807 1560 124 46 infra
1890 1560 165 46 patebit,
2013 1560 110 46 eius
2068 1560 69 46 ob-

1276 1607 144 45 ectum
1372 1607 176 45 proprie
1500 1607 176 45 dicetur
1629 1607 144 45 verum
1725 1607 176 45 diligib
1853 1607 112 45 le.
1917 1607 176 45 Additur
2030 1607 112 45 autem

1277 1633 293 52 Proportionatum,
1524 1633 108 52 &c.
1585 1633 93 52 ad
1632 1633 247 52 differentiam
1832 1633 201 52 scientiae
1987 1633 123 52 Dei,
2048 1633 93 52 quae

1280 1677 80 52 d
1312 1677 256 52 nobilissimum
1520 1677 208 52 subiectum
1680 1677 112 52 sub
1743 1677 176 52 ratione
1871 1677 192 52 infinita
1999 1677 144 52 compre-

1272 1711 180 57 hendit,
1403 1711 131 57 quae
1484 1711 147 57 nobis
1583 1711 115 57 non
1648 1711 115 57 est
1714 1711 295 57 proportionata.
1959 1711 131 57 Quod
2024 1711 115 57 autem

1274 1756 154 52 vltimo
1381 1756 169 52 additur
1504 1756 154 52 Nondum
1612 1756 215 52 perfectae,
1781 1756 108 52 &c.
1843 1756 108 52 est
1904 1756 92 52 ad
1935 1756 200 52 diferentiam

1270 1792 197 61 scientiae
1421 1792 197 61 beatorum,
1573 1792 151 61 quorum
1679 1792 151 61 animae
1785 1792 121 61 sunt
1860 1792 197 61 perfectae
2012 1792 106 61 per
2057 1792 76 61 ha-

1264 1829 168 49 bitum
1376 1829 205 49 luminis
1525 1829 224 49 gloriae.

1294 1871 105 60 Sed
1354 1871 149 60 contra
1458 1871 119 60 hanc
1533 1871 224 60 subiectalis
1712 1871 134 60 ronis
1802 1871 209 60 theologiae
1951 1871 194 60 notificatio

1268 1910 100 55 ne,
1325 1910 71 55 &
1353 1910 114 55 cius
1424 1910 242 55 explanationem
1624 1910 128 55 primo
1709 1910 171 55 videntur
1837 1910 100 55 ese
1894 1910 128 55 illi,
1979 1910 100 55 qui
2022 1910 114 55 dicunt

1271 1949 234 59 thicotogiam
1458 1949 171 59 proprie
1583 1949 125 59 esse
1661 1949 265 59 speculatiuam.
1879 1949 187 59 Secundo,
2019 1949 109 59 qui
2066 1949 78 59 di-

1269 1996 121 46 cunt
1345 1996 106 46 eam
1405 1996 121 46 esse
1481 1996 212 46 practicam.
1648 1996 167 46 Tertio,
1769 1996 106 46 qui
1830 1996 152 46 dicunt
1936 1996 106 46 eam
1996 1996 152 46 pract.

1275 2034 125 50 cam,
1354 2034 78 50 &
1385 2034 250 50 speculatiuam
1588 2034 156 50 simul.
1697 2034 94 50 De
1744 2034 109 50 his
1807 2034 172 50 omnibus
1932 2034 188 50 tractabo
2057 2034 78 50 in-

1274 2064 94 61 fra
1327 2064 148 61 quaest.
1435 2064 81 61 4.
1476 2064 108 61 art.
1543 2064 81 61 4.
1583 2064 135 61 Quarto
1678 2064 108 61 vero
1745 2064 108 61 sunt
1813 2064 135 61 contra
1907 2064 175 61 praedicta
2042 2064 121 61 illi,

1267 2113 111 48 qui
1331 2113 158 48 dicunt
1441 2113 127 48 idem
1521 2113 111 48 sub
1584 2113 143 48 eadem
1679 2113 174 48 ratione
1806 2113 127 48 esse
1885 2113 206 48 subiectum
2027 2113 111 48 scien

1279 2155 122 52 tiae
1355 2155 182 52 diuinae,
1492 2155 76 52 &
1522 2155 182 52 nostrae.
1659 2155 137 52 lllam
1750 2155 137 52 autem
1841 2155 182 52 rationem
1963 2155 167 52 appellant

1266 2188 189 44 rationem
1408 2188 204 44 absolutam
1565 2188 204 44 deitatis.
1722 2188 126 44 Quod
1801 2188 142 44 autem
1895 2188 126 44 Deus
1974 2188 94 44 in
2005 2188 126 44 scien-

1275 2220 103 56 tia
1334 2220 103 56 sua
1393 2220 236 56 consideratur
1585 2220 103 56 sub
1644 2220 103 56 hac
1703 2220 177 56 absoluta
1835 2220 177 56 ratione,
1968 2220 147 56 nullus
2056 2220 74 56 du-

1274 2261 141 61 bitat
1368 2261 125 61 ideo
1447 2261 172 61 alteram
1572 2261 157 61 partem
1682 2261 141 61 ipsi,
1776 2261 78 61 &
1807 2261 188 61 sequaces
1948 2261 141 61 eorum
2026 2261 110 61 multi

1282 2300 161 58 liciter
1399 2300 175 58 probant,
1531 2300 175 58 scilicet
1662 2300 117 58 quod
1735 2300 88 58 in
1779 2300 175 58 scientia
1910 2300 146 58 nostra
2013 2300 117 58 Deus
2071 2300 73 58 su-

1262 2346 186 48 biiciatur
1404 2346 100 48 sub
1462 2346 157 48 ratione
1576 2346 171 48 absoluta
1704 2346 143 48 ipsius
1790 2346 157 48 deitatis.

1295 2379 134 62 Primo
1384 2379 119 62 sic.
1459 2379 104 62 Sub
1518 2379 119 62 illa
1592 2379 163 62 ratione
1711 2379 208 62 subiicitur
1875 2379 163 62 aliquid
1993 2379 89 62 in
2023 2379 119 62 scien-

1267 2420 118 63 tia,
1341 2420 103 63 sub
1400 2420 103 63 qua
1458 2420 132 63 omnia
1547 2420 250 63 considerantur
1753 2420 88 63 in
1797 2420 118 63 ipsa
1870 2420 191 63 scientia,
2017 2420 103 63 sed
2061 2420 74 63 om-

1271 2456 100 64 nia
1328 2456 215 64 considerata
1500 2456 86 64 in
1542 2456 129 64 sacra
1628 2456 200 64 scriptura,
1786 2456 100 64 vel
1843 2456 114 64 sunt
1914 2456 114 64 ipse
1986 2456 129 64 Deus,
2057 2456 72 64 vel

1267 2495 204 55 habent
1410 2495 347 55 attributionem
1695 2495 123 55 ad
1757 2495 184 55 Deum,
1879 2495 163 55 ergo
1961 2495 102 55 &c.

1279 2538 82 52 2
1311 2538 229 52 Praeterea,
1491 2538 131 52 idem
1573 2538 82 52 &
1606 2538 115 52 sub
1672 2538 147 52 eadem
1770 2538 180 52 ratione
1901 2538 115 52 est
1950 2538 180 52 subiectum

1260 2573 203 63 scientiae,
1420 2573 73 63 &
1449 2573 232 63 principiorum
1638 2573 203 63 scientiae:
1798 2573 102 63 sed
1856 2573 218 63 articulorum
2016 2573 116 63 fidei,

1275 2619 102 54 qui
1334 2619 116 54 sunt
1406 2619 189 54 principia
1551 2619 145 54 istius
1653 2619 203 54 scientiae,
1813 2619 116 54 Deus
1886 2619 102 54 est
1944 2619 189 54 subiectum
2074 2619 73 54 sub

1263 2660 171 48 ratione
1388 2660 202 48 absoluta,
1544 2660 124 48 ergo
1606 2660 62 48 &c

1345 2693 214 69 Praeterca,
1513 2693 137 69 ratio
1604 2693 183 69 subiecti
1742 2693 137 69 debet
1834 2693 305 69 fundamentaliter,
2093 2693 76 69 &

1272 2744 231 55 virtualiter
1457 2744 200 55 continere
1611 2744 139 55 omnes
1703 2744 200 55 veritates
1857 2744 200 55 contentas
2012 2744 93 55 in
2042 2744 93 55 ipso

1260 2771 168 61 habitu:
1382 2771 107 61 sed
1443 2771 107 61 hoc
1504 2771 107 61 non
1565 2771 153 61 potest
1672 2771 92 61 in
1718 2771 198 61 theologia
1870 2771 153 61 aliqua
1977 2771 137 61 ratio
2053 2771 92 61 spe-

1254 2811 168 50 cialis,
1376 2811 77 50 &
1407 2811 214 50 contracta,
1575 2811 122 50 ergo
1636 2811 77 50 &c.

1281 2853 76 60 4
1311 2853 212 60 Draeterea,
1478 2853 136 60 ratio
1569 2853 182 60 aosoluta
1705 2853 182 60 deitatis
1842 2853 106 60 est
1903 2853 136 60 prior
1994 2853 121 60 omni
2054 2853 76 60 ra-

1279 2889 132 64 tione
1367 2889 205 64 contracta:
1528 2889 117 64 ergo
1601 2889 88 64 si
1645 2889 117 64 Deus
1719 2889 132 64 esset
1806 2889 176 64 subiectu
1938 2889 161 64 nostrae
2041 2889 102 64 theo-

1271 2929 155 58 logiae
1379 2929 108 58 sub
1441 2929 170 58 ratione
1565 2929 217 58 contracta,
1735 2929 201 58 oporteret
1890 2929 124 58 dare
1968 2929 201 58 scientiam

1265 2966 126 74 vnam
1344 2966 173 74 priorem
1470 2966 142 74 illa,
1565 2966 126 74 quae
1643 2966 126 74 Deum
1722 2966 110 74 sub
1785 2966 126 74 tali
1864 2966 173 74 ratione
1974 2966 158 74 absoluta

1239 3006 246 51 consideraret.

1267 3053 83 59 3
1301 3053 232 59 Praeterea,
1483 3053 99 59 in
1532 3053 215 59 theologia
1698 3053 199 59 beatorum
1847 3053 132 59 Dets
1930 3053 116 59 est
1979 3053 166 59 subiectu

1256 3083 108 69 sub
1317 3083 170 69 ratione
1441 3083 201 69 absoluta,
1595 3083 124 69 ergo
1673 3083 77 69 &
1704 3083 93 69 in
1750 3083 201 69 theologia
1904 3083 170 69 nostra,
2012 3083 124 69 conse
