2378 3529
177 241 154 57 Quarto
285 241 124 57 quia
362 241 93 57 tu
408 241 124 57 ipse
485 241 154 57 dicis,
594 241 124 57 quod
671 241 108 57 sit
733 241 232 57 priuationis
903 241 154 57 priuatio

190 302 146 38 priuat
293 302 117 38 enim
366 302 205 38 diuisione,
527 302 117 38 quae
600 302 102 38 est
659 302 161 38 quaedam
776 302 190 38 priuatio.
922 302 132 38 Sicut
995 302 59 38 es

185 326 93 52 go
232 326 171 52 negatio
357 326 218 52 negationis
528 326 156 52 semper
637 326 171 52 aliquid
762 326 156 52 ponit:
871 326 125 52 quia
933 326 125 52 duplex

176 370 166 60 negatio
296 370 105 60 est
357 370 135 60 quasi
447 370 105 60 vna
507 370 226 60 affirmatio,
688 370 105 60 sic
748 370 151 60 duplex
853 370 181 60 priuatio
974 370 90 60 erit

194 408 110 53 vna
257 408 172 53 posito.

209 451 178 45 Quinto:
338 451 130 45 quia
420 451 146 45 dicit
517 451 243 45 Commentator
711 451 97 45 1o
760 451 178 45 metaph.
890 451 130 45 quoe
955 451 113 45 vnum,

192 487 104 44 ens
251 487 104 44 non
311 487 208 44 differunt,
474 487 119 44 nisi
548 487 89 44 in
593 487 267 44 consignificato
815 487 119 44 ergo
889 487 89 44 in
919 487 148 44 principa

188 529 238 41 isignificato
382 529 149 41 dicunt
486 529 134 41 idem.
575 529 104 41 Sed
635 529 149 41 illud,
739 529 119 41 quod
814 529 253 41 principaliter
1007 529 60 41 di

182 570 111 45 cit
245 570 127 45 quid
325 570 206 45 positiuum
483 570 79 45 &
514 570 221 45 tantummodo
688 570 95 45 in
736 570 237 45 significato
926 570 111 45 est
973 570 95 45 quid

186 609 231 47 priuatiuum,
371 609 108 47 hoc
432 609 247 47 simpliciter,
633 609 77 47 &
664 609 185 47 absolute
803 609 139 47 debet
895 609 123 47 dici
957 609 108 47 posit

187 645 124 52 uum,
264 645 139 52 licet
356 645 185 52 secundum
495 645 139 52 quid,
588 645 170 52 ratione
712 645 293 52 consignificati,
943 645 124 52 possit

192 686 132 51 lici
274 686 247 51 priuatiuum.
471 686 115 51 Nec
537 686 148 51 etiam
636 686 148 51 vnum,
735 686 132 51 quod
817 686 115 51 est
866 686 198 51 principium

179 726 181 42 numeri,
310 726 165 42 potest
426 726 132 42 esse
491 726 198 42 priuatiuum

195 771 173 46 Primo:
316 771 138 46 quia
402 771 156 46 habet
506 771 208 46 rationem
662 771 225 46 mensurae:
835 771 138 46 quia
904 771 156 46 numerus

188 803 110 51 est
251 803 205 51 multitudo
409 803 205 51 mensurata
566 803 110 51 per
630 803 142 51 vnum,
724 803 95 51 vt
771 803 173 51 dicitur
897 803 95 51 1o
929 803 126 51 metaph

224 843 187 46 Secundo:
365 843 125 46 quia
442 843 125 46 quod
520 843 109 46 est
582 843 265 46 constitutiuum
800 843 202 46 positiui,
956 843 109 46 non
1003 843 62 46 po

187 884 122 44 test
263 884 122 44 esse
339 884 228 44 priuatiuum,
521 884 106 44 sed
582 884 91 44 ex
628 884 213 44 vnitatibus
795 884 243 44 constituitur
978 884 91 44 nume

187 928 115 48 rus,
259 928 101 48 qui
316 928 101 48 est
374 928 159 48 species
490 928 216 48 quantitatis
663 928 188 48 positiua,
807 928 115 48 ergo
865 928 72 48 &c.

200 970 105 43 Sed
260 970 120 43 ista
335 970 149 43 opinio
439 970 105 43 sic
499 970 194 43 absolute,
648 970 75 43 &
678 970 120 43 sine
753 970 239 43 distinctione
932 970 135 43 prolata

193 1002 120 46 non
261 1002 188 46 videtur
398 1002 137 46 bene
484 1002 188 46 sonare:
620 1002 137 46 quia
706 1002 205 46 secundum
843 1002 222 46 philosophum

180 1041 105 47 5.
233 1041 175 47 metaph
356 1041 158 47 Omnia
461 1041 210 47 dicuntur
618 1041 140 47 vnum
706 1041 228 47 inquantum
881 1041 123 47 non
933 1041 123 47 diui-

184 1083 170 43 duntur,
307 1083 108 43 sed
369 1083 108 43 non
430 1083 154 43 diuidi
538 1083 108 43 est
600 1083 170 43 quaedam
723 1083 185 43 negatio,
862 1083 123 43 siuc
923 1083 139 43 remotio

191 1119 125 47 ergo
270 1119 125 47 unum
348 1119 110 47 non
411 1119 235 47 praedicatur
599 1119 235 47 simpliciter
772 1119 172 47 positiue-

230 1158 133 47 Alij
314 1158 183 47 dicunt,
447 1158 133 47 quod
530 1158 133 47 omne
614 1158 150 47 vnum,
714 1158 133 47 siue
797 1158 250 47 conuertatur
981 1158 83 47 cum

195 1200 133 41 ente,
284 1200 118 41 siue
358 1200 103 41 sit
417 1200 207 41 principium
579 1200 162 41 numeri,
697 1200 221 41 simpliciter
874 1200 133 41 dicit
948 1200 118 41 priua-

194 1239 173 47 tionem.
320 1239 142 47 Nulla
415 1239 142 47 tamen
509 1239 158 47 motiua
620 1239 142 47 eorum
714 1239 173 47 inueni,
840 1239 126 47 quae
919 1239 126 47 sint
982 1239 79 47 ali

198 1278 133 42 tuius
287 1278 222 42 efficaciae,
465 1278 118 42 siue
539 1278 192 42 ponderis;
687 1278 118 42 ergo
761 1278 118 42 hanc
835 1278 207 42 opinionem,
983 1278 74 42 tam

196 1315 131 52 quam
278 1315 147 52 minus
376 1315 131 52 bene
458 1315 213 52 fulcitam,
622 1315 213 52 immediate
785 1315 180 52 dimitto
900 1315 164 52 Inferius

195 1356 139 49 etiam
287 1356 247 49 distinctione
488 1356 108 49 24.
549 1356 185 49 probabo,
688 1356 123 49 quod
765 1356 123 49 vnum
842 1356 185 49 existens
965 1356 93 49 prit

188 1397 159 41 tipium
299 1397 175 41 numeri,
426 1397 143 41 dicit
521 1397 127 41 quid
601 1397 222 41 positiuum.
775 1397 95 41 Si
823 1397 143 41 etiam
902 1397 159 41 breuiter

199 1432 99 52 se
249 1432 149 52 prima
349 1432 199 52 opinione
498 1432 166 52 vellem
614 1432 99 52 me
663 1432 215 52 expedire,
829 1432 182 52 dicerem
945 1432 116 52 iuxta

196 1474 259 53 distinctionem,
411 1474 115 53 quam
483 1474 129 53 posui
570 1474 86 53 in
613 1474 187 53 principio
757 1474 144 53 istius
857 1474 187 53 articuli,
987 1474 86 53 quod

200 1518 138 48 omnes
291 1518 138 48 illae
383 1518 183 48 rationes
521 1518 168 48 arguunt
643 1518 92 48 de
689 1518 214 48 substrato,
857 1518 122 48 siue
918 1518 153 48 connota-

193 1560 95 43 to
241 1560 158 43 ipsius
351 1560 158 43 vnius,
461 1560 110 43 non
524 1560 142 43 autem
619 1560 95 43 de
666 1560 110 43 eo,
729 1560 126 43 quod
808 1560 142 43 ipsum
902 1560 126 43 vnum
965 1560 95 43 for-

196 1594 167 50 maliter
317 1594 136 50 addit
408 1594 136 50 super
499 1594 136 50 ipsum
590 1594 227 50 substratum,
771 1594 121 50 siue
847 1594 136 50 super
938 1594 136 50 ipsam
1013 1594 61 50 es

200 1632 174 44 sentiam
327 1632 190 44 diuinam.
469 1632 142 44 Tamen
564 1632 174 44 ratione
690 1632 174 44 maioris
817 1632 221 44 exercitij,
975 1632 95 44 volo

204 1674 218 39 respondere
376 1674 109 39 per
438 1674 171 39 ordinem
562 1674 93 39 ad
609 1674 140 39 illas
687 1674 171 39 rationes.

244 1684 104 75 Ad
296 1684 173 75 primum
416 1684 138 75 ergo
503 1684 225 75 dicendum,
676 1684 138 75 quod
762 1684 121 75 non
831 1684 121 75 est
900 1684 173 75 simile
1004 1684 69 75 de

195 1747 122 42 vno,
271 1747 76 42 &
302 1747 137 42 alijs
393 1747 153 42 tribus
500 1747 305 42 trascendentibus:
759 1747 122 42 quia
835 1747 183 42 formalis
957 1747 107 42 ratio

202 1785 202 53 includit
354 1785 235 53 negationem
539 1785 168 53 vnius,
656 1785 118 53 vel
724 1785 252 53 priuationem
909 1785 151 53 diuisio

202 1828 122 48 nis,
278 1828 107 48 vel
339 1828 275 48 distinctionis;
569 1828 138 48 ratio
660 1828 122 48 vero
737 1828 138 48 entis
828 1828 168 48 sumitur
951 1828 76 48 a
966 1828 107 48 natu-

201 1867 91 47 ra
246 1867 122 47 rei;
322 1867 137 47 ratio
414 1867 122 47 veri
490 1867 91 47 in
535 1867 152 47 ordine
642 1867 91 47 ad
687 1867 243 47 intellectum;
885 1867 137 47 ratio
961 1867 106 47 autem

202 1907 134 41 boni
286 1907 100 41 in
336 1907 167 41 ordine
453 1907 100 41 ad
504 1907 234 41 appetitum.
688 1907 100 41 Et
738 1907 134 41 ideo
822 1907 201 41 formalis
956 1907 117 41 ratio

208 1950 212 53 reterorum
371 1950 147 53 trium
468 1950 163 53 nullam
582 1950 228 53 negationem
762 1950 212 53 includit,
924 1950 130 53 ergo
990 1950 81 53 non

208 1984 101 49 est
251 1984 129 49 simile,

247 2019 101 55 Ad
298 2019 202 55 secundum
449 2019 218 55 dicendum,
617 2019 134 55 quod
701 2019 151 55 vnum,
801 2019 185 55 quantum
936 2019 101 55 ad
969 2019 101 55 suum

200 2062 186 56 formale,
340 2062 124 56 quod
418 2062 140 56 addit
511 2062 140 56 super
604 2062 124 56 suum
682 2062 233 56 substratum,
868 2062 93 56 de
915 2062 109 56 quo
961 2062 109 56 prae-

210 2104 185 44 dicatur,
348 2104 200 44 opponitur
503 2104 247 44 multitudini,
703 2104 77 44 &
734 2104 93 44 vt
780 2104 108 44 sic
842 2104 108 44 non
888 2104 185 44 constituit

200 2141 261 47 multitudinem,
415 2141 138 47 tamen
507 2141 169 47 ratione
630 2141 108 47 sui
692 2141 215 47 substrati,
861 2141 92 47 vt
892 2141 185 47 substratum

210 2183 96 46 est
265 2183 234 46 triplicabile,
458 2183 96 46 est
513 2183 124 46 causa
596 2183 110 46 mult
651 2183 138 46 itudinis

254 2221 92 44 Ad
300 2221 168 44 tertium
422 2221 199 44 dicendum,
575 2221 122 44 quod
651 2221 107 44 non
712 2221 107 44 est
773 2221 168 44 simile:
896 2221 122 44 quia
957 2221 122 44 sabien

219 2261 105 41 tia
279 2261 135 41 dicit
369 2261 240 41 perfectiorem
564 2261 240 41 simpliciter,
759 2261 120 41 vnum
834 2261 150 41 autem,
939 2261 120 41 quod
999 2261 75 41 est

208 2300 97 50 de
256 2300 274 50 praedicamento
482 2300 258 50 quantitatis,
692 2300 113 50 cum
756 2300 113 50 sit
821 2300 129 50 quid
885 2300 194 50 mathemati-

212 2339 128 49 cum,
292 2339 112 49 non
356 2339 144 49 dicit
451 2339 255 49 perfectionem
659 2339 255 49 simpliciter;
866 2339 80 49 &
898 2339 128 49 idco
962 2339 112 49 quam-

213 2384 102 42 uis
272 2384 190 42 sapientia
418 2384 205 42 formaliter
579 2384 102 42 sit
638 2384 88 42 in
682 2384 117 42 Deo,
755 2384 73 42 &
784 2384 190 42 positiue,
931 2384 102 42 non
975 2384 102 42 tamen

201 2419 141 61 tale
272 2419 123 61 vnum.

247 2458 102 46 Ad
298 2458 187 46 quartum
434 2458 221 46 dicendum,
604 2458 136 46 quod
690 2458 119 46 vbi
758 2458 204 46 opposita
911 2458 136 46 sunt
979 2458 102 46 imme

209 2484 165 58 diata,
325 2484 165 58 remoto
441 2484 116 58 vno
507 2484 248 58 oppositorum
706 2484 182 58 ponitur
838 2484 215 58 reliquum,
987 2484 83 58 Cum

199 2540 139 47 ergo
286 2540 157 47 vnum,
390 2540 87 47 &
425 2540 157 47 multa
529 2540 244 47 opponantur
721 2540 244 47 immediate,
895 2540 191 47 quicumque

201 2575 182 53 negaret
334 2575 182 53 diuinam
466 2575 215 53 essentiam
632 2575 132 53 esse
715 2575 149 53 vnam,
814 2575 215 53 immediate
963 2575 116 53 pone-

224 2614 93 43 et
271 2614 140 43 ipsam
364 2614 124 43 esse
442 2614 171 43 multam,
567 2614 78 43 &
598 2614 233 43 distinctam,
784 2614 78 43 &
816 2614 124 43 ideo
893 2614 156 43 vnitas
1002 2614 109 43 non

210 2658 146 53 potest
313 2658 73 53 a
342 2658 103 53 Deo
401 2658 146 53 negari
503 2658 117 53 sine
576 2658 190 53 haeretica
708 2658 176 53 prauitate.

255 2691 96 57 Ad
303 2691 177 57 quintum
432 2691 209 57 dicendum,
593 2691 129 57 quod
673 2691 161 57 vnitas
786 2691 96 57 in
834 2691 177 57 diuinis
962 2691 113 57 non
1011 2691 64 57 di

216 2731 106 60 cit
277 2731 288 60 imperfectionem,
519 2731 106 60 cum
580 2731 106 60 sit
641 2731 182 60 priuatio
777 2731 288 60 imperfectionis,
1005 2731 76 60 pu-

215 2772 86 49 ta
258 2772 215 49 diuisionis,

266 2803 98 56 Ad
315 2803 163 56 sextum
429 2803 212 56 dicendum,
592 2803 131 56 quod
674 2803 180 56 termini
804 2803 212 56 numerales
968 2803 98 56 in
1000 2803 82 56 di-

213 2852 135 48 uinis
303 2852 135 48 nihil
394 2852 151 48 addunt
499 2852 181 48 positiue
634 2852 135 48 super
725 2852 151 48 illud,
830 2852 90 48 de
875 2852 105 48 quo
920 2852 166 48 praedican

230 2894 107 49 tur;
297 2894 67 49 &
324 2894 107 49 ideo
391 2894 81 49 si
431 2894 215 49 praedicantur
606 2894 81 49 de
646 2894 242 49 essentialibus,
848 2894 107 49 tunc
901 2894 175 49 significant

213 2932 200 47 essentiam,
370 2932 86 47 si
413 2932 86 47 de
456 2932 243 47 personalibus,
656 2932 114 47 tunc
727 2932 214 47 significant
884 2932 172 47 relationem

266 2971 101 50 Ad
317 2971 202 50 septimum
468 2971 219 50 dicendum,
636 2971 134 50 quod
720 2971 134 50 vnum
804 2971 185 50 proprie
939 2971 118 50 non
989 2971 84 50 op-

216 3009 165 51 ponitur
336 3009 195 51 priuatiue
486 3009 240 51 multitudini,
682 3009 105 51 sed
742 3009 210 51 diuisioni,
907 3009 75 51 &
937 3009 120 51 illa
997 3009 75 51 se-

211 3052 168 49 cundum
329 3052 185 49 nostrum
463 3052 151 49 modum
564 3052 269 49 intelligendi
782 3052 117 49 est
849 3052 151 49 prior
950 3052 134 49 vno,
1034 3052 84 49 &

202 3091 159 56 ipsum
308 3091 141 56 vnum
396 3091 123 56 per
467 3091 176 56 ipsam,
590 3091 194 56 tamquam
731 3091 123 56 per
801 3091 141 56 suum
872 3091 211 56 oppositum,

1097 236 215 76 diffinitur,
1269 236 100 76 cum
1326 236 172 76 priuatio
1455 236 215 76 diffiniatur
1627 236 100 76 per
1685 236 100 76 id,
1742 236 129 76 quod,
1828 236 158 76 priuat.
1929 236 57 76 Vn

1103 289 112 49 de,
1167 289 144 49 sicut
1263 289 144 49 dicit
1360 289 160 49 doctor
1472 289 192 49 communis
1616 289 96 49 de
1664 289 192 49 potentia
1809 289 128 49 Dei,
1873 289 112 49 quae-

1092 327 160 55 stione
1204 327 112 55 78.
1268 327 128 55 ista
1348 327 96 55 se
1396 327 160 55 habent
1508 327 112 55 per
1571 327 176 55 prdinem
1699 327 192 55 secundum
1827 327 144 55 nostrum

1098 376 145 45 modum
1195 376 226 45 intelligen
1372 376 113 45 di.
1437 376 145 45 Primo
1533 376 129 45 enim
1614 376 226 45 concipitur
1792 376 129 45 ens.
1856 376 113 45 Secun

1097 411 85 57 do
1139 411 100 57 non
1196 411 114 57 ens.
1267 411 142 57 Tertio
1367 411 213 57 intellectus
1538 411 213 57 diuisionis:
1708 411 114 57 quia
1779 411 85 57 ex
1822 411 114 57 hoc,
1879 411 85 57 quam

1092 452 161 51 aliquid
1210 452 235 51 intelligitur
1401 452 132 51 esse,
1489 452 73 51 &
1518 452 103 51 non
1577 452 235 51 intelligitur
1768 452 103 51 hoc
1826 452 132 51 esse,
1900 452 73 51 im-

1094 492 169 42 mediate
1216 492 215 42 concipitur
1385 492 199 42 indiuisum
1539 492 92 42 ab
1585 492 107 42 eo.
1646 492 153 42 Quarto
1753 492 215 42 concipitur
1907 492 61 42 vt

1101 526 137 59 vnum,
1192 526 122 59 puta
1269 526 214 59 concipitur
1436 526 92 59 vt
1482 526 92 59 in
1528 526 92 59 se
1574 526 214 59 indiuisum.
1741 526 92 59 Et
1787 526 92 59 ex
1833 526 107 59 hoc
1879 526 92 59 quin

1102 571 90 44 to
1147 571 225 44 consequitur
1327 571 225 44 intellectus
1507 571 255 44 multitudinis,
1718 571 90 44 s.
1763 571 135 44 prout
1853 571 105 44 hoc
1898 571 75 44 ens

1104 607 139 51 intel
1196 607 170 51 ligitur
1320 607 170 51 diuisum
1443 607 93 51 ab
1489 607 139 51 illo,
1582 607 77 51 &
1613 607 185 51 vtrumque
1752 607 170 51 ipsorum
1875 607 93 51 in
1906 607 62 51 se

1093 651 245 47 concipitur
1286 651 105 47 vt
1339 651 158 47 vnum.
1444 651 298 47 Quantumcumque
1690 651 140 47 enim
1777 651 175 47 aliqua
1882 651 88 47 in-

1104 687 237 50 telligantur
1294 687 174 50 diuisa,
1420 687 111 50 non
1483 687 253 50 intelligitur
1689 687 142 50 tamen
1783 687 142 50 forma
1862 687 111 50 liter

1101 729 227 52 multitudo,
1279 729 130 52 nisi
1360 729 211 52 quodlibet
1522 729 211 52 diuisorum
1684 729 243 52 concipiatur
1863 729 97 52 es-

1098 764 106 54 se
1134 764 123 54 vnum.

1136 803 99 49 Ad
1185 803 181 49 octauum
1317 803 198 49 dicendum
1465 803 148 49 sicut
1564 803 115 49 iam
1630 803 165 49 dictum
1729 803 82 49 est

1126 829 107 67 Ad
1180 829 161 67 nonum
1287 829 232 67 dicendum,
1465 829 143 67 quod
1555 829 143 67 vnum
1644 829 125 67 non
1715 829 250 67 compatitur
1894 829 71 67 se

1100 882 112 57 cum
1164 882 287 57 distinctionem,
1403 882 128 57 siue
1483 882 239 57 diuisionem,
1674 882 128 57 quam
1754 882 175 57 priuat,
1865 882 96 57 puta

1089 920 151 46 vnitas
1195 920 197 46 essentiae
1346 920 182 46 excludit
1483 920 212 46 diuisionem
1649 920 212 46 essentiae,
1816 920 106 46 non
1861 920 106 46 tamen

1100 972 192 43 excludit
1244 972 224 43 diuisionem
1420 972 240 43 personarum:
1613 972 128 43 quia
1693 972 128 43 illi
1773 972 112 43 non
1821 972 144 43 opponi-

1107 1000 119 44 tur,
1181 1000 178 44 opposita
1315 1000 119 44 enim
1389 1000 208 44 priuatiua,
1552 1000 134 44 sicut
1641 1000 134 44 etiam
1716 1000 237 44 contradictoria

1095 1042 163 55 debent
1209 1042 130 55 sumi
1290 1042 195 55 respectu
1436 1042 195 55 eiusdem,
1583 1042 81 55 &
1615 1042 195 55 secundum
1762 1042 146 55 idem,
1843 1042 114 55 sicus

1100 1078 122 55 ergo
1176 1078 182 55 priuatio
1313 1078 137 55 nigri
1404 1078 106 55 non
1465 1078 182 55 excludit
1601 1078 213 55 positionem
1768 1078 137 55 albi,
1860 1078 106 55 vel
1905 1078 61 55 cu

1099 1119 194 52 iuscumque
1248 1119 179 52 alterius
1383 1119 164 52 coloris
1502 1119 75 52 a
1532 1119 209 52 nigredine,
1696 1119 105 52 sic
1756 1119 149 52 vnitas
1846 1119 119 52 essen-

1095 1159 134 50 tiae
1179 1159 117 50 non
1246 1159 201 50 excludit
1397 1159 235 50 diuisionem
1581 1159 251 50 personarum,
1783 1159 117 50 nec
1833 1159 134 50 vnitas

1108 1204 127 57 nius
1188 1204 191 57 personae
1331 1204 191 57 secundum
1474 1204 96 57 se
1522 1204 207 57 conceptae
1681 1204 191 57 excludit
1809 1204 159 57 multitu-

1090 1239 159 47 dinem
1196 1239 247 47 personarum
1372 1239 212 47 ceterarum.

1126 1276 103 53 Ad
1177 1276 189 53 decimum
1315 1276 223 53 diceudum,
1486 1276 137 53 quod
1572 1276 155 53 vnum,
1675 1276 137 53 quod
1761 1276 120 53 est
1813 1276 155 53 princi-

1118 1319 116 49 ium
1185 1319 182 49 numeri,
1317 1319 116 49 non
1384 1319 116 49 est
1450 1319 232 49 formaliter
1632 1319 99 49 in
1682 1319 133 49 Deo:
1765 1319 116 49 nam
1815 1319 149 49 vbicum-

1117 1356 92 52 ue
1163 1356 215 52 formaliter
1331 1356 215 52 reperitur,
1500 1356 107 52 cum
1561 1356 107 52 sit
1623 1356 169 52 quoddam
1745 1356 184 52 accidens
1868 1356 92 52 rea-

1107 1393 101 55 le,
1164 1393 87 55 vt
1208 1393 159 55 patebit
1324 1393 87 55 in
1367 1393 232 55 distinctione
1555 1393 101 55 24.
1613 1393 101 55 ibi
1671 1393 130 55 addit
1758 1393 159 55 aliquid
1860 1393 101 55 supra

1095 1435 131 44 suum
1176 1435 229 44 subiectum:
1356 1435 115 44 Est
1422 1435 131 44 ergo
1504 1435 131 44 tale
1586 1435 131 44 vnum
1667 1435 213 44 eminenter
1831 1435 98 44 in
1864 1435 98 44 Deo,

1101 1472 133 53 sicut
1190 1472 74 53 &
1220 1472 148 53 cetera
1324 1472 148 53 vmnia,
1427 1472 119 53 quae
1501 1472 119 53 sunt
1576 1472 178 53 alicuius
1709 1472 208 53 entitatis;
1857 1472 104 53 quam-

1103 1519 113 42 uis
1168 1519 113 42 non
1232 1519 162 42 dicant
1345 1519 259 42 perfectionem
1556 1519 259 42 simpliciter,
1766 1519 113 42 nec
1831 1519 129 42 Deus
1895 1519 65 42 ad

1101 1553 148 49 modum
1199 1553 165 49 illius
1315 1553 148 49 vnius
1414 1553 115 49 est
1480 1553 198 49 mensura,
1628 1553 115 49 sed
1694 1553 99 49 ad
1744 1553 148 49 modum
1826 1553 132 49 primae

1098 1594 183 48 ubstantiae.

1147 1608 95 75 Ad
1195 1608 207 75 vndecimum
1354 1608 207 75 dicendum,
1513 1608 127 75 quod
1592 1608 191 75 passioni
1735 1608 143 75 entis
1815 1608 143 75 positi-

1094 1672 94 41 ui
1141 1672 109 41 non
1204 1672 187 41 repugnat
1344 1672 125 41 esse
1422 1672 172 41 aliquod
1547 1672 234 41 priuatiuum.
1734 1672 203 41 Ecclipsis
1874 1672 94 41 enim

1106 1717 177 54 quamuis
1235 1717 113 54 sit
1299 1717 177 54 quaedam
1429 1717 210 54 priuatio,
1590 1717 145 54 tamen
1687 1717 177 54 tamquam
1816 1717 129 54 vera
1880 1717 81 54 pal

1102 1748 97 45 sio
1157 1748 138 45 lunae,
1254 1748 97 45 vel
1309 1748 124 45 solis
1392 1748 97 45 est
1447 1748 249 45 demonstrabilis
1655 1748 83 45 de
1696 1748 124 45 luna,
1779 1748 97 45 vel
1820 1748 97 45 sole-

1137 1789 105 56 Ad
1189 1789 245 56 duodecimum
1382 1789 228 56 dicendum,
1557 1789 140 56 quod
1644 1789 123 56 hic
1714 1789 175 56 loquor
1837 1789 105 56 de
1872 1789 88 56 vno

1109 1829 131 49 quod
1190 1829 245 49 conuertitur
1387 1829 114 49 cum
1436 1829 114 49 ente-

1140 1850 103 68 Ad
1191 1850 172 68 primam
1312 1850 258 68 probationem
1518 1850 206 68 dicedum,
1673 1850 138 68 quod
1759 1850 138 68 idem
1828 1850 120 68 aequa

1100 1903 104 49 le,
1159 1903 74 49 &
1189 1903 148 49 simile
1293 1903 192 49 inquantum
1441 1903 118 49 sunt
1515 1903 163 49 species
1633 1903 148 49 vnius,
1737 1903 178 49 dicuntur
1855 1903 104 49 prius

1107 1945 132 47 tiue,
1195 1945 132 47 sicut
1283 1945 73 47 &
1313 1945 132 47 ipsum
1401 1945 132 47 vnum;
1489 1945 103 47 nec
1547 1945 176 47 repugnat
1679 1945 117 47 enti
1753 1945 103 47 vel
1797 1945 161 47 praedica-

1110 1987 150 50 mento
1211 1987 150 50 reali
1311 1987 167 50 habere
1428 1987 217 50 passionem
1595 1987 251 50 priuatiuam,
1796 1987 100 50 vt
1829 1987 134 50 patuit

1115 2025 78 53 in
1141 2025 143 53 ecclipsi-

1150 2056 83 64 Et
1192 2056 83 64 si
1233 2056 165 64 dicetur,
1357 2056 110 64 quod
1426 2056 110 64 ista
1495 2056 110 64 sunt
1564 2056 152 64 species
1674 2056 207 64 relationis,
1839 2056 110 64 quae
1894 2056 69 64 ess

1117 2103 140 55 praed
1211 2103 202 55 icamentum
1351 2103 124 55 reale-

1156 2142 136 50 Dico
1241 2142 136 50 quod
1326 2142 119 50 non
1394 2142 204 50 repugnat
1547 2142 289 50 praedicamento
1767 2142 221 50 relationis,

1114 2187 144 48 habere
1215 2187 159 48 specie,
1330 2187 116 48 quae
1403 2187 173 48 secundum
1533 2187 116 48 suum
1605 2187 159 48 formale
1720 2187 231 48 significatum
1894 2187 72 48 sit

1122 2224 219 42 priuatiua:
1294 2224 203 42 Ingenitum
1450 2224 125 42 enim
1529 2224 125 42 vere
1607 2224 203 42 relatiuum
1763 2224 125 42 est,
1841 2224 78 42 &
1857 2224 109 42 tamen

1114 2262 105 52 est
1159 2262 179 52 priuatiuum

1148 2297 112 47 Ad
1204 2297 225 47 secundam
1373 2297 281 47 probationem
1598 2297 244 47 dicendum,
1786 2297 150 47 quod
1861 2297 112 47 Com-

1113 2345 183 42 mentator
1250 2345 168 42 exponit
1373 2345 214 42 contrarie.
1541 2345 92 42 1.
1587 2345 214 42 priuatiue.
1755 2345 107 42 Nam
1816 2345 122 42 quia
1877 2345 92 42 con-

1111 2378 159 43 trarie
1223 2378 191 43 opposita
1366 2378 223 43 reducuntur
1541 2378 96 43 ad
1589 2378 207 43 priuatiue
1748 2378 207 43 opposita,
1891 2378 96 43 ideo

1111 2419 215 51 quandoque
1277 2419 215 51 priuatiue
1442 2419 198 51 dicuntur
1591 2419 231 51 contraria.
1772 2419 149 51 Etiam
1855 2419 132 51 potest

1106 2461 156 40 dici,
1210 2461 138 40 quod
1296 2461 156 40 dato,
1400 2461 138 40 quod
1486 2461 138 40 vnum
1573 2461 260 40 multitudini
1763 2461 225 40 opponeretur

1113 2498 213 56 contrarie,
1280 2498 198 56 diuisioni
1432 2498 137 56 tamen
1524 2498 228 56 opponeretur
1691 2498 183 56 priuatiue-

1143 2536 100 50 Ad
1193 2536 183 50 tertiam
1327 2536 250 50 probationem
1527 2536 217 50 dicendum,
1693 2536 133 50 quod
1760 2536 200 50 probationi

1110 2572 178 46 conuenit
1244 2572 178 46 opposita
1377 2572 208 46 appellatio
1541 2572 163 46 illius,
1659 2572 119 46 quod
1734 2572 163 46 priuat,
1837 2572 134 46 propter

1116 2618 98 47 hoc
1172 2618 181 47 priuatio,
1311 2618 111 47 quae
1381 2618 139 47 priuat
1478 2618 153 47 formam,
1590 2618 111 47 quae
1659 2618 98 47 est
1715 2618 98 47 per
1771 2618 84 47 se
1813 2618 111 47 ens,
1868 2618 98 47 talis

1128 2655 168 51 riuatio
1250 2655 153 51 merito
1357 2655 214 51 appellatur
1524 2655 107 51 per
1586 2655 92 51 se
1631 2655 107 51 non
1692 2655 122 51 ens;
1769 2655 107 51 sed
1830 2655 122 51 vnum
1891 2655 76 51 non

1124 2708 149 37 priuat
1229 2708 120 37 ens,
1303 2708 105 37 sed
1363 2708 135 37 entis
1453 2708 224 37 diuisionem,
1632 2708 75 37 &
1662 2708 120 37 ideo
1737 2708 90 37 ex
1782 2708 105 37 hoc
1841 2708 105 37 non
1886 2708 75 37 de-

1118 2736 106 45 bet
1178 2736 197 45 appellari
1330 2736 106 45 per
1391 2736 91 45 se
1436 2736 106 45 non
1497 2736 121 45 ens,
1573 2736 167 45 quamuis
1694 2736 212 45 appelletur
1861 2736 106 45 per
1906 2736 61 45 se

1097 2776 184 49 ndiuisum

1149 2810 107 53 Ad
1203 2810 196 53 quartam
1345 2810 267 53 probationem
1558 2810 231 53 dicendum,
1736 2810 142 53 quod
1807 2810 160 53 quamuis

1109 2849 179 47 negatio
1239 2849 228 47 negationis
1418 2849 260 47 materialiter
1629 2849 179 47 aliquid
1759 2849 163 47 ponat,
1856 2849 114 47 tamen

1110 2893 232 38 formaliter
1292 2893 116 38 est
1359 2893 199 38 negatio,
1508 2893 116 38 sic
1574 2893 182 38 quamuis
1706 2893 132 38 unum
1789 2893 182 38 quantum
1905 2893 66 38 ad

1118 2933 166 47 nbstratu
1243 2933 97 47 sit
1298 2933 111 47 vere
1368 2933 194 47 positiuum,
1520 2933 194 47 formaliter
1673 2933 125 47 tamen
1756 2933 97 47 est
1798 2933 166 47 priuatiuum

1158 2966 102 51 Ad
1209 2966 187 51 quintam
1345 2966 254 51 probationem
1548 2966 220 51 dicendum,
1718 2966 136 51 quod
1785 2966 187 51 quodlibet

1122 3007 195 43 pocabulum
1272 3007 240 43 principalius
1467 3007 165 43 videtur
1587 3007 225 43 significare
1767 3007 105 43 id,
1827 3007 120 43 quod
1887 3007 90 43 for-

1108 3048 155 47 maliter
1221 3048 211 47 significat,
1390 3048 113 47 quam
1460 3048 113 47 quod
1530 3048 225 47 materialiter
1714 3048 211 47 significat.
1868 3048 99 47 etiam

1118 3090 226 57 Commentator
1299 3090 105 57 non
1359 3090 166 57 videtur
1479 3090 105 57 sic
1539 3090 166 57 dicere,
1660 3090 135 57 sicut
1750 3090 105 57 hic
1810 3090 105 57 est
1856 3090 120 57 intro
