2336 3533
405 220 162 72 ductus,
523 220 103 72 sed
582 220 118 72 ista
655 220 132 72 verba
743 220 147 72 ponit,
846 220 118 72 quod
919 220 132 72 vnum,
1008 220 73 72 &
1037 220 103 72 ens
1081 220 191 72 significant

402 286 125 48 idem
481 286 141 48 tamen
575 286 141 48 modis
669 286 204 48 diuersis,
826 286 78 48 &
857 286 110 48 hoc
920 286 125 48 bene
998 286 188 48 concedo:
1140 286 125 48 quia
1202 286 63 48 id

405 324 134 50 idem,
494 324 119 50 quod
569 324 223 50 significat,
748 324 119 50 vnum
822 324 209 50 significat
986 324 134 50 etiam
1075 324 119 50 ens,
1150 324 104 50 non
1195 324 74 50 au-

391 365 121 50 tem
460 365 225 50 quocumque
633 365 156 50 modo,
737 365 121 50 sed
806 365 104 50 vt
841 365 208 50 indiuisum.

497 430 560 80 ARTICVLVS
885 430 258 80 IIII

401 491 168 74 Ntrum
513 491 224 74 trinitas
681 491 243 74 diuinarum
868 491 261 74 personarum
1073 491 131 74 cum
1129 491 131 74 summo

647 546 159 71 onitate
762 546 101 71 sit
806 546 231 71 compossibilis.

411 631 194 72 SVANTVM
553 631 106 72 ad
606 631 194 72 quartum
747 631 247 72 principale
941 631 212 72 dicedum,
1100 631 141 72 quod
1171 631 88 72 sic

411 674 93 58 1
449 674 148 58 Quia
541 674 130 58 cum
615 674 222 58 personae
782 674 204 58 diuisae
930 674 130 58 non
985 674 278 58 distinguantur

390 721 220 43 absolute,
559 721 118 43 sed
627 721 220 43 relatiue,
796 721 85 43 &
830 721 254 43 fundamentum
1032 721 220 43 infinitum
1184 721 68 43 ma

400 761 119 44 nens
475 761 238 44 indistinctum
668 761 149 44 possit
772 761 164 44 sundare
892 761 194 44 oppositas
1041 761 209 44 relationes
1190 761 74 44 ori

406 790 141 59 ginis,
505 790 141 59 quibus
603 790 197 59 distinctae
758 790 169 59 personae
885 790 254 59 constituuntur,
1096 790 127 59 sicut
1166 790 99 59 infra

406 832 170 56 patebit,
534 832 114 56 ergo
605 832 114 56 ipsa
676 832 142 56 diuina
775 832 170 56 essentia
903 832 114 56 vna,
974 832 71 56 &
1002 832 213 56 indistincta
1158 832 114 56 potest

406 877 137 45 sccum
497 877 167 45 compati
619 877 122 45 tres
695 877 213 45 distinctas
847 877 152 45 personas

444 904 100 56 Hic
501 904 143 56 doctor
601 904 143 56 noster
700 904 143 56 dicit,
800 904 71 56 &
829 904 128 56 bene,
914 904 114 56 quod
985 904 128 56 illud
1071 904 100 56 dem
1114 904 143 56 onstrati

401 949 99 53 ue
451 949 182 53 probare
584 949 116 53 non
650 949 215 53 possumus,
816 949 182 53 quamuis
948 949 199 53 rationes
1081 949 182 53 opposita;

415 994 150 47 olucre
520 994 195 47 possimus,
669 994 90 47 ac
714 994 165 47 aliquas
834 994 210 47 psuasiones
999 994 195 47 adducere.
1148 994 90 47 Et
1178 994 90 47 per-

403 1036 147 40 suasio
506 1036 103 40 sua
565 1036 176 40 pulchra,
697 1036 73 40 &
726 1036 117 40 bona
800 1036 103 40 est
844 1036 88 40 haec

444 1072 134 50 Dicit
533 1072 134 50 enim,
623 1072 119 50 quod
697 1072 119 50 esse
772 1072 179 50 supposit
906 1072 149 50 creati
1010 1072 223 50 tripliciter
1174 1072 89 50 plu

393 1110 158 47 rificatur.

444 1140 129 59 Primo
530 1140 86 59 ex
573 1140 215 59 diuersitate
744 1140 172 59 naturae,
873 1140 100 59 nam
931 1140 100 59 cum
988 1140 115 59 esse
1060 1140 100 59 sit
1117 1140 129 59 actus
1188 1140 72 59 na-

407 1187 137 51 turae,
503 1187 205 51 plurificata
667 1187 150 51 natura,
776 1187 191 51 necessario
926 1187 219 51 plurificatur
1104 1187 123 51 ipsum
1172 1187 96 51 esse-

401 1226 175 46 Secundo
528 1226 95 46 ex
576 1226 223 46 distantia,
751 1226 127 46 quam
831 1226 143 46 habet
926 1226 127 46 esse
1006 1226 95 46 ad
1053 1226 191 46 naturam.
1180 1226 80 46 Nam

403 1272 104 45 cum
463 1272 149 45 natura
567 1272 149 45 creata
671 1272 104 45 non
730 1272 104 45 sit
789 1272 119 45 suum
864 1272 134 45 esse,
953 1272 104 45 sed
1012 1272 178 45 acquirat
1146 1272 119 45 esse
1206 1272 59 45 in

400 1304 204 48 supposito,
561 1304 161 48 oportet
678 1304 131 48 ipsum
765 1304 117 48 esse
838 1304 219 48 plurificari
1014 1304 131 48 iuxta
1087 1304 175 48 plurifica-

403 1345 168 56 tionem
504 1345 252 56 suppositorum.

442 1380 156 52 Tertio
552 1380 250 52 plurificatur
754 1380 140 52 ipsum
848 1380 125 52 esse
926 1380 94 52 ex
973 1380 234 52 diuersitate
1144 1380 125 52 eorum,

415 1424 115 57 quae
486 1424 115 57 sunt
558 1424 86 57 in
601 1424 215 57 suppositis.
774 1424 101 57 Nam
831 1424 86 57 si
874 1424 158 57 aliquid
989 1424 101 57 est
1047 1424 86 57 in
1090 1424 115 57 isto
1147 1424 115 57 suppo-

398 1466 123 50 sito
474 1466 199 50 differens
628 1466 153 50 numero
735 1466 92 50 ab
781 1466 107 50 eo,
842 1466 123 50 quod
919 1466 107 50 est
980 1466 92 50 in
1026 1466 123 50 illo
1087 1466 169 50 supposito

410 1508 154 43 oportet
522 1508 112 43 qued
592 1508 126 43 ipsum
676 1508 112 43 esse
746 1508 210 43 numeraliter
914 1508 238 43 plurificetur.
1110 1508 84 43 Et
1152 1508 112 43 quia
1208 1508 56 43 in

411 1544 107 41 Deo
472 1544 107 41 est
533 1544 153 41 tantum
640 1544 107 41 vna
701 1544 168 41 natura,
823 1544 76 41 &
853 1544 122 41 esse
929 1544 107 41 non
990 1544 168 41 differt
1112 1544 76 41 a
1128 1544 137 41 natura,

407 1591 101 38 nec
464 1591 158 38 aliquid
579 1591 101 38 est
637 1591 86 38 in
680 1591 101 38 vno
737 1591 201 38 supposito,
895 1591 115 38 quod
967 1591 101 38 non
1025 1591 101 38 sit
1082 1591 86 38 in
1125 1591 129 38 alio,
1197 1591 72 38 li-

402 1618 102 51 cet
461 1618 87 51 ad
504 1618 160 51 aliquid
621 1618 117 51 siue
694 1618 160 51 relatio
810 1618 87 51 in
854 1618 102 51 vno
912 1618 219 51 reperiatur,
1087 1618 117 51 quae
1160 1618 102 51 non
1204 1618 58 51 es

397 1658 87 43 in
440 1658 159 43 altero,
555 1658 130 43 iuxta
642 1658 130 43 illud
729 1658 144 43 boetij
830 1658 87 43 in
873 1658 87 43 de
916 1658 130 43 trin.
1003 1658 101 43 Non
1061 1658 116 43 ergo
1133 1658 116 43 dici
1191 1658 72 43 po-

407 1699 139 51 test,
499 1699 279 51 praedicationem
732 1699 201 51 relatiuam
887 1699 186 51 quicquam
1026 1699 124 51 rei,
1104 1699 93 51 de
1150 1699 108 51 qua
1197 1699 77 51 di-

405 1735 137 44 citur
496 1735 183 44 secundum
634 1735 107 44 se,
695 1735 168 44 addere,
817 1735 107 44 vel
878 1735 183 44 minuere,
1016 1735 107 44 vel
1077 1735 168 44 mutare,
1184 1735 76 44 qua

406 1779 117 48 tota
479 1779 102 48 non
538 1779 87 48 in
581 1779 87 48 eo
625 1779 117 48 quod
698 1779 102 48 est
756 1779 117 48 esse
829 1779 204 48 consistit,
989 1779 102 48 sed
1047 1779 87 48 in
1091 1779 87 48 eo
1135 1779 117 48 quod
1193 1779 73 48 est

395 1819 93 45 in
441 1819 248 45 comparatione
642 1819 155 45 aliquo
751 1819 124 45 modo
828 1819 93 45 se
875 1819 170 45 habere,
999 1819 124 45 ergo
1076 1819 139 45 ipsum
1169 1819 124 45 esse

400 1859 98 42 non
456 1859 225 42 plurificatur
639 1859 84 42 in
681 1859 169 42 diuinis,
807 1859 70 42 &
835 1859 98 42 est
892 1859 112 42 idem
962 1859 141 42 tribus
1060 1859 183 42 personis,
1187 1859 70 42 qui

411 1899 105 51 per
471 1899 211 51 consequens
637 1899 105 51 non
697 1899 166 51 apparet
817 1899 226 51 insolubilis
998 1899 241 51 repugnantia,
1179 1899 90 51 quin

405 1940 119 40 tres
480 1940 179 40 personae
614 1940 134 40 simul
704 1940 164 40 possint
823 1940 134 40 stare
913 1940 104 40 cum
972 1940 104 40 vna
1032 1940 149 40 natura
1122 1940 119 40 diuina

431 1971 105 49 Sed
491 1971 150 49 contra
596 1971 120 49 ista
671 1971 135 49 dicta
761 1971 105 49 est
821 1971 135 49 primo
911 1971 105 49 vna
971 1971 165 49 opinio,
1091 1971 120 49 quae
1151 1971 105 49 dicit

402 2010 125 46 quod
481 2010 204 46 conclusio
638 2010 110 46 iam
700 2010 141 46 dicta
794 2010 157 46 potest
904 2010 267 46 demonstratiue
1108 2010 157 46 probari,

401 2056 80 46 &
433 2056 113 46 non
497 2056 145 46 minus
594 2056 225 46 euidenter,
771 2056 129 46 quam
851 2056 145 46 ista,
948 2056 129 46 quod
1028 2056 129 46 omne
1092 2056 161 46 composit

404 2094 94 47 ex
451 2094 219 47 contrariis
623 2094 109 47 est
685 2094 265 47 corruptibile.
904 2094 297 47 Demonstrationes
1138 2094 125 47 autem,

396 2130 118 59 quas
470 2130 177 59 adducit,
603 2130 118 59 sunt
662 2130 89 59 hae-

411 2165 83 56 1
445 2165 150 56 Omnis
544 2165 200 56 perfecta
694 2165 200 56 operatio
844 2165 233 56 terminatur
1027 2165 100 56 ad
1077 2165 183 56 aliquod
1193 2165 67 56 o-

409 2218 192 38 peratum:
553 2218 112 38 sed
617 2218 96 38 in
665 2218 112 38 Deo
729 2218 128 38 sunt
809 2218 256 38 intelligere,
1016 2218 80 38 &
1048 2218 144 38 velle
1128 2218 128 38 tamqua

404 2255 266 45 perfectissimae
626 2255 236 45 operationes,
817 2255 118 45 eroo
891 2255 221 45 intelligere
1053 2255 207 45 terminabitur

392 2289 100 50 ad
442 2289 167 50 verbum
559 2289 233 50 productum,
742 2289 83 50 &
776 2289 150 50 velle
876 2289 100 50 ad
926 2289 183 50 amorem.
1059 2289 117 50 Sed
1126 2289 117 50 cum
1176 2289 83 50 ni-

401 2327 112 46 hil
465 2327 192 46 producat
609 2327 192 46 seipsum,
752 2327 176 46 oportet
880 2327 128 46 tale
960 2327 208 46 productum
1103 2327 160 46 realiter

396 2365 183 47 differre
533 2365 76 47 a
564 2365 229 47 producente,
747 2365 76 47 &
777 2365 92 47 ab
823 2365 153 47 intra,
930 2365 107 47 cum
991 2365 137 47 tales
1067 2365 198 47 operationes

399 2404 124 52 sint
477 2404 233 52 immanentes,
664 2404 202 52 huiusmodi
819 2404 140 52 autem
913 2404 233 52 differentia
1099 2404 93 52 in
1131 2404 124 52 diuini

399 2442 99 44 nen
455 2442 141 44 potest
554 2442 113 44 esse
625 2442 85 44 in
667 2442 184 44 essentia.
809 2442 113 44 ergo
879 2442 85 44 in
908 2442 141 44 personis

411 2480 75 49 2
441 2480 209 49 Praeterea,
605 2480 179 49 quicquid
740 2480 239 49 perfectionis
934 2480 105 49 est
993 2480 90 49 in
1038 2480 209 49 creaturis,
1187 2480 75 49 est

395 2516 114 53 Deo
460 2516 278 53 attribuendum,
689 2516 180 53 exclusa
820 2516 131 53 omni
901 2516 163 53 annexa
999 2516 262 53 imperfectione:

401 2563 95 39 sed
456 2563 150 39 naturam
565 2563 163 39 reperiri
687 2563 82 39 in
728 2563 177 39 pluribus,
864 2563 95 39 est
919 2563 231 39 perfectionis,
1109 2563 109 39 quod
1164 2563 95 39 auten

405 2599 90 52 ex
450 2599 105 52 hoc
510 2599 239 52 plurificetur
704 2599 164 52 natura,
823 2599 105 52 est
883 2599 284 52 imperfectionis,
1122 2599 119 52 ergo
1181 2599 75 52 Dec

415 2639 158 47 primum
526 2639 253 47 attribuendum
731 2639 126 47 est,
810 2639 174 47 secundo
921 2639 158 47 excluso.

415 2669 83 57 3
449 2669 233 57 Praeterea,
632 2669 166 57 natura
748 2669 133 57 quae
831 2669 233 57 tantummodo
1014 2669 133 57 esse
1098 2669 166 57 potest
1197 2669 67 57 in

410 2720 101 41 vno
467 2720 202 41 supposito,
626 2720 159 41 videtur
742 2720 116 41 esse
814 2720 159 41 artata,
930 2720 72 41 &
959 2720 188 41 limitata:
1103 2720 101 41 sed
1146 2720 116 41 natura

407 2755 152 42 diuina
513 2755 106 42 est
574 2755 182 42 immensa,
711 2755 76 42 &
741 2755 228 42 illimitata,
923 2755 122 42 ergo
984 2755 61 42 &c

438 2793 106 56 Sed
498 2793 121 56 ista
574 2793 152 56 opinio
680 2793 136 56 stare
771 2793 106 56 non
832 2793 167 56 potest:
953 2793 121 56 quia
1029 2793 136 56 omne,
1120 2793 121 56 quod
1180 2793 61 56 de

399 2835 228 45 monstratur,
581 2835 106 45 aut
642 2835 243 45 demonstratur
840 2835 76 45 a
870 2835 167 45 priori,
992 2835 106 45 aut
1052 2835 76 45 a
1068 2835 182 45 posteriori

404 2880 97 46 sed
460 2880 180 46 articulus
598 2880 208 46 trinitatis,
765 2880 97 46 nec
821 2880 69 46 a
848 2880 153 46 priori,
959 2880 97 46 nec
1015 2880 69 46 a
1043 2880 194 46 posteriori
1182 2880 69 46 po-

401 2918 119 50 test
476 2918 238 50 demonstrari,
669 2918 119 50 ergo
743 2918 104 50 &c.
803 2918 134 50 maior
892 2918 134 50 patet
981 2918 134 50 primo
1056 2918 193 50 posteriorum

398 2958 166 42 minorem
519 2958 151 42 probo.
624 2958 106 42 Non
685 2958 121 42 enim
760 2958 75 42 a
790 2958 211 42 posteriori
956 2958 121 42 puta
1032 2958 106 42 per
1077 2958 181 42 effectum,.

404 2992 129 51 quia
485 2992 145 51 omnis
582 2992 162 51 natura
695 2992 162 51 creata
808 2992 113 51 nos
872 2992 145 51 ducit
969 2992 97 51 ad
1018 2992 226 51 oppositum,
1179 2992 81 51 cum

397 3035 128 53 nulla
482 3035 143 53 natura
582 3035 143 53 creata
682 3035 143 53 manens
782 3035 186 53 indiuisa,
925 3035 100 53 sit
982 3035 214 53 reperibilis
1153 3035 86 53 in
1182 3035 71 53 pli

394 3073 133 60 ribus
483 3073 222 60 suppositis.
661 3073 104 60 Nec
720 3073 74 60 a
750 3073 148 60 priori
853 3073 118 60 puta
927 3073 104 60 per
986 3073 163 60 causam:
1105 3073 118 60 quia
1164 3073 89 60 san

1301 226 191 64 ctissima
1444 226 207 64 trinitas,
1603 226 111 64 cum
1667 226 127 64 ipsa
1747 226 111 64 sit
1810 226 143 64 causa
1906 226 175 64 omnium,
2033 226 111 64 non
2081 226 111 64 habet

1284 279 147 52 causam.

1339 309 105 54 Ad
1391 309 175 54 primum
1513 309 140 54 ergo
1601 309 227 54 dicendum,
1776 309 140 54 quod
1863 309 157 54 maior
1968 309 122 54 est
2038 309 140 54 vera
2108 309 87 54 dex

1291 360 295 47 operationibus
1534 360 313 47 transeuntibus.
1794 360 104 47 Ad
1847 360 191 47 minorem
1986 360 156 47 dico,
2072 360 122 47 quodi

1290 395 250 54 intelligere,
1493 395 78 54 &
1524 395 140 54 velle
1618 395 125 54 sunt
1696 395 234 54 operationes
1883 395 234 54 immanentes,
2070 395 94 54 de
2101 395 94 54 qui-

1297 436 108 44 bus
1358 436 170 44 dicitur
1482 436 108 44 10.
1544 436 170 44 metaph.
1667 436 77 44 &
1698 436 93 44 1.
1745 436 139 44 ethi.
1837 436 124 44 quod
1915 436 108 44 per
1961 436 201 44 operationes

1294 473 219 46 simmanentes
1470 473 131 46 nihil
1557 473 248 46 constituitur,
1762 473 102 46 sed
1820 473 131 46 ipsae
1908 473 117 46 sunt
1981 473 146 46 finis,
2083 473 73 46 &
2098 473 73 46 non

1295 513 165 52 aliquid
1415 513 195 52 operatum.
1564 513 120 52 Item
1639 513 90 52 si
1684 513 105 52 per
1744 513 239 52 intelligere,
1939 513 75 52 &
1968 513 135 52 velle
2043 513 120 52 neces-

1301 548 136 50 sario
1391 548 166 50 persona
1512 548 90 50 ad
1557 548 136 50 intra
1648 548 90 50 in
1693 548 166 50 diuinis
1813 548 256 50 produceretur,
2024 548 121 50 tunc
2085 548 90 50 non-

1292 596 166 50 possent
1412 596 196 50 conuenire
1563 596 181 50 personae
1698 596 105 50 non
1759 596 226 50 producenti,
1939 596 75 50 &
1969 596 105 50 sic
2014 596 151 50 spiritus

1299 639 165 48 sanctus
1419 639 105 48 nec
1479 639 256 48 intelligeret,
1690 639 105 48 nec
1750 639 165 48 vellet.
1870 639 120 48 Item
1945 639 105 48 cum
1991 639 180 48 intellige-

1298 672 107 42 re,
1359 672 76 42 &
1389 672 137 42 velle
1480 672 91 42 in
1526 672 107 42 Deo
1587 672 122 42 sint
1663 672 152 42 vnica,
1769 672 76 42 &
1800 672 259 42 simplicissima
1998 672 167 42 operatio,

1294 714 95 42 si
1342 714 269 42 distinctionem
1564 714 159 42 talium
1675 714 238 42 productorum
1865 714 95 42 in
1912 714 174 42 diuinis
2039 714 111 42 vis
2087 714 79 42 ar-

1291 757 143 52 guere
1386 757 95 52 ex
1434 757 253 52 distinctione
1640 757 253 52 operationum,
1845 757 127 52 tunc
1924 757 174 52 habebis
2035 757 127 52 vnicum

1300 789 198 51 productum
1452 789 91 51 in
1498 789 183 51 diuinis,
1635 789 122 51 quod
1711 789 107 51 est
1772 789 152 51 contra
1879 789 198 51 articulum
2016 789 152 51 sanctis-

1300 832 137 47 ssimae
1383 832 164 47 trinitatis

1296 861 101 59 Ad
1347 861 186 59 secudum
1482 861 220 59 dicendum,
1651 861 135 59 quod
1736 861 152 59 minor
1837 861 118 59 non
1905 861 118 59 est
1972 861 152 59 vera:
2057 861 101 59 quia

1291 906 133 42 tunc
1374 906 249 42 sempiterna,
1574 906 83 42 &
1607 906 266 42 immaterialia
1823 906 166 42 essent
1923 906 249 42 imperfectiora

1297 946 127 53 ipsis
1382 946 226 53 materialibus
1565 946 71 53 &
1593 946 282 53 corruptibilibus,
1833 946 99 53 cum
1889 946 141 53 natura
1988 946 85 53 in
2030 946 113 53 eis,
2087 946 71 53 phy

1305 984 117 54 hice
1379 984 191 54 loquendo,
1525 984 88 54 in
1569 984 176 54 pluribus
1701 984 205 54 suppositis
1863 984 103 54 non
1921 984 147 54 possit
2009 984 147 54 reperiri

1297 1030 142 42 Etiam
1392 1030 142 42 dato,
1487 1030 126 42 quod
1566 1030 253 42 perfectionis
1771 1030 111 42 sit
1834 1030 174 42 naturam
1961 1030 205 42 indiuisam
2103 1030 63 42 in

1294 1063 169 58 pluribus
1421 1063 183 58 reperiri,
1561 1063 113 58 quod
1632 1063 127 58 tamen
1716 1063 99 58 hoc
1773 1063 183 58 possibile
1914 1063 113 58 sit,
1984 1063 127 58 ductu
2054 1063 113 58 ratio-

1296 1105 111 47 nis
1359 1105 206 47 naturalis
1518 1105 142 47 scire
1612 1105 111 47 non
1676 1105 206 47 possumus;
1834 1105 111 47 cum
1897 1105 95 47 in
1945 1105 174 47 omnibus
2055 1105 111 47 natu-

1298 1150 174 42 raliter
1425 1150 221 42 scibilibus
1599 1150 206 42 oppositum
1741 1150 158 42 videamus

1346 1167 96 63 Ad
1394 1167 177 63 tertium
1523 1167 209 63 dicendum,
1683 1167 128 63 quod
1764 1167 161 63 natura
1876 1167 112 63 non
1940 1167 177 63 dicitur
2053 1167 112 63 limi-

1296 1221 123 48 tata
1373 1221 93 48 ex
1419 1221 108 48 hoc
1481 1221 123 48 quod
1558 1221 108 48 est
1620 1221 93 48 in
1666 1221 108 48 vno
1728 1221 216 48 supposito,
1898 1221 108 48 sed
1959 1221 93 48 ex
2006 1221 123 48 hoc,
2067 1221 93 48 quod

1306 1268 106 38 est
1366 1268 91 38 in
1412 1268 196 38 supposito
1562 1268 196 38 limitato.
1713 1268 91 38 Si
1759 1268 121 38 enim
1834 1268 151 38 natura
1940 1268 136 38 esset
2030 1268 91 38 in
2060 1268 106 38 mille

1292 1301 238 48 suppositis,
1483 1301 111 48 dum
1546 1301 143 48 tamen
1642 1301 207 48 quodlibet
1800 1301 254 48 suppositorum
2007 1301 111 48 sit
2055 1301 95 48 limi

1307 1338 141 54 tatum,
1406 1338 141 54 natura
1504 1338 113 54 erit
1575 1338 183 54 limitata.
1715 1338 85 54 Si
1758 1338 127 54 autem
1842 1338 127 54 esset
1927 1338 85 54 in
1969 1338 99 54 vno
2025 1338 113 54 solo
2082 1338 85 54 sup-

1310 1390 170 41 posito,
1433 1390 170 41 dummodo
1557 1390 139 41 illud
1650 1390 217 41 suppositum
1821 1390 108 41 sit
1883 1390 248 41 illimitatum,
2069 1390 108 41 natu-

1302 1420 89 44 ra
1347 1420 164 44 dicetur
1466 1420 223 44 illimitata.
1645 1420 104 44 Sed
1704 1420 134 44 dato,
1794 1420 119 44 quod
1868 1420 149 44 natura
1972 1420 149 44 diuina
2062 1420 104 44 esset

1293 1455 94 54 in
1340 1455 110 54 vno
1403 1455 205 54 supposito
1561 1455 142 54 modo,
1655 1455 110 54 quo
1718 1455 205 54 posuerunt
1876 1455 236 54 philosophi,
2049 1455 110 54 illuc

1299 1497 216 52 suppositum
1468 1497 139 52 esset
1546 1497 216 52 illimitatum.

1346 1538 175 52 pecundo
1474 1538 175 52 Arguunt
1601 1538 128 52 alij
1681 1538 159 52 contra
1792 1538 143 52 dicta
1888 1538 207 52 doctoris,
2031 1538 128 52 quibus

1292 1581 216 56 persuadent
1461 1581 154 56 dictam
1569 1581 324 56 compossibilitatem
1847 1581 93 56 in
1893 1581 185 56 diuinis.

1340 1618 146 51 Primo
1437 1618 178 51 dicunt,
1566 1618 129 51 quod
1647 1618 210 51 assumptum
1809 1618 113 51 non
1874 1618 113 51 est
1938 1618 162 51 verum.
2036 1618 129 51 s.quod

1300 1656 123 48 esse,
1382 1656 68 48 &
1410 1656 164 48 essentia
1533 1656 164 48 distent,
1656 1656 96 48 vel
1711 1656 178 48 differant
1847 1656 82 48 in
1875 1656 164 48 creaturis.

1348 1690 151 53 Secundo
1458 1690 124 53 dato,
1540 1690 110 53 quod
1609 1690 96 53 ita
1664 1690 110 53 sit,
1733 1690 151 53 dicunt,
1843 1690 110 53 quod
1911 1690 165 53 essentia
2035 1690 96 53 non
2076 1690 96 53 habet

1298 1734 118 52 esse
1372 1734 103 52 per
1431 1734 221 52 suppositum:
1607 1734 118 52 quia
1681 1734 132 52 magis
1769 1734 88 52 de
1813 1734 103 52 bet
1872 1734 132 52 dici,
1960 1734 118 52 quod
2019 1734 147 52 supposi-

1294 1772 105 55 tum
1354 1772 151 55 habeat
1460 1772 121 55 esse
1535 1772 105 55 per
1595 1772 211 55 essentiam,
1761 1772 211 55 causaliter
1927 1772 121 55 enim
1987 1772 181 55 suppositum

1297 1814 140 53 habet
1391 1814 78 53 &
1422 1814 140 53 esse,
1516 1814 78 53 &
1547 1814 172 53 operari
1672 1814 109 53 per
1734 1814 218 53 essentiam:
1906 1814 125 53 quia
1984 1814 156 53 totum,
2077 1814 94 53 quod

1294 1852 210 49 attribuitur
1462 1852 168 49 supposit
1588 1852 84 49 o,
1630 1852 210 49 attribuitur
1798 1852 112 49 sibi
1868 1852 154 49 ratione
1966 1852 168 49 essentiae.

1338 1890 88 50 Et
1382 1890 88 50 ex
1427 1890 103 50 hoc
1486 1890 147 50 dicunt
1589 1890 162 50 tertio,
1706 1890 118 50 quod
1780 1890 177 50 essentia
1913 1890 88 50 in
1957 1890 191 50 creaturis
2089 1890 74 50 non

1316 1930 200 55 lurificatur
1475 1930 93 55 per
1529 1930 253 55 plurificationem
1742 1930 133 55 ipsius
1835 1930 120 55 esse:
1915 1930 107 55 quia
1982 1930 93 55 ita
2035 1930 93 55 est
2088 1930 107 55 esse

1300 1966 183 59 secundum
1437 1966 91 59 se
1483 1966 137 59 vnum,
1574 1966 137 59 sicut
1665 1966 198 59 essentia.
1818 1966 107 59 per
1879 1966 122 59 quid
1955 1966 122 59 ergo
2016 1966 137 59 plurifi

1301 2013 171 46 cabitur
1426 2013 140 46 ipsum
1519 2013 140 46 esse:
1613 2013 109 46 non
1675 2013 78 46 a
1706 2013 171 46 seipso:
1830 2013 124 46 quia
1908 2013 124 46 idem
1986 2013 171 46 dicerem
2095 2013 62 46 de

1302 2049 192 52 essentia,
1450 2049 104 52 nec
1509 2049 89 52 ab
1554 2049 163 52 agente,
1672 2049 118 52 quia
1746 2049 133 52 actio
1835 2049 192 52 naturalis
1983 2049 163 52 agentis
2086 2049 74 52 por

1311 2088 129 48 prius
1397 2088 172 48 attingit
1526 2088 201 48 essentiam,
1683 2088 115 48 quam
1755 2088 115 48 esse

1352 2121 146 66 Quarto
1454 2121 160 66 dicunt,
1571 2121 117 66 quod
1644 2121 160 66 omnibus
1761 2121 102 66 his
1819 2121 204 66 concessis,
1979 2121 131 66 adhuc
2067 2121 87 66 in
2096 2121 58 66 nu

1298 2168 88 47 lo
1342 2168 206 47 declaratur
1504 2168 221 47 propositum,
1681 2168 206 47 siqualiter
1843 2168 118 47 vna,
1917 2168 74 47 &
1946 2168 177 47 indiuisa
2064 2168 103 47 essen

1296 2207 96 46 tia
1351 2207 137 46 possit
1447 2207 110 46 esse
1516 2207 96 46 cum
1570 2207 137 46 tribus
1666 2207 192 46 suppositis
1817 2207 164 46 realiter
1927 2207 178 46 distinctis.

1333 2234 108 63 Sed
1394 2234 123 63 ista
1471 2234 185 63 videntur
1610 2234 200 63 procedere
1764 2234 92 63 ex
1810 2234 108 63 non
1872 2234 154 63 debita
1965 2234 200 63 intelligen-

1295 2283 106 52 tia
1355 2283 182 52 dictorum
1492 2283 152 52 nostri
1598 2283 197 52 doctoris:
1750 2283 121 52 quia
1825 2283 136 52 primo
1916 2283 167 52 dicunt,
2023 2283 136 52 doctore

1300 2324 109 49 non
1363 2324 219 49 benedicere
1535 2324 94 49 in
1581 2324 125 49 hoc,
1659 2324 125 49 quod
1738 2324 141 49 ponit
1831 2324 141 49 esse,
1925 2324 78 49 &
1956 2324 203 49 essentiam
2097 2324 62 49 in

1292 2365 199 46 creaturis
1445 2365 184 46 differre
1583 2365 199 46 realiter,
1736 2365 77 46 &
1767 2365 153 46 nullam
1874 2365 184 46 rationem
2012 2365 153 46 contra
2104 2365 61 46 do

1304 2403 160 50 ctorem
1416 2403 208 50 adducunt,
1575 2403 112 50 nec
1639 2403 96 50 ad
1687 2403 192 50 rationes
1831 2403 192 50 doctoris
1958 2403 192 50 respondent

1294 2451 168 46 quibus
1412 2451 135 46 hanc
1496 2451 269 46 conclusionem
1715 2451 219 46 fimissime
1884 2451 168 46 probat
2001 2451 101 46 in
2035 2451 118 46 Quae-

1295 2484 206 40 stionibus
1453 2484 95 40 de
1501 2484 142 40 primo
1596 2484 206 40 principio
1754 2484 95 40 in
1802 2484 174 40 Secundi
1928 2484 111 40 suo
1992 2484 142 40 super
2071 2484 79 40 sen

1294 2524 170 46 tentias,
1421 2524 85 46 in
1464 2524 184 46 Quolibet.
1606 2524 128 46 suis,
1691 2524 71 46 &
1719 2524 85 46 in
1762 2524 142 46 multis
1861 2524 128 46 aliis
1946 2524 142 46 locis,
2046 2524 99 46 vbi
2088 2524 71 46 il-

1296 2561 112 56 lam
1360 2561 192 56 materiam
1504 2561 96 56 ex
1553 2561 225 56 intentione
1729 2561 241 56 pertractat.
1921 2561 112 56 Quo
1986 2561 96 56 ad
2034 2561 112 56 hoc
2082 2561 80 56 di-

1309 2602 131 49 ctum
1390 2602 147 49 eorum
1488 2602 179 49 reputo,
1619 2602 147 49 quasi
1717 2602 114 49 non
1765 2602 131 49 dictum

1329 2632 192 60 Quantum
1468 2632 105 60 ad
1521 2632 210 60 secundum
1678 2632 175 60 iterum
1801 2632 140 60 male
1888 2632 262 60 intelligunt
2081 2632 87 60 do-

1292 2669 167 57 ctorem:
1414 2669 122 57 quia
1490 2669 152 57 doctor
1596 2669 107 57 non
1657 2669 152 57 dicit,
1763 2669 122 57 quod
1840 2669 183 57 essentia
1976 2669 152 57 habeat
2068 2669 91 57 esse

1293 2721 208 45 causaliter
1456 2721 104 45 per
1516 2721 222 45 suppositum,
1693 2721 104 45 sed
1753 2721 119 45 quod
1827 2721 148 45 habeat
1931 2721 119 45 esse
2005 2721 89 45 in
2034 2721 119 45 suppo-

1291 2751 132 53 sito,
1379 2751 73 53 &
1409 2751 88 53 in
1453 2751 132 53 alio,
1540 2751 73 53 &
1570 2751 117 53 alio
1643 2751 191 53 supposito
1790 2751 147 53 creato
1892 2751 176 53 acquirit
2024 2751 147 53 aliud,
2112 2751 44 53 &

1287 2803 137 42 aliud
1378 2803 137 42 esse,
1469 2803 76 42 &
1500 2803 122 42 bene
1576 2803 137 42 dicit
1667 2803 167 42 doctor:
1788 2803 122 42 quia
1864 2803 106 42 nec
1925 2803 91 42 in
1971 2803 122 42 Deo,
2047 2803 106 42 nec
2092 2803 61 42 in

1296 2837 181 54 creatura
1432 2837 121 54 esse
1507 2837 227 54 existentiae
1689 2837 181 54 competit
1825 2837 196 54 essentiae
1976 2837 196 54 separatum
2112 2837 45 54 a

1300 2877 199 55 lupposito,
1456 2877 85 55 vt
1499 2877 171 55 superius
1612 2877 171 55 declaraui-

1343 2909 83 56 Et
1385 2909 97 56 cum
1440 2909 138 56 tertio
1537 2909 152 56 dicunt,
1648 2909 111 56 quod
1717 2909 235 56 rationabilius
1911 2909 152 56 dicatur
2022 2909 111 56 esse
2077 2909 83 56 plu-

1290 2952 184 53 rificari
1427 2952 107 53 per
1489 2952 214 53 essentiam,
1657 2952 122 53 quam
1734 2952 214 53 econuerso,
1902 2952 138 53 nego:
1994 2952 122 53 quia
2055 2952 107 53 quam-

1291 2990 97 50 uis
1347 2990 180 50 essentia,
1485 2990 83 50 vt
1526 2990 180 50 essentia,
1665 2990 180 50 abstrahat
1803 2990 83 50 ab
1845 2990 111 50 esse
1914 2990 166 50 actualis
2025 2990 138 50 existen-

1292 3029 126 49 tiae,
1376 3029 70 49 &
1404 3029 84 49 vt
1446 3029 98 49 sic
1502 3029 98 49 sit
1559 3029 126 49 prior
1643 3029 112 49 ipso
1713 3029 126 49 esse,
1797 3029 126 49 tamen
1881 3029 182 49 essentia,
2022 3029 84 49 vt
2050 3029 98 49 multi

1295 3072 169 59 plicata,
1422 3072 197 59 necessario
1577 3072 183 59 conceruit
1717 3072 197 59 distinctas
1872 3072 225 59 existentias.
2055 3072 85 59 Et
2084 3072 70 59 cum
