2358 3542
157 250 162 58 dicitar
275 250 74 58 a
305 250 103 58 quo
363 250 133 58 habet
452 250 133 58 ipsum
540 250 133 58 esse,
628 250 118 58 quod
702 250 265 58 multiplicetur.
923 250 133 58 dico,

147 301 128 41 quod
227 301 144 41 habet
323 301 96 41 ab
371 301 160 41 agente
482 301 255 41 efficienter,
690 301 80 41 &
722 301 303 41 fundamentaliter
961 301 64 41 ab

147 341 123 39 ipsa
224 341 170 39 materia
347 341 185 39 partita,
486 341 77 39 &
517 341 170 39 diuisa,
640 341 93 39 in
687 341 139 39 cuius
779 341 185 39 diuersas
903 341 123 39 partes

160 373 142 58 agens
255 373 173 58 inducit
380 373 189 58 diuersas
522 373 157 58 formas
632 373 173 58 eiusdem
758 373 204 58 rationis,
915 373 79 58 a
931 373 94 58 qui-

156 418 98 39 bus
212 418 140 39 aliae,
310 418 70 39 &
338 418 126 39 aliae
422 418 140 39 partes
520 418 168 39 materiae
646 418 154 39 capiunt
758 418 140 39 aliud,
856 418 70 39 &
884 418 126 39 aliud
954 418 70 39 es-

156 456 105 49 se,
216 456 75 49 &
246 456 194 49 similiter
395 456 149 49 aliam,
499 456 75 49 &
529 456 134 49 aliam
619 456 209 49 essentiam,
783 456 164 49 attamen
903 456 119 49 quia
962 456 75 49 es-

154 494 140 48 sentia
252 494 238 48 abstrahibilis
448 494 98 48 est
504 494 84 48 ab
546 494 112 48 esse
617 494 224 48 existentiae,
799 494 70 48 &
827 494 140 48 potest
911 494 126 48 intelli

161 535 96 49 gi
209 535 112 49 cum
273 535 192 49 opposito
417 535 144 49 eius,
513 535 224 49 suppofitum
688 535 144 49 autem
784 535 112 49 non
848 535 160 49 potest
944 535 80 49 in-

156 574 169 44 tellier
278 574 123 44 sine
355 574 123 44 tali
431 574 138 44 esse,
523 574 123 44 ideo
600 574 153 44 aliquo
707 574 123 44 modo
784 574 230 44 immediatius
952 574 77 44 ta-

164 612 93 41 le
211 612 124 41 esse
289 612 186 41 respicit
428 612 233 41 suppositum,
615 612 124 41 quam
692 612 217 41 essentiam,
863 612 78 41 &
894 612 109 41 per
940 612 78 41 con

157 652 171 45 sequens
282 652 171 45 dicitur
407 652 125 45 tale
485 652 125 45 esse
563 652 203 45 immediate
718 652 249 45 multiplicari
905 652 125 45 multi-

163 690 174 55 plicatis
278 690 174 55 suppositis

184 725 137 48 Quod
269 725 154 48 autem
372 725 171 48 quarto
492 725 188 48 dicunt,
629 725 137 48 quod
714 725 137 48 toto
800 725 205 48 concesso
936 725 86 48 do-

157 773 126 46 ctor
236 773 110 46 non
299 773 189 46 declaret
440 773 142 46 illam
535 773 330 46 compossibilitatem
818 773 142 46 trium
896 773 126 46 perso-

161 814 147 50 narum
259 814 114 50 cum
324 814 114 50 vna
389 814 163 50 diuina
504 814 212 50 essentia.
667 814 229 50 Respondeo,
846 814 131 50 quod
912 814 114 50 haben

163 847 90 44 ti
208 847 225 44 intellectum
388 847 210 44 declaratio
553 847 180 44 doctoris
688 847 135 44 satis
778 847 150 44 lucida
883 847 120 44 esse
943 847 75 44 vi-

149 884 162 48 detur:
262 884 130 48 quia
343 884 97 48 ex
392 884 146 48 primo
490 884 114 48 suo
554 884 146 48 dicto
652 884 146 48 dico,
749 884 114 48 cum
814 884 162 48 doctor
911 884 114 48 dixit

155 929 129 48 quod
235 929 113 48 non
300 929 193 48 possumus
445 929 177 48 probare
574 929 226 48 trinitatem
751 929 97 48 in
799 929 193 48 diuinis;
928 929 97 48 ipse

155 966 185 46 supponit
294 966 124 46 tres
371 966 185 46 personas
510 966 93 46 in
556 966 185 46 diuinis.
695 966 93 46 Ex
742 966 170 46 secundo
865 966 108 46 suo
912 966 108 46 dicto

163 1007 181 47 habetur,
299 1007 121 47 quod
374 1007 121 47 esse
449 1007 105 47 non
510 1007 271 47 multiplicatur,
736 1007 105 47 sed
796 1007 105 47 est
856 1007 121 47 vnum
932 1007 90 47 in
962 1007 75 47 tri

166 1046 103 45 bus
225 1046 191 45 personis,
372 1046 73 45 &
401 1046 117 45 quia
474 1046 176 45 essentia
606 1046 103 45 non
665 1046 264 45 multiplicatur,
884 1046 117 45 nisi
943 1046 88 45 plu-

156 1082 168 46 risicato
282 1082 112 46 ipso
352 1082 126 46 esse.
436 1082 98 46 His
492 1082 140 46 datis,
590 1082 70 46 &
617 1082 196 46 concessis,
771 1082 126 46 sicut
855 1082 84 46 tu
897 1082 84 46 vt
925 1082 112 46 conce-

173 1122 98 42 dis
229 1122 84 42 in
271 1122 140 42 quarto
369 1122 182 42 articulo,
508 1122 84 42 si
550 1122 98 42 non
606 1122 126 42 vides
690 1122 84 42 ex
732 1122 126 42 illis
816 1122 196 42 praemissis
955 1122 70 42 se-

162 1164 105 51 qui
222 1164 120 51 hanc
297 1164 255 51 conclusionem,
507 1164 120 51 quod
582 1164 105 51 vna
642 1164 195 51 essentia,
792 1164 75 51 &
822 1164 195 51 indiuisa,
957 1164 75 51 est

167 1205 82 46 m
199 1205 163 46 tribus
314 1205 180 46 diuinis
444 1205 212 46 personis,
608 1205 131 46 tunc
689 1205 147 46 valde
787 1205 229 46 obfuscatum
950 1205 82 46 ha-

169 1240 109 48 bes
215 1240 217 48 intellectum,

192 1283 109 48 Ad
246 1283 255 48 argumentum
447 1283 255 48 principale
648 1283 237 48 dicendum,
830 1283 146 48 quod
903 1283 128 48 maior

178 1319 98 49 ist
234 1319 127 49 vera,
319 1319 84 49 si
361 1319 155 49 vnitas,
473 1319 70 49 &
501 1319 197 49 pluralitas
656 1319 169 49 sumuntur
783 1319 127 49 penes
867 1319 127 49 idem,
952 1319 70 49 &
966 1319 56 49 si

176 1363 144 41 undum
272 1363 144 41 idem,
368 1363 128 41 siue
449 1363 144 41 eodem
545 1363 144 41 modo;
641 1363 128 41 ideo
721 1363 128 41 bene
801 1363 257 41 concluditur,

176 1399 109 52 uod
239 1399 156 52 vnitas
348 1399 203 52 essentiae
505 1399 109 52 non
567 1399 219 52 compatitur
739 1399 250 52 pluralitatem
927 1399 109 52 essen

168 1440 117 50 tiae
242 1440 102 50 Sed
300 1440 102 50 cum
359 1440 220 50 concluditur
534 1440 88 50 de
578 1440 190 50 personis,
725 1440 176 50 fallacia
856 1440 161 50 figurae
959 1440 73 50 di-

156 1481 162 48 ctionis
274 1481 221 48 comittitur;
451 1481 88 48 qa
495 1481 88 48 de
539 1481 177 48 absoluto
671 1481 206 48 proceditur
833 1481 88 48 ad
863 1481 147 48 relatum.

303 1551 552 84 DISTINCTIO
697 1551 197 84 III

161 1631 182 90 Facitis
293 1631 99 90 ac
342 1631 165 90 aperta
458 1631 182 90 diuisio
590 1631 149 90 huius
689 1631 297 90 distinctionis:
936 1631 83 90 n
953 1631 83 90 qua

210 1707 186 48 Magister
350 1707 186 48 Dissimae
490 1707 202 48 essentiae
645 1707 202 48 vnitatem,
800 1707 217 48 diuinarum

271 1752 124 67 que
342 1752 248 67 personarum
537 1752 248 67 trinitatem
714 1752 213 67 catholicis

292 1795 252 77 rationibus,
494 1795 84 77 &
528 1795 202 77 congruis
662 1795 236 77 similitudini

394 1850 118 66 bus
461 1850 185 66 nititur
579 1850 219 66 persuadere.

482 1942 235 51 POSTO
639 1942 209 51 LVSN
770 1942 235 51 AMQVE
900 1942 131 51 &c.

497 1985 196 59 Postquam
644 1985 196 59 magister
790 1985 196 59 probauit
921 1985 114 59 diui-

504 2027 105 44 nae
564 2027 195 44 essentiae
714 2027 195 44 vnitatem,
863 2027 75 44 &
878 2027 150 44 persona-

503 2065 111 45 rum
567 2065 223 45 trinitatem
742 2065 95 45 ex
774 2065 255 45 auctoritatibus

497 2102 230 49 scripturae:
681 2102 107 49 hic
742 2102 153 49 probat
849 2102 107 49 hoc
910 2102 123 49 idem
972 2102 61 49 ex

505 2144 225 46 similitudine
688 2144 197 46 creaturae.
842 2144 84 46 Et
870 2144 155 46 diuiditur

494 2182 90 59 in
539 2182 120 59 duas
614 2182 165 59 partes:
734 2182 120 59 quia
808 2182 135 59 primo
883 2182 150 59 magister

498 2222 154 54 probat
606 2222 170 54 diuinae
729 2222 201 54 essentiae
868 2222 170 54 vnitatem,

167 2261 80 57 &
199 2261 224 57 personarum
375 2261 224 57 trinitatem
551 2261 224 57 rationibus
727 2261 272 57 vniuersalibus
935 2261 96 57 acce

159 2307 151 43 ceptis
265 2307 91 43 ex
310 2307 212 43 creaturis.
477 2307 167 43 Secundo
598 2307 136 43 facit
689 2307 106 43 hoc
749 2307 227 43 specialiter
931 2307 91 43 ex
961 2307 76 43 ima

156 2339 122 53 gine
232 2339 107 53 Dei
293 2339 168 53 fundata
415 2339 92 53 in
461 2339 183 53 essentia
598 2339 153 53 animae
705 2339 214 53 rationalis
873 2339 122 53 ibi,
934 2339 92 53 Nuns

164 2387 125 42 vero
243 2387 94 42 ad
290 2387 110 42 eam
352 2387 110 42 &c.
415 2387 141 42 Prima
509 2387 94 42 in
556 2387 141 42 duas:
649 2387 125 42 quia
728 2387 141 42 primo
822 2387 94 42 ex
853 2387 172 42 naturali-

167 2422 104 45 bus
227 2422 208 45 rationibus
390 2422 178 45 ostendit
523 2422 163 45 diuinae
642 2422 193 45 essentiae
791 2422 193 45 vnitatem.
924 2422 104 45 Secu-

171 2462 87 43 do
215 2462 87 43 ex
259 2462 175 43 vestigio
390 2462 189 43 creatoris
536 2462 160 43 reperto
652 2462 87 43 in
696 2462 189 43 creaturis
842 2462 175 43 ostendit
958 2462 73 43 por

161 2507 174 47 sonarum
288 2507 206 47 diuinarum
446 2507 222 47 trinitatem
621 2507 127 47 ibi,
700 2507 127 47 Nunc
779 2507 159 47 restat
874 2507 159 47 ostende-

170 2540 99 47 re
219 2540 148 47 Prima
318 2540 214 47 diuiditur
483 2540 99 47 in
532 2540 214 47 quattuor,
697 2540 198 47 secundum
846 2540 132 47 quod
912 2540 115 47 magi-

157 2580 127 40 ster
237 2580 175 40 adducit
364 2580 191 40 quattuor
507 2580 191 40 rationes
650 2580 207 40 probantes
809 2580 111 40 Dei
856 2580 175 40 vnitatem.

167 2618 161 51 Quarum
280 2618 145 51 prima
376 2618 177 51 sumitur
505 2618 97 51 ex
554 2618 209 51 creaturae
715 2618 258 51 magnitudinc,
924 2618 81 51 &
940 2618 97 51 quam

168 2661 160 46 titate.
285 2661 160 46 Secunda
401 2661 87 46 ex
444 2661 189 46 creaturae
589 2661 247 46 mutabilitate.
793 2661 145 46 Tertia
894 2661 87 46 ex
923 2661 102 46 crea-

168 2702 134 38 turae
258 2702 194 38 bonitate.
407 2702 149 38 Quarta
511 2702 90 38 ex
556 2702 194 38 creaturae
706 2702 254 38 speciositate.
900 2702 134 38 Secunda

157 2733 132 46 ibi,
240 2733 132 46 Alia
323 2733 149 46 etiam
422 2733 132 46 modo
504 2733 116 46 &c.
570 2733 165 46 Tertia
686 2733 132 46 ibi,
752 2733 281 46 Considerauerunt

168 2773 104 46 &c.
228 2773 149 46 Quarta
332 2773 119 46 ibi,
406 2773 253 46 Intellexerunt
614 2773 104 46 &c.
674 2773 119 46 Tunc
748 2773 179 46 sequitur
882 2773 119 46 illa
942 2773 89 46 pars

172 2812 117 54 Nunc
246 2812 146 54 restat
348 2812 176 54 ostedere
480 2812 102 54 &c.
538 2812 88 54 Et
582 2812 190 54 diuiditur
729 2812 88 54 in
773 2812 117 54 tres
846 2812 161 54 partes.
948 2812 88 54 Quia

166 2856 152 51 primo
267 2856 202 51 ostendit
419 2856 202 51 magister
570 2856 185 51 quomodo
705 2856 219 51 vestigium
857 2856 168 51 creatori

159 2898 228 40 creaturis
335 2898 246 40 imprimitur
528 2898 193 40 Secundo
668 2898 193 40 quomodo
809 2898 105 40 ex
844 2898 193 40 huiuimodi

172 2931 184 45 vestigio
309 2931 184 45 trinitas
447 2931 199 45 creatoris
600 2931 245 45 cognoscitur.
799 2931 153 45 Tertio
891 2931 138 45 quomodo

168 2975 199 39 huiusmodi
320 2975 183 39 cognitio
458 2975 107 39 est
519 2975 137 39 valde
611 2975 229 39 imperfecta,
794 2975 122 39 nisi
870 2975 107 39 pro
916 2975 107 39 quan-

178 3018 86 38 to
221 3018 186 38 catholica
363 3018 114 38 fide
435 3018 214 38 perficitur,
606 3018 157 38 Secunda
720 3018 114 38 ibi,
791 3018 86 38 In
834 3018 114 38 illa
906 3018 114 38 enim
963 3018 71 38 sum

161 3051 93 42 ma
207 3051 201 42 trinitate
362 3051 108 42 &c.
424 3051 155 42 Tertia
532 3051 124 42 ibi,
610 3051 124 42 Ecce
687 3051 186 42 ostensum
827 3051 108 42 est
873 3051 155 42 qualiter

168 3094 108 56 &c.
229 3094 108 56 Hic
291 3094 154 56 quaero
399 3094 124 56 hanc
461 3094 216 56 quaestionem.

1336 300 159 81 Quaestio

1110 391 98 82 An
1159 391 181 82 notitia
1290 391 131 82 Dei,
1372 391 115 82 qua
1438 391 131 82 ipse
1520 391 131 82 esse
1602 391 263 82 cognoscitur,
1799 391 82 82 sit

1137 452 192 67 humano
1271 452 288 67 intellectui
1501 452 288 67 naturaliter
1712 452 192 67 inserta.

1053 814 196 54 TVTRVM
1190 814 235 54 NOTITIA,
1366 814 137 54 qua
1445 814 176 54 Deus,
1562 814 156 54 esse
1640 814 274 54 cognoscitur,

1081 839 75 57 V
1111 839 106 57 sit
1171 839 151 57 humano
1277 839 226 57 intellectui
1458 839 226 57 naturaliter
1639 839 181 57 inserta.
1775 839 91 57 Et
1805 839 106 57 vide-

1063 884 106 57 tur
1123 884 121 57 quod
1199 884 121 57 non:
1274 884 121 57 quia
1350 884 151 57 illud,
1455 884 121 57 quod
1531 884 106 57 per
1591 884 166 57 alterum
1712 884 241 57 cognoscitur,

1063 932 104 46 non
1123 932 104 46 est
1182 932 223 46 naturaliter
1360 932 178 46 insertum
1494 932 237 46 intellectui:
1686 932 104 46 sed
1746 932 119 46 Deus
1805 932 104 46 cogno

1052 971 152 57 scitur
1158 971 106 57 per
1219 971 213 57 creaturas,
1386 971 137 57 iuxta
1477 971 137 57 illud
1568 971 197 57 Apostoli.
1705 971 213 57 Inuisfibilia

1060 1007 99 54 Dei
1117 1007 99 54 per
1173 1007 99 54 ea,
1230 1007 114 54 quae
1301 1007 128 54 facta
1386 1007 114 54 sunt
1443 1007 71 54 &c.

1099 1039 164 53 Contra,
1218 1039 193 53 proposito
1367 1039 104 53 per
1426 1039 89 53 se
1471 1039 134 53 nota,
1560 1039 104 53 quo
1620 1039 89 53 ad
1664 1039 104 53 sui
1724 1039 178 53 notitiam
1843 1039 74 53 est

1059 1079 148 60 humano
1163 1079 222 60 intellectui
1340 1079 222 60 naturaliter
1517 1079 177 60 inserta:
1650 1079 103 60 sed
1709 1079 118 60 haec
1768 1079 148 60 proposi-

1055 1130 113 43 tio,
1125 1130 113 43 Deus
1196 1130 113 43 est,
1266 1130 99 43 est
1323 1130 99 43 per
1379 1130 85 43 se
1421 1130 127 43 nota,
1506 1130 85 43 eo
1548 1130 113 43 quod
1618 1130 197 43 predicatum
1773 1130 99 43 sit
1830 1130 85 43 de
1858 1130 56 43 ra

1061 1170 133 43 tione
1150 1170 192 43 subiecti,
1298 1170 118 43 ergo
1372 1170 104 43 &c.
1431 1170 89 43 In
1475 1170 118 43 ista
1549 1170 207 43 quaestione
1712 1170 177 43 quattuor
1830 1170 89 43 sunt

1058 1208 191 43 videnda.
1202 1208 159 43 Primo,
1313 1208 143 43 vtrum
1409 1208 96 43 in
1457 1208 112 43 via
1520 1208 191 43 possimus
1664 1208 223 43 cognoscere
1823 1208 96 43 Deum

1055 1244 126 43 esse
1134 1244 189 43 Secundo,
1276 1244 142 43 vtrum
1371 1244 189 43 possimus
1513 1244 221 43 cognoscere
1686 1244 126 43 quid
1765 1244 110 43 est
1813 1244 110 43 Deus.

1067 1278 175 63 Tertio,
1194 1278 143 63 vtrum
1290 1278 127 63 Deum
1369 1278 127 63 esse
1449 1278 111 63 sit
1512 1278 111 63 per
1576 1278 95 63 se
1624 1278 159 63 notum.
1735 1278 159 63 Quarto
1831 1278 95 63 quod

1060 1323 101 44 sit
1117 1323 202 44 vestigium,
1276 1323 86 44 de
1319 1323 101 44 quo
1377 1323 158 44 tractat
1492 1323 173 44 magister
1621 1323 86 44 in
1665 1323 173 44 littera,
1794 1323 72 44 &
1809 1323 115 44 quali-

1058 1354 112 63 ter
1122 1354 128 63 Deus
1202 1354 241 63 cognoscitur
1395 1354 112 63 per
1443 1354 177 63 vestigium

1147 1480 590 86 RESOLVTIO.

1066 1592 179 56 Quidditae
1204 1592 83 56 em
1246 1592 97 56 Dei
1301 1592 83 56 ex
1342 1592 124 56 puris
1425 1592 207 56 naturalibus
1591 1592 83 56 in
1632 1592 97 56 via
1687 1592 124 56 neque
1756 1592 166 56 intuitiue,

1084 1630 124 64 neque
1167 1630 124 64 abstr
1249 1630 138 64 actiue
1346 1630 193 64 cognoscere
1497 1630 165 64 valemus,
1621 1630 124 64 licet
1704 1630 110 64 haec
1759 1630 151 64 propositi

1103 1678 107 49 Deus
1170 1678 94 49 est
1223 1678 201 49 sapientibus
1384 1678 161 49 duntaxat
1505 1678 94 49 sit
1558 1678 94 49 per
1612 1678 80 49 se
1652 1678 121 49 nota.
1732 1678 94 49 cum
1786 1678 121 49 tamen
1853 1678 67 49 per

1090 1718 172 56 vestigium
1222 1718 106 56 quae
1288 1718 79 56 ad
1328 1718 198 56 appropriata
1487 1718 106 56 Deus
1553 1718 132 56 optime
1645 1718 66 56 a
1672 1718 119 56 nobis
1738 1718 185 56 cognoscatur.

1081 1792 712 88 ARTICVLVSI

1101 1885 159 76 Vtrum
1208 1885 106 76 in
1261 1885 124 76 via
1332 1885 213 76 possimus
1491 1885 248 76 cognoscere
1686 1885 142 76 Deum
1757 1885 106 76 esse

1117 1992 192 57 IVANTVM
1256 1992 105 57 ad
1309 1992 175 57 primum
1431 1992 210 57 dicendum
1588 1992 140 57 est,
1675 1992 140 57 quod
1763 1992 140 57 sic.
1833 1992 87 57 ll-

1080 2026 89 58 2
1116 2026 125 58 lud
1187 2026 143 58 enim
1277 2026 125 58 non
1349 2026 161 58 solum
1456 2026 161 58 patet
1563 2026 125 58 per
1635 2026 251 58 theologos,
1814 2026 125 58 verum

1057 2071 162 41 etiam
1165 2071 162 41 quasi
1273 2071 126 41 per
1345 2071 162 41 omnes
1453 2071 216 41 mundanos
1614 2071 288 41 philosophos:
1830 2071 108 41 Deum

1057 2110 136 43 enim
1142 2110 136 43 esse
1226 2110 169 43 primum
1345 2110 186 43 motorem
1481 2110 186 43 pulchre
1616 2110 186 43 deduxit
1752 2110 186 43 Aristo.
1870 2110 68 43 8.

1060 2152 254 44 physicorum:
1263 2152 135 44 Deum
1347 2152 135 44 esse
1432 2152 186 44 vltimum
1567 2152 152 44 finem
1669 2152 203 44 probauit
1821 2152 118 44 12.
1871 2152 68 44 me

1068 2187 127 47 taph
1147 2187 127 47 Deum
1226 2187 127 47 esse
1306 2187 143 47 purum
1401 2187 143 47 actum
1496 2187 174 47 ibidem.
1622 2187 95 47 Et
1670 2187 95 47 in
1717 2187 158 47 multis
1812 2187 127 47 aliis.

1060 2226 137 41 locis
1151 2226 243 41 philosophiae
1348 2226 243 41 sufficienter
1546 2226 197 41 probantur
1697 2226 197 41 huiusmodi
1834 2226 76 41 pro

1060 2264 216 47 positones,
1229 2264 123 47 quae
1307 2264 123 47 Deum
1384 2264 123 47 esse
1461 2264 216 47 necessario
1631 2264 262 47 presupponunt,
1831 2264 93 47 Pro-

1078 2305 109 45 ter
1141 2305 125 45 quod
1219 2305 109 45 ait
1281 2305 156 45 Augus.
1390 2305 109 45 15.
1452 2305 93 45 de
1499 2305 140 45 trin.
1592 2305 140 45 Neque
1686 2305 125 45 enim
1748 2305 171 45 diuinorum

1057 2346 200 48 librorum
1208 2346 234 48 tantummodo
1391 2346 234 48 auctoritas
1575 2346 134 48 esse
1659 2346 134 48 Deum
1725 2346 184 48 praedicat

1069 2380 92 47 ed
1115 2380 77 47 &
1145 2380 154 47 omnis,
1253 2380 123 47 quae
1330 2380 108 47 nos
1391 2380 230 47 circumstat,
1576 2380 92 47 ad
1622 2380 123 47 quam
1699 2380 138 47 etiam
1791 2380 108 47 nos
1837 2380 92 47 per-

1071 2421 179 54 inemus,
1201 2421 195 54 vniuersa
1347 2421 130 54 ipsa
1428 2421 146 54 rerum
1526 2421 163 54 natura
1640 2421 211 54 proclamat
1786 2421 130 54 habere

1061 2457 328 57 praestantissimum
1323 2457 197 57 conditorem

1131 2573 677 90 ARTICVLVS
1600 2573 156 90 R

1133 2661 155 71 Vtrum
1236 2661 206 71 Possimus
1391 2661 241 71 cognoscere
1580 2661 138 71 quid
1666 2661 120 71 est
1718 2661 120 71 Deus.

1131 2765 189 62 VANTVM
1263 2765 113 62 ad
1320 2765 227 62 secundum
1490 2765 246 62 dicendum,
1679 2765 151 62 quod
1755 2765 170 62 quiddi-

1190 2813 148 53 tatem
1288 2813 115 53 Dei
1354 2813 99 53 ex
1403 2813 181 53 nostris
1535 2813 247 53 naturalibus
1716 2813 197 53 cognoscert

1062 2852 125 56 non
1116 2852 179 56 possumus

1147 2864 112 76 Quia
1217 2864 98 76 vel
1273 2864 126 76 talis
1358 2864 168 76 cognitio
1484 2864 126 76 esset
1568 2864 197 76 intuitiua,
1722 2864 98 76 vel
1765 2864 154 76 abstracti

1070 2934 107 51 ua.
1131 2934 152 51 Primam
1237 2934 152 51 habere
1344 2934 107 51 non
1405 2934 198 51 possumus:
1557 2934 122 51 quia
1633 2934 107 51 cum
1694 2934 107 51 sit
1739 2934 183 51 beatifica,

1068 2972 200 49 sequitur,
1222 2972 123 49 quod
1299 2972 92 49 ex
1345 2972 139 49 puris
1437 2972 231 49 naturalibus
1622 2972 246 49 beatitudinem
1807 2972 123 49 attin-

1072 3016 114 47 gere
1143 3016 185 47 possemus.
1285 3016 100 47 Nec
1342 3016 213 47 abstractiua
1513 3016 142 47 potest
1612 3016 156 47 haberi,
1726 3016 85 47 vt
1769 3016 185 47 superius,

1075 3054 159 46 probaui
1190 3054 87 46 in
1234 3054 159 46 prologo
1349 3054 116 46 q.3.
1421 3054 173 46 articulo
1552 3054 87 46 1.
1595 3054 116 46 ergo
1653 3054 72 46 &c.

1086 3090 71 56 2
1114 3090 199 56 Praeterea,
1270 3090 142 56 nullus
1370 3090 185 56 ceffectus
1512 3090 156 56 creatus
1626 3090 128 56 ducit
1711 3090 85 56 in
1739 3090 185 56 cognitionem
