2229 3531
512 197 631 123 RESOLVTIO

447 390 133 46 Imaego
540 390 214 46 sanctiffimae
714 390 120 46 Trini
794 390 107 46 atis
860 390 80 46 in
901 390 187 46 intellectu
1047 390 160 46 memoria,
1168 390 67 46 &
1181 390 120 46 volinta

475 430 82 41 te
516 430 191 41 veperitar:
666 430 82 41 et
707 430 95 41 tim
761 430 204 41 potissimum,
925 430 136 41 quando
1020 430 122 41 Anima
1101 430 122 41 actus
1170 430 122 41 praedi-

478 465 138 42 ctarum
575 465 138 42 virium
671 465 83 42 in
712 465 165 42 obiectum
836 465 179 42 aeternum,
974 465 110 42 quod
1043 465 96 42 est
1098 465 110 42 Deus
1167 465 110 42 toto
1222 465 69 42 men

467 507 93 51 tis
520 507 146 51 affectu
626 507 186 51 protendit.
772 507 120 51 Verum
852 507 93 51 cum
905 507 120 51 vires
985 507 133 51 ipsius
1078 507 80 51 ab
1118 507 80 51 ea
1158 507 80 51 re
1185 507 106 51 absolu

470 547 78 41 ta
509 547 182 41 differant,
652 547 117 41 imago
731 547 78 41 in
770 547 91 41 eis
822 547 143 41 reperta
926 547 169 41 habitibus
1056 547 169 41 nobilibus
1174 547 117 41 decora-

463 580 96 64 tur
518 580 123 64 sicut
600 580 219 64 ingnobilibus
764 580 178 64 detirpatur.

392 682 853 95 ARPICVVLVS
1001 682 183 95 I

548 831 153 69 Penes
650 831 136 69 quae
734 831 153 69 imago
836 831 119 69 Dei
904 831 102 69 in
955 831 169 69 homine
1056 831 136 69 princi

702 884 185 73 paliter
820 884 202 73 offendati.

434 994 226 68 SVANTVM
599 994 123 68 ad
661 994 206 68 primum
804 994 164 68 dico
907 994 144 68 cum
989 994 185 68 beato
1113 994 164 68 Aug.
1195 994 82 68 I4

508 1028 94 78 de
555 1028 141 78 trin,
649 1028 125 78 quod
727 1028 94 78 in
774 1028 172 78 potiori
899 1028 141 78 parte
992 1028 156 78 animae
1086 1028 203 78 requirendam

437 1088 106 62 est
497 1088 151 62 imago.
603 1088 151 62 Potior
709 1088 136 62 autem
800 1088 121 62 pars
876 1088 151 62 animae
981 1088 106 62 est
1042 1088 151 62 portio
1133 1088 151 62 superioi

430 1129 198 44 secundum
578 1129 132 44 quam
660 1129 132 44 homo
742 1129 165 44 cuncta
858 1129 181 44 terrena
990 1129 264 44 transcendit;
1187 1129 99 44 ergo

432 1168 182 40 secundum
569 1168 137 40 vires
660 1168 228 40 abstractas,
842 1168 152 40 quibus
949 1168 122 40 homo
1025 1168 243 40 singulariter
1207 1168 76 40 ess

432 1206 192 55 praeditus
580 1206 118 55 prae
653 1206 162 55 cunctis
771 1206 162 55 ceteris
889 1206 236 55 animantibus,
1081 1206 103 55 est
1125 1206 162 55 attenden-

429 1250 88 41 da
473 1250 132 41 imago
561 1250 235 41 sanctissimae
752 1250 220 41 trinitatis.
929 1250 88 41 Ad
973 1250 132 41 cuius
1061 1250 206 41 cuidentiam
1208 1250 73 41 ess

426 1288 247 51 aduertendum,
627 1288 124 51 quod
704 1288 93 51 vt
750 1288 108 51 ait
812 1288 216 51 Augustinus
982 1288 108 51 14.
1044 1288 93 51 de
1090 1288 139 51 trin.
1168 1288 108 51 Imago

439 1329 154 53 potius
546 1329 108 53 est
608 1329 92 53 in
654 1329 139 53 nobis
747 1329 108 53 cum
808 1329 123 53 actu
885 1329 262 53 intelligimus,
1101 1329 123 53 quam
1178 1329 108 53 cum
1224 1329 62 53 ha

435 1367 128 53 bitu
515 1367 273 53 intelligimus.
740 1367 128 53 Actu
820 1367 145 53 autem
917 1367 241 53 intelligere
1109 1367 112 53 non
1158 1367 128 53 possu-

425 1407 127 55 mus,
505 1407 127 55 nisi
584 1407 175 55 speciem
711 1407 286 55 intelligibilem
949 1407 207 55 habeamus;
1108 1407 127 55 ergo
1172 1407 111 55 opor-

432 1437 114 56 tet
497 1437 114 56 non
562 1437 163 56 ponere
676 1437 196 56 virtutem
823 1437 212 56 huiusmodi
986 1437 179 56 speciem
1100 1437 179 56 conseruan

425 1481 133 39 tem,
508 1481 133 39 quae
591 1481 182 39 dicitur
724 1481 199 39 memoria:
873 1481 182 39 Species
1005 1481 149 39 autem
1105 1481 99 39 in
1138 1481 149 39 memoria

421 1516 119 53 sunt
495 1516 134 53 quasi
585 1516 238 53 absconditae,
778 1516 74 53 &
807 1516 208 53 reuelantur
971 1516 104 53 cum
1030 1516 208 53 actualiter
1179 1516 104 53 intel

434 1558 165 52 ligimus,
558 1558 69 52 &
586 1558 83 52 de
627 1558 138 52 ipsis,
724 1558 165 52 formatur
848 1558 234 52 intelligentia
1041 1558 179 52 actualis,
1179 1558 83 52 Vt
1206 1558 69 52 di-

432 1596 103 54 cit
491 1596 207 54 Augustinus
654 1596 103 54 14.
713 1596 89 54 de
757 1596 118 54 trin
831 1596 162 54 oportet
949 1596 118 54 ergo
1022 1596 118 54 dare
1081 1596 192 54 intellectum

429 1638 118 48 actu
503 1638 177 48 potentem
636 1638 236 48 intelligere.
828 1638 133 48 Item,
916 1638 118 48 quia
990 1638 221 48 intellectus
1167 1638 89 48 in
1196 1638 89 48 tali

430 1676 116 54 actu
502 1676 101 54 non
560 1676 145 54 potest
661 1676 87 54 se
704 1676 217 54 conseruare,
878 1676 116 54 nisi
950 1676 130 54 adsit
1037 1676 174 54 intentio
1153 1676 130 54 volunta

431 1711 104 56 tis
491 1711 178 56 copulans
624 1711 149 56 prolem
728 1711 163 56 genitam
847 1711 89 56 in
892 1711 163 56 actuali
1011 1711 253 56 intelligentia
1204 1711 74 56 pa-

422 1750 146 59 renti,
524 1750 117 59 puta
597 1750 160 59 speciei
714 1750 87 59 in
758 1750 160 59 memoria
874 1750 204 59 existenti,
1034 1750 117 59 ergo
1107 1750 160 59 necesse
1209 1750 73 59 est

435 1799 118 41 esse
509 1799 220 41 voluntatem.
685 1799 88 41 Et
729 1799 103 41 sic
788 1799 88 41 in
832 1799 132 41 anima
920 1799 147 41 nostra
1023 1799 162 41 habemus
1141 1799 118 41 tres
1200 1799 73 41 vi-

419 1831 110 50 res
482 1831 188 50 scilicet
623 1831 204 50 memoriam,
780 1831 251 50 intellectum,
984 1831 78 50 &
1016 1831 235 50 voluntatem,
1189 1831 78 50 pe-

431 1871 95 47 nes
486 1871 109 47 tria
554 1871 95 47 iam
608 1871 122 47 dicta
690 1871 177 47 distincta
826 1871 163 47 officia,
948 1871 82 47 in
989 1871 136 47 quibus
1084 1871 177 47 consistit
1206 1871 68 47 ima

425 1918 87 48 go
468 1918 232 48 sanctissimae
656 1918 217 48 trinitalis,
830 1918 116 48 quae
903 1918 145 48 quidem
1004 1918 188 48 potentiae
1149 1918 87 48 si
1178 1918 87 48 nuda

419 1958 187 52 sumuntur
560 1958 187 52 secundum
700 1958 109 52 se,
762 1958 109 52 non
825 1958 218 52 connotatis
996 1958 187 52 actibus,
1137 1958 125 52 tunc
1199 1958 78 52 ima

421 1993 91 45 go
466 1993 167 45 sanctae
588 1993 212 45 trinitatis
754 1993 91 45 in
800 1993 136 45 ipsis
891 1993 197 45 figuratur
1043 1993 212 45 quodammodo
1194 1993 76 45 im-

429 2028 182 53 perfecte
565 2028 91 53 ad
611 2028 136 53 modum
702 2028 212 53 corporalis
868 2028 182 53 imaginis
1004 2028 106 53 per
1065 2028 151 53 debita
1156 2028 106 53 line-

410 2081 132 40 menta
498 2081 220 40 dispositae,
674 2081 102 40 non
732 2081 132 40 tamen
820 2081 205 40 coloratae.
981 2081 88 40 Et
1025 2081 102 40 sic
1084 2081 102 40 ait
1128 2081 146 40 Augusti-

410 2107 111 45 nus
474 2107 111 45 14.
537 2107 95 45 de
585 2107 143 45 trin.
680 2107 127 45 quod
760 2107 143 45 imago
855 2107 175 45 numquam
983 2107 207 45 tollitur.
1126 2107 143 45 Siautem

430 2137 199 54 praedictae
586 2137 128 54 vires
671 2137 99 54 cum
728 2137 156 54 actibus
841 2137 142 54 debite
941 2137 114 54 sibi
1012 2137 241 54 congruentibus
1196 2137 71 54 con

414 2193 214 43 cernuntur,
582 2193 122 43 tunc
658 2193 137 43 imago
750 2193 199 43 praedicta
902 2193 137 43 quasi
994 2193 153 43 debite
1086 2193 183 43 coloratur,

420 2224 77 48 &
450 2224 186 48 secundum
590 2224 108 48 hoc
652 2224 155 48 semper
760 2224 155 48 magis,
868 2224 108 48 vel
930 2224 139 48 minus
1023 2224 279 48 pulcrificatur,

413 2262 197 53 secundum
561 2262 132 53 quod
643 2262 148 53 anima
742 2262 280 53 nobilioribus,
972 2262 115 53 vel
1038 2262 148 53 minus
1120 2262 148 53 nobili-

421 2299 103 47 bus
480 2299 162 47 actibus
598 2299 147 47 tendit
701 2299 88 47 in
745 2299 162 47 obiecta
863 2299 206 47 nobiliora,
1025 2299 103 47 vel
1084 2299 133 47 minus
1158 2299 103 47 nobi-

420 2342 123 57 lia.
496 2342 92 57 Et
542 2342 123 57 ideo
619 2342 107 57 cum
680 2342 138 57 anima
772 2342 214 57 rationalis
940 2342 107 57 sit
1002 2342 184 57 nobilior
1124 2342 138 57 omnibus

414 2382 137 49 rebus
505 2382 258 49 corporalibus,
718 2382 122 49 Deus
794 2382 137 49 autem
885 2382 106 49 est
946 2382 182 49 nobilior
1083 2382 122 49 ipsa
1143 2382 122 49 anima;

417 2417 122 54 ideo
493 2417 138 54 imago
585 2417 214 54 trinitatis
753 2417 184 54 nobilior
891 2417 107 54 est
952 2417 92 54 in
998 2417 153 54 anima,
1105 2417 107 54 cum
1151 2417 107 54 memi-

415 2464 115 50 nit,
487 2464 216 50 intelligit,
660 2464 72 50 &
689 2464 159 50 diligit
804 2464 173 50 seipsam,
934 2464 115 50 quam
1006 2464 101 50 cum
1064 2464 130 50 actus
1136 2464 115 50 praedi

420 2503 119 50 ctos
494 2503 149 50 elicit
598 2503 178 50 respectu
732 2503 208 50 inferiorum
896 2503 238 50 creaturarum,
1089 2503 74 50 &
1118 2503 104 50 iam
1163 2503 104 50 dicta

410 2535 145 61 imago
506 2535 112 61 est
571 2535 257 61 nobilissima,
779 2535 80 61 &
811 2535 289 61 perfectissima,
1052 2535 112 61 cum
1100 2535 161 61 secundum

420 2575 203 48 praedictos
579 2575 130 48 actus
666 2575 116 48 toto
738 2575 145 48 mentis
839 2575 159 48 feruore
955 2575 130 48 anima
1042 2575 145 48 tendit
1143 2575 87 48 in
1172 2575 87 48 obie

408 2617 121 53 ctum
484 2617 197 53 aeternum,
635 2617 121 53 quod
711 2617 106 53 est
771 2617 121 53 Deus
847 2617 136 53 ipse,
938 2617 167 53 spretis
1059 2617 182 53 omnibus,
1180 2617 76 53 qua

414 2654 124 56 sunt
491 2654 139 56 citra
584 2654 139 56 ipsum
677 2654 139 56 Deum.
769 2654 155 56 Quibus
878 2654 124 56 bene
955 2654 248 56 intellectis,
1141 2654 108 56 clari

416 2693 147 52 videre
519 2693 177 52 possumus
652 2693 147 52 causam
755 2693 235 52 diuersitatis
946 2693 88 52 in
990 2693 147 52 dictis
1078 2693 177 52 Augustini-

419 2728 159 59 quibus
530 2728 207 59 quandoque
689 2728 191 59 concedit
832 2728 191 59 imaginem
975 2728 222 59 trinitatis
1134 2728 127 59 absolu

408 2774 91 50 te
453 2774 121 50 esse
529 2774 91 50 in
574 2774 136 50 anima
665 2774 212 50 rationali,
832 2774 197 50 quandoque
983 2774 106 50 cum
1044 2774 121 50 actu
1105 2774 151 50 intelli-

414 2813 119 53 git,
488 2813 134 53 licet
578 2813 208 53 quaecumque
741 2813 223 53 intelligat,
919 2813 193 53 quandoque
1068 2813 104 53 cum
1112 2813 134 53 intelli

410 2856 104 48 git
470 2856 179 48 seipsam,
604 2856 194 48 quandoque
753 2856 104 48 cum
813 2856 134 48 solum
902 2856 134 48 actus
992 2856 209 48 praedictos
1141 2856 119 48 elicit

418 2887 135 60 circa
508 2887 135 60 ipsum
598 2887 135 60 Deum,
687 2887 135 60 iuxta
777 2887 120 60 quod
852 2887 120 60 idem
927 2887 120 60 Aug.
1002 2887 120 60 ait.
1076 2887 90 60 14
1121 2887 90 60 de
1151 2887 105 60 trin-

408 2932 125 52 quod
487 2932 141 52 imago
581 2932 110 52 Dei
644 2932 110 52 est
706 2932 94 52 in
753 2932 157 52 mente,
863 2932 110 52 non
926 2932 125 52 quia
1004 2932 110 52 sui
1067 2932 188 52 meminit,
1192 2932 63 52 se

405 2970 219 67 intelligit,
581 2970 73 67 &
610 2970 132 67 amat:
698 2970 102 67 sed
757 2970 117 67 quia
830 2970 146 67 potest
932 2970 132 67 Deum,
1020 2970 73 67 a
1049 2970 102 67 quo
1108 2970 132 67 facta
1181 2970 73 67 est

408 3003 212 62 meminisse,
574 3003 151 62 amare,
680 3003 76 62 &
695 3003 197 62 intelligere

1406 242 605 96 ARTICVLVS
1825 242 233 96 ER.

1396 335 185 90 Quomodo
1531 335 169 90 partes
1649 335 202 90 imaginis
1801 335 101 90 se
1851 335 185 90 habeant
1986 335 101 90 ad
2020 335 84 90 id,

1600 406 104 65 in
1652 406 122 65 quo
1704 406 209 65 sundantur.

1345 493 182 61 VANTVM
1472 493 109 61 ad
1527 493 218 61 secundum
1690 493 255 61 principale
1890 493 236 61 dicendum,
2054 493 109 61 quod

1372 535 211 55 predictae
1534 535 162 55 partes
1648 535 195 55 imaginis
1794 535 211 55 differunt
1957 535 81 55 a
1989 535 114 55 suo
2038 535 130 55 funda-

1332 582 138 42 mento,
1429 582 166 42 scilicet
1553 582 83 42 ab
1595 582 166 42 essentia
1719 582 138 42 animae
1816 582 166 42 realiter
1940 582 180 42 realitate
2078 582 124 42 abso

1326 608 133 58 luta.
1415 608 89 58 Et
1460 608 119 58 hanc
1534 608 237 58 conclusionem
1726 608 148 58 probat
1830 608 222 58 venerabilis
2008 608 148 58 doctor
2097 608 74 58 fra

1318 648 140 55 ter
1398 648 239 55 AEgidius
1577 648 160 55 sic.

1320 699 88 43 1
1356 699 263 43 Impossibile
1566 699 263 43 operationem
1777 699 263 43 immanentem,
1987 699 88 43 &
2023 699 123 43 non
2075 699 88 43 per

1322 731 188 51 manentem
1464 731 204 51 immediate
1621 731 173 51 fluere,
1746 731 126 51 siue
1825 731 204 51 procedere
1982 731 79 51 a
1998 731 188 51 substantia

1316 766 301 57 incorruptibili,
1569 766 79 57 &
1601 766 238 57 permanente:
1791 766 111 57 sed
1855 766 253 57 intelligere,
2060 766 79 57 &
2076 766 111 57 velle

1327 807 116 50 unt
1394 807 248 50 operationes
1592 807 248 50 immanentes,
1790 807 83 50 &
1823 807 116 50 non
1889 807 264 50 permanentes,
2087 807 99 50 sub-

1311 844 163 51 stantia
1430 844 148 51 animae
1534 844 104 51 est
1593 844 296 51 incorruptibilis,
1845 844 74 51 &
1875 844 208 51 permanens,
2038 844 119 51 ergo
2097 844 74 51 &c.

1359 885 91 57 Et
1404 885 242 57 confirmatur:
1601 885 121 57 quia
1677 885 91 57 in
1723 885 136 57 eadem
1813 885 152 57 natura
1920 885 106 57 ea,
1980 885 121 57 quae
2041 885 121 57 multun

1322 914 201 57 differunt,
1480 914 101 57 non
1537 914 144 57 fluunt
1638 914 86 57 ab
1681 914 101 57 ea,
1739 914 115 57 nisi
1811 914 216 57 mediantibus
1983 914 115 57 his,
2055 914 115 57 quae
2112 914 58 57 mi

1318 969 96 50 nus
1373 969 192 50 differunt:
1524 969 96 50 sed
1579 969 164 50 operatio
1702 969 178 50 praedicta
1839 969 96 50 nec
1894 969 96 50 est
1949 969 206 50 substantia,
2099 969 69 50 nec

1328 1004 217 50 permanens,
1499 1004 124 50 ergo
1577 1004 140 50 fluer
1670 1004 93 50 ab
1716 1004 186 50 essentia
1856 1004 155 50 animae
1964 1004 186 50 mediante
2088 1004 78 50 po-

1328 1044 168 47 teritia,
1454 1044 112 47 quae
1524 1044 140 47 quauis
1622 1044 84 47 no
1664 1044 98 47 sit
1720 1044 210 47 substantia,
1888 1044 98 47 est
1944 1044 126 47 tamen
2014 1044 154 47 permanens

1355 1080 74 57 2
1385 1080 207 57 Praeterea,
1547 1080 89 57 in
1592 1080 148 57 Angelo
1695 1080 192 57 differunt
1843 1080 177 57 potentia
1976 1080 89 57 ab
2005 1080 163 57 essentiam

1326 1124 130 55 ergo
1407 1124 81 55 &
1439 1124 97 55 in
1488 1124 178 55 homine:
1617 1124 194 55 probatur
1763 1124 243 55 antecedens:
1957 1124 130 55 quia
2038 1124 113 55 cum
2087 1124 81 55 mes

1323 1164 123 52 dium
1400 1164 108 52 non
1461 1164 154 52 possit
1569 1164 139 52 magis
1662 1164 185 52 differre
1801 1164 93 52 ab
1847 1164 201 52 extremis,
2001 1164 123 52 quam
2063 1164 108 52 extre

1324 1197 117 57 mum
1391 1197 100 57 ab
1441 1197 201 57 extremo,
1592 1197 84 57 &
1625 1197 117 57 cum
1692 1197 251 57 intelligere
1893 1197 117 57 sit
1960 1197 167 57 medium
2060 1197 117 57 inter

1330 1235 225 62 ntelligens,
1510 1235 75 62 &
1540 1235 240 62 intellectum:
1735 1235 150 62 quando
1840 1235 165 62 Angelus
1960 1235 210 62 intelligit
2110 1235 60 62 es

1316 1274 144 61 sentiam
1421 1274 105 61 suam
1486 1274 79 61 si
1526 1274 79 61 in
1565 1274 79 61 eo
1604 1274 92 61 non
1657 1274 144 61 differt
1762 1274 157 61 potentia
1880 1274 210 61 intellectiua
2050 1274 79 61 ab
2076 1274 92 61 esser

1316 1314 90 55 tia
1367 1314 218 55 intellectiua,
1547 1314 103 55 suum
1611 1314 192 55 intelligere
1765 1314 115 55 esset
1842 1314 115 55 idem,
1919 1314 103 55 quod
1983 1314 90 55 sua
2022 1314 128 55 essentia

1348 1358 85 50 3
1382 1358 238 50 Praeterea,
1569 1358 136 50 idem
1654 1358 204 50 secundum
1808 1358 136 50 idem
1893 1358 153 50 esset
1995 1358 187 50 mouens,
2114 1358 51 50 &

1313 1396 155 62 motum,
1422 1396 78 62 &
1453 1396 171 62 directe
1577 1396 202 62 reduceret
1732 1396 171 62 seipsum
1857 1396 93 62 de
1903 1396 186 62 potentia
2043 1396 93 62 ad
2074 1396 93 62 actu

1313 1436 161 58 quando
1426 1436 177 58 Angelus
1555 1436 258 58 intelligeret
1764 1436 210 58 essentiam
1909 1436 97 58 suam

1343 1457 80 73 4
1375 1457 225 73 Praeterea,
1552 1457 112 73 ld,
1616 1457 128 73 quod
1696 1457 145 73 habet
1793 1457 225 73 potestatem
1969 1457 145 73 super
2050 1457 112 73 actun

1316 1509 194 49 immediate
1465 1509 179 49 fundatum
1600 1509 90 49 in
1645 1509 149 49 aliqua
1749 1509 194 49 essentia,
1898 1509 105 49 vel
1958 1509 164 49 natura,
2063 1509 105 49 illud

1322 1551 139 57 habet
1414 1551 216 57 potestatem
1584 1551 139 57 super
1677 1551 139 57 omnia
1769 1551 124 57 alia
1847 1551 170 57 fundata
1970 1551 93 57 in
2017 1551 108 57 ea,
2078 1551 77 57 &
2094 1551 77 57 per

1322 1589 215 48 consequens
1491 1589 139 48 super
1583 1589 139 48 ipsam
1676 1589 185 48 naturam:
1814 1589 108 48 cum
1876 1589 123 48 illa
1953 1589 154 48 creata
2045 1589 123 48 natura

1325 1634 145 54 possit
1427 1634 116 54 esse
1500 1634 116 54 sine
1572 1634 203 54 accidente:
1732 1634 102 54 sed
1790 1634 189 54 phantalma
1936 1634 131 54 habet
2008 1634 160 54 potestate

1311 1671 135 55 super
1401 1671 135 55 ipsum
1491 1671 241 55 intelligere,
1687 1671 120 55 ergo
1762 1671 90 55 si
1807 1671 135 55 ipsum
1897 1671 226 55 intelligere
2063 1671 105 55 imme-

1311 1700 132 66 diate
1399 1700 117 66 sine
1473 1700 176 66 potentia
1605 1700 132 66 media
1693 1700 176 66 fundatur
1825 1700 88 66 in
1869 1700 176 66 essentia
2001 1700 161 66 animae,
2103 1700 59 66 ip

1322 1755 68 51 a
1349 1755 149 51 natura,
1457 1755 95 51 vel
1511 1755 162 51 essentia
1632 1755 135 51 animae
1727 1755 230 51 intellectiuae
1916 1755 108 51 erit
1970 1755 203 51 corruptibilis

1344 1786 116 62 Sed
1411 1786 100 62 ad
1461 1786 116 62 has
1527 1786 199 62 rationes
1676 1786 166 62 quidam
1793 1786 100 62 de
1843 1786 216 62 contraria
1992 1786 166 62 opinioni

1292 1822 204 54 respondent

1353 1838 92 72 Ad
1399 1838 169 72 maiorem
1521 1838 153 72 primae
1629 1838 184 72 rationis
1767 1838 169 72 dicunt,
1889 1838 123 72 qued
1966 1838 123 72 vera
2042 1838 107 72 est
2088 1838 77 72 lo-

1326 1902 139 59 uendo
1418 1902 93 59 de
1465 1902 217 59 operatione
1635 1902 108 59 non
1697 1902 232 59 permanente,
1883 1902 124 59 siue
1961 1902 201 59 fluxibili
2100 1902 62 59 di

1321 1951 158 52 sibili,
1435 1951 129 52 sicut
1521 1951 115 52 est,
1593 1951 143 52 motus:
1693 1951 100 52 non
1750 1951 129 52 autem
1836 1951 86 52 de
1879 1951 244 52 indiuisibili,
2066 1951 100 52 sicut

1310 1984 109 47 est
1373 1984 218 47 generatio.
1544 1984 140 47 Licet
1638 1984 125 47 enim
1716 1984 172 47 materia
1841 1984 234 47 subiiciatur
2028 1984 140 47 motui
2106 1984 62 47 me

1307 2024 165 56 diante
1423 2024 165 56 aliquo
1539 2024 215 56 accidente
1705 2024 248 56 permanente,
1903 2024 215 56 immediate
2052 2024 116 56 tamen

1315 2067 105 66 per
1375 2067 135 66 ipsam
1465 2067 210 66 subiicitur
1630 2067 240 66 generationi:
1824 2067 105 66 sed
1884 2067 225 66 intelligere
2064 2067 105 66 est
2109 2067 45 66 o

1319 2095 133 55 eratio
1412 2095 240 55 indiuisibilis.

1330 2119 102 78 Ad
1381 2119 205 78 secundum
1534 2119 170 78 negant
1654 2119 256 78 antecedens.
1858 2119 102 78 ad
1909 2119 256 78 probationem
2097 2119 68 78 di

1304 2186 145 48 cunt,
1400 2186 129 48 quod
1481 2186 129 48 vera
1561 2186 113 48 est
1625 2186 96 48 de
1674 2186 145 48 medio
1770 2186 273 48 compositonis,
1995 2186 113 48 non
2043 2186 113 48 auten

1310 2215 95 54 de
1358 2215 143 54 medio
1453 2215 286 54 coniunctionis;
1691 2215 175 54 possunt
1818 2215 127 54 enim
1898 2215 111 54 duo
1961 2215 143 54 panni
2041 2215 111 54 extre

1301 2260 88 66 mi
1345 2260 176 66 coniungi
1477 2260 176 66 mediante
1609 2260 117 66 actu
1682 2260 161 66 ferreo,
1799 2260 117 66 nunc
1872 2260 132 66 autem
1960 2260 102 66 ita
2019 2260 117 66 est,
2077 2260 88 66 quod

1299 2295 143 59 ipsum
1395 2295 239 59 intelligere
1585 2295 95 59 se
1633 2295 143 59 habet
1728 2295 95 59 vt
1776 2295 159 59 medium
1872 2295 254 59 coniunctionis.

1331 2330 97 62 Ad
1379 2330 177 62 tertium
1508 2330 177 62 dicunt,
1637 2330 129 62 quod
1718 2330 113 62 hoc
1782 2330 113 62 non
1847 2330 129 62 erit
1927 2330 193 62 secundum
2056 2330 97 62 idem

1303 2379 113 62 quia
1373 2379 198 62 requiritur
1529 2379 99 62 ibi
1585 2379 155 62 species
1698 2379 268 62 intelligibilis,
1924 2379 99 62 per
1981 2379 113 62 quam
2037 2379 113 62 reduno

1304 2412 103 50 tur
1363 2412 89 50 in
1393 2412 103 50 actum

1333 2424 92 91 Ad
1379 2424 168 91 quartum
1501 2424 168 91 dicunt,
1623 2424 122 91 quod
1700 2424 153 91 actio,
1807 2424 77 91 &
1838 2424 153 91 passio
1945 2424 168 91 dicitur
2052 2424 107 91 aequi

1302 2493 130 47 uoce,
1388 2493 130 47 prout
1475 2493 101 47 est
1532 2493 87 47 in
1576 2493 130 47 anima
1662 2493 245 47 intellectiua,
1864 2493 72 47 &
1893 2493 87 47 in
1937 2493 144 47 alijs:
2038 2493 115 47 quia
2095 2493 58 47 in

1293 2540 131 52 alijs
1381 2540 131 52 magis
1468 2540 131 52 facta
1556 2540 160 52 abiicit
1672 2540 73 52 a
1701 2540 219 52 substantia;
1876 2540 87 52 in
1920 2540 131 52 anima
2007 2540 131 52 autem
2080 2540 73 52 ess

1294 2571 151 54 salus,
1400 2571 75 54 &
1430 2571 211 54 perfectio:
1596 2571 75 54 &
1626 2571 121 54 ideo
1701 2571 91 54 si
1747 2571 196 54 phantasma
1897 2571 136 54 habet
1973 2571 181 54 potestatem

1299 2618 123 57 uper
1375 2618 123 57 ipso
1452 2618 246 57 intelligere,
1652 2618 92 57 ex
1698 2618 107 57 hoc
1759 2618 107 57 non
1820 2618 199 57 sequitur,
1974 2618 123 57 quod
2035 2618 123 57 possit

1289 2655 156 67 animam
1398 2655 233 67 corrumpere,
1585 2655 109 67 sed
1647 2655 140 67 magis
1741 2655 202 67 sequitur,
1896 2655 125 67 quod
1974 2655 171 67 possit.
2083 2655 78 67 ip-

1294 2685 101 55 sam
1351 2685 159 55 saluare
1467 2685 72 55 &
1482 2685 174 55 perficere.

1325 2723 105 66 Sed
1385 2723 136 66 istae
1476 2723 211 66 solutiones
1641 2723 105 66 non
1701 2723 181 66 videntur
1837 2723 151 66 valere
1942 2723 151 66 contra
2033 2723 120 66 ratio-

1297 2760 106 67 nes
1357 2760 227 67 praedictas:
1539 2760 121 67 quia
1615 2760 227 67 Commentator
1797 2760 197 67 interimit
1948 2760 106 67 ea,
2009 2760 121 67 quae
2069 2760 76 67 di-

1301 2804 94 62 it
1348 2804 125 62 ille
1427 2804 157 62 doctor
1537 2804 94 62 ad
1584 2804 172 62 maiorem
1709 2804 157 62 primae
1819 2804 204 62 rationis:
1976 2804 141 62 Ponit
2054 2804 94 62 enim

1291 2846 189 59 expresse
1433 2846 94 59 in
1480 2846 94 59 de
1527 2846 220 59 substantia
1700 2846 157 59 orbis,
1810 2846 126 59 quod
1889 2846 173 59 materia
1999 2846 141 59 numquam

1293 2881 201 52 separatur
1447 2881 77 52 a
1478 2881 279 52 dimensionibus,
1711 2881 124 52 ergo
1788 2881 139 52 etiam
1881 2881 93 52 in
1927 2881 155 52 puncto
2020 2881 124 52 genera

1290 2926 154 58 tionis
1398 2926 170 58 materia
1521 2926 170 58 haberet
1645 2926 170 58 aliquod
1768 2926 185 58 accidens
1907 2926 216 58 permanens,
2062 2926 77 58 pu-

1293 2962 91 59 ta
1338 2962 136 59 ipsas
1429 2962 243 59 dimensiones,
1626 2962 76 59 a
1657 2962 167 59 quibus,
1778 2962 91 59 vt
1824 2962 106 59 ait
1884 2962 227 59 Comentator,
2051 2962 91 59 num;

1299 3005 109 61 quam
1367 3005 177 61 totaliter
1503 3005 149 61 poterit
1612 3005 177 61 separari:
1748 3005 95 61 Sed
1802 3005 82 61 in
1843 3005 109 61 his,
1911 3005 109 61 quae
1979 3005 122 61 dicit
2060 3005 82 61 ad
2088 3005 54 61 mi

1283 3042 151 60 norem,
1389 3042 136 60 negat
1479 3042 227 60 Aristotelem
1661 3042 136 60 primo
1751 3042 91 60 de
1797 3042 151 60 anima,
1902 3042 106 60 vbi
1963 3042 151 60 dicit,
2053 3042 91 60 quod
