2297 3540
440 222 206 61 Quantum
590 222 150 61 enim
684 222 113 61 ad
740 222 188 61 primum
872 222 206 61 neganda
1022 222 131 61 est
1078 222 225 61 consequen-

439 268 115 48 tia:
510 268 115 48 quia
582 268 86 48 si
625 268 229 48 consequentia
811 268 129 48 esset
898 268 129 48 bona,
984 268 201 48 sequeretur
1141 268 129 48 etiam
1213 268 86 48 con-

436 308 111 45 tra
499 308 126 45 nos,
578 308 126 45 quod
657 308 158 45 semper
768 308 158 45 habens
878 308 237 45 intellectum
1068 308 158 45 semper
1163 308 142 45 intelli

450 346 141 54 geret.
549 346 99 54 Nec
605 346 127 54 etiam
690 346 141 54 illud,
789 346 113 54 quod
860 346 170 54 inferunt
987 346 85 54 de
1029 346 113 54 esse
1100 346 127 54 viuo,
1185 346 99 54 est
1227 346 71 54 si-

444 396 136 42 mile:
535 396 121 42 quia
610 396 151 42 viuere
716 396 182 42 respectu
853 396 227 42 intelligere
1034 396 106 42 est
1095 396 136 42 actus
1171 396 136 42 primus;

436 435 115 45 quia
508 435 144 45 viuere
609 435 202 45 viuentibus
767 435 101 45 est
825 435 130 45 esse,
912 435 87 45 vt
955 435 159 45 dicitur
1070 435 87 45 in
1113 435 87 45 2.
1157 435 87 45 de
1186 435 115 45 anima:

441 468 105 49 sed
501 468 150 49 stante
606 468 120 49 actu
682 468 150 49 primo,
787 468 135 49 actus
877 468 165 49 secudus
997 468 256 49 multipliciter
1193 468 105 49 potes

439 508 187 42 impediri
580 508 172 42 propter
704 508 125 42 hoc,
782 508 125 42 quod
860 508 140 42 plura
954 508 187 42 requirit
1094 508 140 42 actus
1172 508 125 42 secun-

449 547 131 53 dus,
531 547 131 53 quam
613 547 148 53 actus
711 547 181 53 primus,
842 547 164 53 quorum
957 547 213 53 quocumque
1105 547 197 53 deficiente

442 584 149 49 deficit
551 584 122 49 talis
618 584 95 49 actus

476 624 102 46 Ad
527 624 203 46 secundum
679 624 169 46 posset
798 624 203 46 breuiter
950 624 152 46 dici,
1051 624 135 46 quod
1119 624 186 46 commutata

439 663 204 48 proportio
596 663 110 48 non
659 663 204 48 concludit
816 663 235 48 necessario;
1004 663 125 48 nisi
1082 663 110 48 cum
1129 663 173 48 proportio

432 710 165 46 sumitur
552 710 90 46 in
597 710 180 46 terminis
733 710 271 46 quantitatiuis.
958 710 120 46 lsti
1033 710 135 46 autem
1124 710 165 46 termini
1229 710 60 46 ne

430 744 125 50 sunt
509 744 250 50 quantitatiui
712 744 110 50 nec
775 744 188 50 sumuntur
915 744 266 50 quantitatiue,
1135 744 110 50 vel
1181 744 110 50 potes

430 784 141 45 dici,
524 784 125 45 quod
603 784 141 45 prima
697 784 204 45 proportio
854 784 110 45 est
917 784 141 45 vera,
1011 784 173 45 quantum
1136 784 94 45 ad
1168 784 125 45 quanda

435 820 198 51 naturalem
587 820 259 51 coexigentiam,
800 820 122 51 puta
876 820 137 51 sicut
967 820 228 51 impossibile
1150 820 122 51 est,
1211 820 76 51 qui

421 871 95 43 sit
476 871 108 43 esse
543 871 108 43 sine
611 871 176 43 essentia,
746 871 95 43 ita
800 871 203 43 impossibile
962 871 108 43 est,
1030 871 108 43 quod
1098 871 95 43 sit
1152 871 149 43 operati
1246 871 41 43 s

433 900 94 45 ne
480 900 204 45 potentia,
637 900 78 45 &
669 900 125 45 tunc
747 900 110 45 sic
810 900 188 45 concessa
951 900 235 45 proportione
1139 900 94 45 in
1171 900 125 45 commu-

433 941 130 46 tando
519 941 216 46 committitur
692 941 173 46 fallacia
821 941 158 46 figurae
936 941 259 46 distinctionis:
1152 941 115 46 quia
1210 941 86 46 muta

429 980 105 46 tur
489 980 225 46 coexigentia
669 980 90 46 in
714 980 255 46 differentiam,
924 980 120 46 vnde
999 980 90 46 si
1044 980 195 46 vniformis
1179 980 105 46 obser

426 1024 136 50 uetur
517 1024 212 50 processus,
684 1024 121 50 bene
759 1024 243 50 concludetur,
956 1024 121 50 puta
1032 1024 136 50 facta
1108 1024 182 50 terminorum

426 1062 263 46 commutatione,
642 1062 124 46 tunc
720 1062 93 46 ex
766 1062 279 46 praecedentibus
999 1062 108 46 sic
1061 1062 139 46 debet
1138 1062 155 46 inferri;

427 1100 102 55 sed
486 1100 219 55 impossibile
661 1100 102 55 est
720 1100 117 55 esse
793 1100 190 55 potentiam
939 1100 117 55 sine
1012 1100 190 55 essentia,
1158 1100 117 55 ergo
1217 1100 73 55 im-

424 1137 177 54 possibile
561 1137 95 54 est
615 1137 150 54 operari
724 1137 109 54 esse
793 1137 109 54 sine
847 1137 82 54 esse

442 1175 140 60 Forte
536 1175 156 60 dices,
645 1175 94 60 si
692 1175 187 60 potentia
832 1175 249 60 praesupponit
1035 1175 218 60 essentiam,
1190 1175 94 60 ergo

433 1208 155 52 differt
546 1208 84 52 ab
574 1208 56 52 ea

464 1254 95 57 Si
512 1254 142 57 essem
606 1254 221 57 contrariae
780 1254 205 57 opinionis
938 1254 190 57 dicerem,
1081 1254 126 57 quod
1160 1254 126 57 idem
1223 1254 63 57 po

429 1299 122 39 test
505 1299 168 39 seipsum
627 1299 213 39 supponere,
795 1299 107 39 sub
855 1299 122 39 alia
932 1299 137 39 tamen
1008 1299 137 39 ratione

464 1338 97 39 Ad
512 1338 178 39 tertium
642 1338 211 39 dicendum,
804 1338 130 39 quod
886 1338 146 39 licet
983 1338 130 39 illa
1064 1338 146 39 inter
1145 1338 146 39 ceteras

418 1372 101 54 sit
475 1372 216 54 efficacior,
648 1372 129 54 tamen
734 1372 144 54 volens
834 1372 158 54 fugere,
949 1372 144 54 potest
1050 1372 158 54 dicere,
1165 1372 115 54 quod
1223 1372 57 54 si

425 1414 110 48 cut
488 1414 142 48 agens
583 1414 237 48 aequiuocum,
772 1414 126 48 puta
851 1414 110 48 sol
914 1414 110 48 per
977 1414 126 48 vnam
1056 1414 79 48 &
1088 1414 158 48 eandem
1183 1414 110 48 virtu

425 1453 115 44 tem
490 1453 180 44 inducit
621 1453 164 44 aliam,
736 1453 82 44 &
769 1453 147 44 aliam
867 1453 180 44 formam,
998 1453 197 44 secundum
1146 1453 164 44 aliam,
1244 1453 49 44 &

420 1492 132 48 aliam
508 1492 250 48 dispositionem
714 1492 191 48 principij
861 1492 220 48 susceptiui:
1037 1492 103 48 sic
1096 1492 103 48 vna
1155 1492 73 48 &
1184 1492 132 48 cadem

422 1532 162 47 anima,
535 1532 113 47 cum
600 1532 113 47 sit
665 1532 227 47 principium
843 1532 227 47 aequiuocum
1022 1532 195 47 respectu
1151 1532 130 47 suarum

422 1575 250 44 operationum,
625 1575 94 44 ad
672 1575 234 44 praesentiam
860 1575 219 44 obiectorum
1031 1575 187 44 aliarum,
1172 1575 78 44 &
1187 1575 94 44 ali-

425 1613 109 51 rum
488 1613 186 51 rationum
627 1613 171 51 poterit
752 1613 140 51 actus
845 1613 171 51 elicere
969 1613 109 51 non
1031 1613 140 51 solum
1109 1613 171 51 differen-

423 1653 109 41 tes
485 1653 171 41 specie,
609 1653 140 41 verum
702 1653 140 41 etiam
795 1653 171 41 genere,
919 1653 93 41 si
965 1653 186 41 rationes
1089 1653 186 41 obiectorun

413 1684 172 63 fuerint
538 1684 156 63 genere
648 1684 250 63 differentes:
850 1684 203 63 huiusmodi
1007 1684 125 63 enim
1085 1684 156 63 actus,
1194 1684 78 63 &
1210 1684 62 63 op

413 1731 191 53 rationes
556 1731 111 53 non
620 1731 175 53 capiunt
747 1731 175 53 speciem
874 1731 80 53 &
906 1731 270 53 distinctionem
1129 1731 95 53 ex
1161 1731 111 53 subie

413 1769 132 47 ctis,
501 1769 102 47 sed
560 1769 88 47 ex
604 1769 176 47 obiectis
735 1769 161 47 sumptis
852 1769 176 47 secundum
984 1769 176 47 rationes
1101 1769 176 47 obiectales

450 1809 92 45 Ad
496 1809 169 45 quartum
618 1809 199 45 dicendum,
771 1809 123 45 quod
848 1809 123 45 illa
925 1809 199 45 proportio
1063 1809 214 45 assimilatio-

415 1837 109 52 nis
478 1837 109 52 non
540 1837 141 52 habet
634 1837 141 52 locum
728 1837 94 52 in
775 1837 281 52 productionibus
1009 1837 234 52 aequiuocis:
1181 1837 94 52 qui-

414 1888 164 54 nigredo
533 1888 194 54 quandoque
682 1888 104 54 fit
742 1888 74 54 a
772 1888 164 54 calore,
891 1888 194 54 quandoque
1040 1888 74 54 a
1069 1888 179 54 frigore:
1204 1888 74 54 &
1218 1888 60 54 ca

422 1927 112 48 sor
486 1927 209 48 quandoque
647 1927 96 48 ab
695 1927 144 48 igne,
791 1927 209 48 quandoque
951 1927 80 48 a
983 1927 144 48 motu,
1080 1927 96 48 vt
1128 1927 112 48 ait
1176 1927 96 48 Com-

419 1967 189 48 mentator
561 1967 95 48 2.
609 1967 142 48 caeli
703 1967 79 48 &
735 1967 158 48 mundi.
845 1967 95 48 Et
892 1967 158 48 subdit
1003 1967 174 48 ibidem,
1129 1967 126 48 quod
1192 1967 79 48 non

412 2010 127 48 omne,
496 2010 113 48 quod
567 2010 113 48 fit,
638 2010 99 48 fit
694 2010 71 48 a
722 2010 113 48 sibi
793 2010 141 48 simili
891 2010 85 48 in
934 2010 155 48 specie,
1046 2010 99 48 vel
1103 2010 155 48 genere,
1202 2010 71 48 nis

401 2040 138 49 solum
493 2040 92 49 in
539 2040 230 49 gencratione
722 2040 260 49 substantiarum
937 2040 184 49 vniuoca:
1075 2040 107 49 sed
1136 2040 92 49 in
1167 2040 107 49 propo

401 2084 121 55 sito
476 2084 106 55 non
537 2084 106 55 est
597 2084 197 55 generatio
749 2084 181 55 vniuoca,
885 2084 106 55 cum
945 2084 136 55 actus
1036 2084 106 55 non
1097 2084 106 55 sit
1142 2084 136 55 eiusdem

412 2119 173 54 speciei
538 2119 110 54 cum
586 2119 158 54 potentia

442 2164 100 51 Ad
492 2164 184 51 quintum
626 2164 217 51 dicendum,
794 2164 134 51 quod
877 2164 117 51 ibi
944 2164 251 51 committitur
1145 2164 151 51 falla

415 2203 104 45 cia
474 2203 296 45 aequiuocationis:
726 2203 118 45 quia
800 2203 148 45 duplex
904 2203 104 45 est
963 2203 178 45 potentia
1096 2203 74 45 :
1126 2203 104 45 vna
1185 2203 74 45 a
1200 2203 74 45 qua

409 2240 116 55 itur
482 2240 87 55 in
526 2240 145 55 actum,
627 2240 116 55 siue
700 2240 116 55 quae
772 2240 102 55 fit
830 2240 145 55 actus,
932 2240 131 55 sicut
1019 2240 116 55 homo
1092 2240 87 55 in
1121 2240 145 55 potenti-

411 2278 103 55 fit
470 2278 118 55 homo
544 2278 88 55 in
588 2278 133 55 actu;
677 2278 74 55 &
706 2278 88 55 de
750 2278 118 55 illa
824 2278 177 55 potentia
957 2278 118 55 vera
1030 2278 103 55 est
1089 2278 147 55 maior.
1178 2278 88 55 Ali-

415 2328 101 48 est
472 2328 188 48 potentia,
617 2328 116 48 quae
689 2328 145 48 elicit
791 2328 145 48 actum,
892 2328 72 48 &
921 2328 87 48 de
964 2328 116 48 illa
1037 2328 188 48 concludit
1167 2328 101 48 argu-

408 2361 185 53 mentum,
543 2361 84 53 &
576 2361 118 53 per
644 2361 235 53 consequens
829 2361 185 53 mutatur
963 2361 185 53 medium.
1098 2361 135 53 Item
1165 2361 101 53 argu

399 2399 174 51 mentum
520 2399 174 51 potest
642 2399 139 51 duci
729 2399 174 51 contra
851 2399 226 51 doctorem:
1025 2399 139 51 quia
1095 2399 174 51 secundum

401 2442 124 35 eum,
478 2442 186 35 potentia
618 2442 109 35 est
680 2442 155 35 quidam
788 2442 140 35 actus
881 2442 217 35 essentiae,
1052 2442 78 35 &
1083 2442 109 35 per
1129 2442 124 35 conse-

408 2482 133 45 quens
497 2482 177 45 essentia
629 2482 133 45 habet
718 2482 177 45 rationem
850 2482 251 45 perfectibilis
1057 2482 192 45 potentiae
1189 2482 74 45 rer

412 2521 128 48 pectu
497 2521 128 48 talis
583 2521 143 48 actus,
683 2521 100 48 qui
740 2521 157 48 dicitur
854 2521 186 48 potentia.
997 2521 86 48 Si
1040 2521 143 48 igitur
1125 2521 143 48 potentia

404 2551 160 51 semper
516 2551 112 51 est
580 2551 96 51 in
628 2551 144 51 eodem
724 2551 160 51 genere
836 2551 112 51 cum
900 2551 144 51 actu,
996 2551 128 51 ille
1076 2551 160 51 actus,
1172 2551 96 51 quem

399 2600 224 48 appellamus
575 2600 224 48 potentiam,
751 2600 128 48 erit
831 2600 96 48 in
879 2600 144 48 eodem
975 2600 160 48 genere
1087 2600 112 48 cum
1135 2600 128 48 essen-

404 2637 114 55 tia
469 2637 179 55 animae,
599 2637 81 55 &
632 2637 114 55 per
697 2637 228 55 consequens
876 2637 114 55 non
941 2637 130 55 erit
1022 2637 212 55 accidens,
1185 2637 114 55 sed

385 2667 191 49 substantia

439 2707 100 56 Ad
489 2707 166 56 sextum
605 2707 216 56 adiunctum
771 2707 116 56 per
837 2707 149 56 alium
937 2707 199 56 doctorem
1086 2707 166 56 potest
1186 2707 66 56 di

396 2750 104 48 ci,
455 2750 118 48 quod
529 2750 89 48 ad
574 2750 133 48 actus
662 2750 163 48 specie,
781 2750 104 48 vel
840 2750 148 48 genere
943 2750 222 48 differentes
1121 2750 133 48 anima
1195 2750 59 48 di

406 2793 216 56 terminatur
575 2793 185 56 secundum
714 2793 185 56 rationes
852 2793 216 56 obiectales
1022 2793 169 56 specle,
1145 2793 108 56 vel
1191 2793 62 56 go

391 2827 115 49 nere
462 2827 230 49 differentes:
649 2827 86 49 Et
692 2827 129 49 licet
779 2827 158 49 aliquae
894 2827 115 49 meae
966 2827 172 49 rationes
1095 2827 115 49 sint
1152 2827 101 49 tacta

408 2873 107 51 per
469 2873 229 51 solutiones,
652 2873 122 51 quas
729 2873 153 51 adduxi
836 2873 153 51 contra
942 2873 183 51 rationes
1080 2873 168 51 illorum
1187 2873 61 51 do

382 2912 188 53 ctorum,
519 2912 154 53 tamen
621 2912 154 53 adhuc
724 2912 171 53 manent
844 2912 257 53 inconcussae
1049 2912 188 53 propter
1169 2912 86 53 va-

396 2947 122 55 rias
472 2947 275 55 declarationes,
701 2947 76 55 &
732 2947 244 55 probationes,
930 2947 153 55 quibus
1037 2947 122 55 sunt
1098 2947 153 55 fulcitae

396 2985 107 51 Nec
457 2985 152 51 reputo
563 2985 107 51 has
624 2985 213 51 solutiones
791 2985 152 51 semper
898 2985 243 51 necessarias,
1096 2985 107 51 nec
1157 2985 91 51 in
1187 2985 61 51 om

393 3027 135 54 nibus
483 3027 226 54 simpliciter
664 3027 150 54 veras,
769 3027 75 54 &
799 3027 150 54 maxime
904 3027 105 54 vbi
964 3027 150 54 dictis
1070 3027 120 54 meis
1130 3027 120 54 primi-

390 3066 91 51 in
435 3066 152 51 aliquo
542 3066 213 51 obuiarent,
709 3066 76 51 &
740 3066 122 51 ideo
816 3066 137 51 dixi,
907 3066 122 51 quod
983 3066 198 51 huiusmodi
1120 3066 137 51 instan

1344 216 118 67 tias
1418 216 148 67 vellem
1521 216 177 67 adducere
1654 216 148 67 gratia
1743 216 177 67 exercitij.

1355 276 113 41 Sed
1419 276 161 41 contra
1532 276 242 41 supradictam
1726 276 210 41 veritatem
1887 276 210 41 conclusam
2048 276 129 41 sunt
2112 276 81 41 va-

1340 311 126 58 riae
1419 311 189 58 doctorum
1561 311 220 58 opiniones.
1734 311 142 58 Primo
1828 311 126 58 enim
1907 311 126 58 sunt
1985 311 157 58 quidam
2080 311 110 58 dicen

1341 349 120 53 tes,
1416 349 120 53 quod
1491 349 195 53 potentiae
1641 349 150 53 animae
1746 349 120 53 sunt
1820 349 120 53 idem
1895 349 180 53 realiter
2030 349 105 53 cum
2075 349 120 53 essen-

1333 384 98 50 tia
1389 384 155 50 animae,
1502 384 183 50 differunt
1642 384 127 50 tamen
1727 384 197 50 formaliter
1882 384 127 50 inter
1966 384 98 50 se,
2022 384 127 50 sicut
2093 384 84 50 par-

1338 430 105 43 tes
1398 430 196 43 virtuales
1549 430 211 43 existentes
1714 430 90 43 in
1759 430 135 43 eodem
1850 430 135 43 toto.
1940 430 151 43 Dicunt
2046 430 120 43 enim
2106 430 75 43 ani

1330 469 121 41 mam
1399 469 139 41 esse
1486 469 191 41 quoddam
1625 469 156 41 totum
1729 469 295 41 potestatiuum,
1954 469 226 41 contentiuum

1328 509 183 50 plurium,
1465 509 122 50 quae
1541 509 137 50 tamen
1632 509 137 50 omnia
1723 509 183 50 realiter
1860 509 122 50 sibi
1921 509 259 50 identificantur,

1335 549 128 46 Quod
1415 549 144 46 primo
1511 549 176 46 probant
1638 549 239 46 auctoritate
1830 549 112 46 Ans
1894 549 96 46 in
1942 549 112 46 lib
2005 549 96 46 de
2037 549 144 46 concor-

1333 586 109 45 dia,
1401 586 68 45 &
1429 586 285 45 praedestinatione,
1673 586 95 45 vbi
1727 586 109 45 ait.

1325 623 82 51 1
1357 623 115 51 Non
1423 623 115 51 est
1489 623 148 51 autem
1588 623 165 51 ratio,
1703 623 115 51 vel
1769 623 198 51 voluntas
1917 623 132 51 tota
1999 623 165 51 anima:
2098 623 66 51 se

1341 669 213 52 vnaquaeque
1508 669 106 52 est
1569 669 167 52 aliquid
1675 669 106 52 anima

1355 703 77 44 2
1385 703 124 44 Item
1463 703 93 44 2.
1509 703 93 44 de
1556 703 139 44 anima
1648 703 186 44 dicitur,
1787 703 124 44 quod
1865 703 201 44 destructo
2019 703 139 44 visu,
2097 703 77 44 non

1325 747 132 52 manet
1413 747 161 52 oculus,
1530 747 117 52 nisi
1603 747 205 52 aequiuoce;
1764 747 102 52 sed
1823 747 146 52 planum
1925 747 117 52 est,
1998 747 117 52 quod
2072 747 88 52 ad
2101 747 73 52 res

1331 787 183 40 motionem
1468 787 214 40 accidentis
1636 787 214 40 substantia
1804 787 153 40 manens
1911 787 107 40 non
1972 787 168 40 dicitur
2079 787 92 40 aequ

1330 824 115 48 uoce
1402 824 159 48 manere,
1517 824 115 48 ergo
1589 824 130 48 visus
1676 824 115 48 erit
1748 824 188 48 essentia,
1892 824 101 48 vel
1950 824 202 48 substantia
2094 824 87 48 ani-

1330 863 124 43 mae,
1407 863 170 43 quamuis
1530 863 108 43 non
1577 863 108 43 tota.

1365 904 79 50 3
1397 904 127 50 Item
1476 904 159 50 Lincon
1587 904 95 50 in
1635 904 191 50 commento
1778 904 143 50 super
1873 904 111 50 lib
1937 904 95 50 de
1984 904 111 50 di.
2048 904 111 50 non
2096 904 79 50 ait

1338 945 123 43 quod
1414 945 138 43 eadem
1506 945 138 43 forma
1598 945 260 43 substantialis
1812 945 168 43 dicitur
1935 945 138 43 forma
2027 945 92 43 in
2057 945 123 43 ordine

1323 983 94 43 ad
1370 983 188 43 naturam,
1512 983 79 43 &
1543 983 173 43 dicitur
1669 983 157 43 virtus
1779 983 94 43 in
1826 983 251 43 comparatione
2030 983 94 43 ad
2061 983 126 43 actum-

1363 1023 119 42 Alij
1437 1023 89 42 ad
1482 1023 119 42 idem
1556 1023 119 42 sic.
1630 1023 134 42 Sicut
1720 1023 89 42 ex
1764 1023 134 42 parte
1853 1023 163 42 obiecti
1972 1023 119 42 idem
2031 1023 149 42 secundum

1319 1061 112 51 rem
1383 1061 144 51 solum
1479 1061 208 51 differens
1639 1061 144 51 penes
1735 1061 192 51 rationes
1880 1061 192 51 formales
2008 1061 176 51 obijcitur

1324 1099 119 51 ipsi
1399 1099 149 51 animae
1503 1099 179 51 secundum
1637 1099 179 51 diuersas
1770 1099 119 51 eius
1845 1099 208 51 potentias,
2008 1099 119 51 puta
2083 1099 104 51 ens
2127 1099 60 51 ve

1312 1140 130 46 rum,
1393 1140 81 46 &
1425 1140 162 46 bonum,
1538 1140 146 46 eadem
1636 1140 130 46 enim
1717 1140 130 46 res,
1797 1140 130 46 quae
1878 1140 194 46 secundum
2024 1140 97 46 se
2056 1140 130 46 consi-

1319 1178 151 41 derata
1425 1178 166 41 dicitur
1546 1178 121 41 ens,
1621 1178 91 41 in
1666 1178 151 41 ordine
1772 1178 91 41 ad
1817 1178 227 41 intellectum
1999 1178 166 41 dicitur
2104 1178 76 41 ve-

1306 1216 128 55 rum,
1386 1216 80 55 &
1418 1216 96 55 in
1466 1216 160 55 ordine
1577 1216 96 55 ad
1625 1216 223 55 voluntatem
1801 1216 176 55 dicitur
1929 1216 160 55 bonum,
2040 1216 112 55 sic
2088 1216 96 55 eade

1317 1258 131 47 anima
1405 1258 87 47 in
1448 1258 87 47 se
1492 1258 218 47 considerata
1666 1258 160 47 dicitur
1783 1258 189 47 essentia,
1928 1258 131 47 prout
2015 1258 102 47 est
2074 1258 116 47 apta
2132 1258 58 47 na

1322 1299 91 43 ta
1367 1299 152 43 moueri
1474 1299 76 43 a
1504 1299 121 43 vero
1580 1299 106 43 sub
1641 1299 121 43 rone
1716 1299 121 43 ueri
1792 1299 167 43 dicitur
1914 1299 243 43 intellectus;
2096 1299 91 43 pro-

1323 1341 88 44 ut
1367 1341 103 44 est
1426 1341 117 44 nata
1499 1341 191 44 inclinari
1646 1341 88 44 ad
1690 1341 147 44 bonum,
1793 1341 161 44 dicitur
1910 1341 191 44 voluntas.
2057 1341 88 44 Et
2086 1341 88 44 hant

1322 1376 159 44 dicunt
1433 1376 127 44 esse
1513 1376 239 44 intentionem
1704 1376 207 44 Auicennae
1863 1376 80 44 e
1895 1376 239 44 naturalium.
2070 1376 111 44 Ratio

1317 1419 106 42 nes
1377 1419 167 42 illorum
1499 1419 91 42 ad
1544 1419 182 42 praesens
1681 1419 106 42 non
1741 1419 136 42 potui
1832 1419 197 42 inuenire,
1984 1419 152 42 possum
2075 1419 106 42 tamen

1325 1454 77 54 si
1364 1454 141 54 placet,
1466 1454 90 54 pro
1517 1454 115 54 ipsis
1594 1454 90 54 sic
1632 1454 128 54 arguere.

1320 1493 77 55 1
1350 1493 93 55 Si
1397 1493 186 55 essentia
1536 1493 155 55 animae
1644 1493 108 55 non
1706 1493 139 55 esset
1799 1493 108 55 sua
1861 1493 201 55 potentia,
2016 1493 124 55 tunc
2078 1493 108 55 essen

1312 1532 106 52 tia
1372 1532 136 52 esset
1463 1532 91 52 in
1509 1532 182 52 potentia
1645 1532 91 52 ad
1690 1532 136 52 talem
1781 1532 212 52 potentiam,
1948 1532 106 52 vel
2008 1532 121 52 ergo
2069 1532 106 52 essen

1307 1574 110 50 tia
1370 1574 110 50 est
1433 1574 142 50 eadem
1528 1574 189 50 realiter
1670 1574 110 50 cum
1733 1574 126 50 ista
1812 1574 189 50 potentia
1954 1574 173 50 secundo
2064 1574 126 50 dicta,

1319 1611 107 47 vel
1380 1611 152 47 nonssi
1486 1611 122 47 sic,
1562 1611 122 47 tunc
1638 1611 137 47 eadem
1730 1611 167 47 ratione
1851 1611 152 47 potuit
1958 1611 122 47 esse
2034 1611 137 47 eadem
2110 1611 76 47 cum

1325 1656 138 47 prima
1417 1656 199 47 potentia;
1570 1656 92 47 si
1616 1656 122 47 non,
1692 1656 122 47 tunc
1769 1656 199 47 processus
1922 1656 107 47 est
1983 1656 92 47 in
2014 1656 168 47 infinitum

1314 1692 138 46 Prima
1406 1692 169 46 pposito
1529 1692 154 46 patet:
1636 1692 123 46 quia
1713 1692 184 46 quicquid
1851 1692 108 46 est
1913 1692 92 46 in
1959 1692 184 46 subiecto
2082 1692 108 46 reali

1306 1735 99 48 ter
1362 1735 183 48 differens
1503 1735 85 48 ab
1546 1735 99 48 eo,
1602 1735 169 48 respectu
1729 1735 141 48 illius
1828 1735 155 48 dicitur
1941 1735 113 48 fore
2012 1735 85 48 in
2040 1735 141 48 potentia

1345 1772 84 43 2
1379 1772 236 43 Praeterea,
1564 1772 202 43 secundum
1716 1772 253 43 philosophum
1918 1772 101 43 in
1951 1772 236 43 praedicamen-

1313 1807 131 47 tis,
1394 1807 196 47 proprium
1541 1807 114 47 est
1607 1807 245 47 substantiae
1803 1807 196 47 secundum
1950 1807 114 47 sui
1999 1807 196 47 mutationem

1320 1849 121 47 esse
1395 1849 226 47 susceptiuum
1576 1849 257 47 contrariorum,
1788 1849 106 47 sed
1848 1849 241 47 intellectus,
2044 1849 75 47 &
2059 1849 121 47 volun-

1315 1892 99 45 tas
1371 1892 198 45 suscipiunt
1527 1892 198 45 conttaria,
1682 1892 113 45 ergo
1753 1892 113 45 erut
1824 1892 198 45 substantia
1979 1892 141 45 ipsius
2064 1892 113 45 animae

1352 1931 73 44 3
1382 1931 206 44 Praeterea,
1543 1931 132 44 sicut
1632 1931 162 44 materia
1749 1931 103 44 est
1808 1931 88 44 in
1852 1931 176 44 potentia
1984 1931 88 44 ad
2014 1931 176 44 sensibiles

1301 1968 172 55 formas,
1427 1968 110 55 sic
1489 1968 141 55 anima
1583 1968 250 55 intellectiua
1787 1968 94 55 ad
1834 1968 282 55 intelligibiles
2053 1968 125 55 formas

1301 2008 103 55 sed
1360 2008 162 55 materia
1478 2008 103 55 est
1537 2008 250 55 essentialiter
1743 2008 103 55 sua
1801 2008 191 55 potentia,
1949 2008 88 55 vt
1993 2008 132 55 patet
2081 2008 103 55 per
2125 2008 59 55 Co

1304 2050 220 41 mentatorem
1477 2050 94 41 in
1524 2050 94 41 de
1571 2050 220 41 substantia
1744 2050 157 41 orbis,
1854 2050 126 41 ergo
1917 2050 63 41 &c

1319 2092 106 48 Sed
1379 2092 121 48 illa
1455 2092 151 48 opinio
1561 2092 136 48 stare
1651 2092 106 48 non
1712 2092 166 48 potest:
1832 2092 121 48 quia
1908 2092 136 48 sicut
1999 2092 106 48 ait
2059 2092 136 48 bern.
2135 2092 60 48 su

1321 2131 91 49 er
1366 2131 151 49 canti,
1472 2131 151 49 solius
1578 2131 106 49 Dei
1639 2131 182 49 proprium
1775 2131 121 49 est,
1851 2131 121 49 idem
1926 2131 121 49 esse
2002 2131 212 49 essentiam,
2154 2131 45 49 &

1303 2163 225 53 potentiam,
1480 2163 129 53 ergo
1544 2163 81 53 &c.

1335 2205 110 46 Ad
1390 2205 183 46 primam
1518 2205 293 46 auctoritatem
1756 2205 238 46 dicendum,
1939 2205 146 46 quod
2012 2205 183 46 vnaquae-

1296 2247 108 55 que
1357 2247 231 55 potentiarum
1542 2247 170 55 illarum
1666 2247 108 55 est
1727 2247 170 55 aliquid
1851 2247 170 55 animae:
1974 2247 123 55 quia
2051 2247 108 55 est
2097 2247 93 55 quae

1304 2285 110 39 dam
1367 2285 205 39 naturalis
1525 2285 221 39 proprietas
1683 2285 126 39 animae

1331 2324 97 47 Ad
1379 2324 193 47 secundum
1524 2324 209 47 dicendum,
1685 2324 129 47 quod
1766 2324 209 47 destructo
1926 2324 145 47 visu,
2023 2324 161 47 oculus
2120 2324 64 47 ma

1294 2366 113 42 net
1358 2366 225 42 aequiuoce,
1535 2366 145 42 prout
1632 2366 257 42 instrumentum
1841 2366 193 42 videndi,
1986 2366 80 42 &
2018 2366 97 42 ad
2066 2366 113 42 hoc
2115 2366 80 42 suf

1305 2401 145 51 ficit,
1407 2401 116 51 quod
1480 2401 203 51 destruatur
1640 2401 116 51 illa
1712 2401 174 51 qualitas
1843 2401 160 51 fundata
1959 2401 87 51 in
2003 2401 145 51 oculo,
2090 2401 102 51 ratio

1294 2440 99 46 ne
1344 2440 149 46 cuius
1443 2440 165 46 habuit
1559 2440 198 46 virtutem
1707 2440 198 46 visiuam,
1856 2440 116 46 non
1922 2440 149 46 tamen
2021 2440 149 46 manet
2103 2440 83 46 ae-

1301 2480 171 59 quiuoce
1426 2480 140 59 prout
1519 2480 109 59 est
1581 2480 124 59 pars
1659 2480 155 59 carnis
1768 2480 186 59 humanae:
1907 2480 124 59 quia
1985 2480 140 59 etiam
2063 2480 124 59 caecus

1296 2525 159 50 oculus
1407 2525 159 50 habere
1518 2525 159 50 potest
1629 2525 159 50 vitam,
1740 2525 127 50 quam
1819 2525 143 50 etiam
1914 2525 143 50 prius
2010 2525 159 50 habuit
2105 2525 79 50 per

1299 2558 164 51 animam,
1419 2558 120 51 quae
1493 2558 105 51 est
1553 2558 149 51 totius
1658 2558 179 51 corporis
1792 2558 135 51 forma
1882 2558 164 51 substa,
2002 2558 164 51 tialis.
2106 2558 75 51 Vn-

1291 2600 98 56 de
1340 2600 148 56 puto,
1438 2600 98 56 si
1487 2600 164 56 caecus
1602 2600 230 56 pungeretur
1783 2600 98 56 in
1832 2600 164 56 oculo,
1947 2600 180 56 haberet
2062 2600 131 56 sensum

1296 2634 174 63 tactus,
1423 2634 127 63 quod
1502 2634 206 63 huiusmodi
1660 2634 206 63 laesionem
1819 2634 206 63 sentiret,
1977 2634 127 63 quod
2056 2634 127 63 esse
2120 2634 63 63 ne

1290 2675 158 50 posset,
1405 2675 115 50 nisi
1476 2675 115 50 illa
1548 2675 115 50 pars
1620 2675 158 50 animata
1735 2675 129 50 esset
1821 2675 129 50 anima
1893 2675 158 50 sensitiua

1333 2716 104 58 Ad
1385 2716 190 58 tertium
1523 2716 224 58 dicendum,
1695 2716 138 58 quod
1782 2716 155 58 anima
1885 2716 207 58 respectu
2023 2716 173 58 operatio

1289 2755 115 61 nis
1354 2755 180 61 dicitur
1485 2755 180 61 virtus,
1616 2755 115 61 non
1682 2755 213 61 immediate
1846 2755 213 61 exequens,
2010 2755 115 61 sed
2059 2755 131 61 virtus

1275 2792 201 52 principalis.

1317 2838 100 54 Ad
1367 2838 150 54 illud
1467 2838 166 54 autem;
1583 2838 133 54 quod
1667 2838 133 54 illi
1750 2838 133 54 alij
1833 2838 183 54 addunt,
1966 2838 216 54 dicendum,
2132 2838 133 54 quod
2199 2838 67 54 Ad

1291 2876 99 66 non
1348 2876 99 66 est
1404 2876 156 66 simile:
1518 2876 113 66 quia
1589 2876 99 66 cum
1645 2876 128 66 nihil
1730 2876 198 66 intelligit
1886 2876 227 66 intellectus,
2071 2876 85 66 in
2099 2876 85 66 quod

1289 2921 195 49 voluntas
1435 2921 114 49 non
1500 2921 195 49 feratur,
1647 2921 114 49 nec
1712 2921 179 49 aliquid
1842 2921 147 49 uelit
1940 2921 212 49 uoluntas,
2086 2921 98 49 quod

1284 2949 244 62 intellectus
1479 2949 114 62 non
1544 2949 244 62 intelligat,
1738 2949 179 62 oportet
1868 2949 130 62 quod
1949 2949 195 62 obiectum
2079 2949 114 62 volun

1282 3000 155 49 tatis,
1391 3000 78 49 &
1422 3000 233 49 intellectus
1609 3000 217 49 coincidant
1779 3000 186 49 secundum
1919 3000 155 49 realem
2012 3000 171 49 identita-

1290 3039 126 51 tem,
1369 3039 173 51 quamuis
1495 3039 205 51 differant
1652 3039 173 51 secudum
1778 3039 189 51 rationes
1920 3039 236 51 obiectales:
2108 3039 110 51 sed

1274 3071 98 59 sic
1330 3071 112 59 esse
1400 3071 98 59 non
1456 3071 140 59 potest
1553 3071 84 59 ex
1595 3071 126 59 parte
1679 3071 224 59 potentiarum,
1861 3071 98 59 put
1917 3071 84 59 in
1959 3071 84 59 2.
2000 3071 112 59 libs
2056 3071 126 59 patebit
