2402 3534
212 238 186 60 actiuam,
352 238 140 60 pater
445 238 109 60 est
507 238 217 60 huiusmodi,
678 238 124 60 ergo
756 238 109 60 &c.
818 238 93 60 Et
865 238 140 60 eadem
942 238 140 60 ratione

209 297 113 45 siue
279 297 183 45 consimili
420 297 183 45 probatur,
561 297 113 45 quod
631 297 141 45 filius
730 297 127 45 habet
814 297 84 45 in
857 297 84 45 se
885 297 197 45 generationem

218 339 193 37 passiuam,
367 339 119 37 quia
441 339 104 37 id,
500 339 119 37 quod
574 339 119 37 vere
649 339 208 37 generatur,
812 339 134 37 habet
901 339 89 37 in
945 339 89 37 se
975 339 104 37 gene-

210 377 188 49 rationem
351 377 188 49 passiuam
492 377 110 49 &c:
555 377 110 49 Sed
617 377 94 49 in
664 377 172 49 spiritu
790 377 157 49 sancto
899 377 172 49 proprie
1009 377 78 49 non

220 413 99 46 est
277 413 199 46 generatio:
433 413 113 46 quia
503 413 85 46 si
546 413 85 46 in
589 413 85 46 eo
631 413 128 46 esset
716 413 199 46 generatio,
872 413 113 46 illa
943 413 99 46 vel
986 413 99 46 esset

213 457 162 36 actiua,
331 457 103 36 vel
390 457 177 36 passiua,
522 457 103 36 non
581 457 162 36 actiua,
699 457 103 36 cum
758 457 103 36 non
817 457 103 36 sit
876 457 191 36 generans,
1008 457 74 36 nec

215 497 211 50 passiua
368 497 134 50 cum
445 497 134 50 non
522 497 134 50 sit
579 497 192 50 genitus.

252 536 105 49 Sed
312 536 150 49 contra
417 536 105 49 iam
478 536 135 49 dicta
568 536 180 49 videntur
703 536 120 49 esse
778 536 120 49 duae
853 536 211 49 opiniones.
1004 536 75 49 Qua

214 574 110 42 dam
277 574 189 42 antiqua,
419 574 126 42 quae
497 574 142 42 negat
592 574 252 42 generationem
796 574 189 42 passiuam
937 574 94 42 in
969 574 110 42 diui-

220 611 117 49 nis.
294 611 88 49 Et
338 611 117 49 alia
411 611 161 49 moderna
528 611 117 49 quae
602 611 147 49 dicit,
705 611 103 49 tam
763 611 235 49 generationem
939 611 147 49 actiuam,

244 643 98 57 uam
300 643 169 57 passiuam
427 643 112 57 esse
497 643 84 57 in
539 643 126 57 filio
623 643 84 57 in
651 643 141 57 diuinis;

248 686 157 48 Motiua
358 686 157 48 primae
468 686 204 48 opinionis
626 686 126 48 sunt
689 686 94 48 haec

239 731 87 51 1
273 731 175 51 Illud,
396 731 140 51 quod
483 731 210 51 secundum
641 731 140 51 suam
728 731 210 51 rationem
885 731 210 51 formalem
1025 731 70 51 di

213 775 108 34 cit
274 775 292 34 imperfectionem,
520 775 108 34 non
581 775 138 34 debet
673 775 123 34 poni
750 775 92 34 in
796 775 184 34 diuinis,
934 775 108 34 sed
981 775 108 34 gene.

226 809 136 48 tatio
317 809 151 48 passio
423 809 136 48 dicit
513 809 287 48 imperfectionem:
755 809 121 48 quia
831 809 91 48 3.
876 809 212 48 physicorum
1043 809 76 48 &

220 852 89 41 2.
265 852 89 41 de
309 852 237 41 generatione,
502 852 74 41 &
531 852 89 41 9.
576 852 148 41 metaph
679 852 118 41 pati
753 852 193 41 reducitur
901 852 89 41 in
931 852 163 41 materiam,

218 887 144 49 agere
314 887 128 49 vero
394 887 96 49 in
442 887 176 49 formam:
569 887 112 49 cum
633 887 160 49 igitur
745 887 208 49 generatio
904 887 176 49 passiua
1016 887 80 49 sit

221 930 180 52 quoddam
351 930 131 52 pati
433 930 98 52 de
482 930 278 52 praedicamento
711 930 229 52 passionis,
890 930 131 52 ergo
956 930 65 52 &c

233 969 79 50 2
265 969 222 50 Praeterea,
440 969 191 50 secundum
583 969 175 50 August.
710 969 127 50 Doc.
789 969 79 50 &
821 969 143 50 alios
916 969 143 50 Doct.
996 969 95 50 San-

216 1000 134 50 ctos,
306 1000 89 50 in
350 1000 164 50 diuinis
470 1000 104 50 non
529 1000 119 50 sunt
604 1000 119 50 nisi
678 1000 104 50 duo
738 1000 268 50 praedicamenta,
947 1000 149 50 scilicet

220 1042 204 45 substantia
381 1042 73 45 &
410 1042 175 45 relatio,
542 1042 102 45 sed
600 1042 190 45 generatio
746 1042 146 45 passio
848 1042 102 45 nec
907 1042 102 45 est
951 1042 131 45 substan

218 1080 113 55 tia,
288 1080 99 55 nec
345 1080 169 55 relatio,
471 1080 99 55 cum
528 1080 99 55 sit
584 1080 84 55 de
626 1080 239 55 praedicamento
823 1080 197 55 passionis:
978 1080 113 55 ergo
1035 1080 56 55 &c

214 1123 83 41 3
248 1123 233 41 Praeterea,
431 1123 133 41 omne
514 1123 200 41 passiuum
664 1123 200 41 dependet
813 1123 100 41 ab
863 1123 183 41 actiuo,
996 1123 83 41 a
1013 1123 83 41 quo

216 1161 160 47 indiget
333 1161 87 47 vt
377 1161 87 47 in
420 1161 131 47 actum
508 1161 204 47 reducatur,
668 1161 102 47 sed
726 1161 87 47 in
770 1161 160 47 diuinis
886 1161 131 47 nulla
974 1161 102 47 est
1017 1161 73 47 de-

202 1196 392 58 pendentia,
510 1196 224 58 ergo
622 1196 140 58 &c.

253 1232 108 48 Sed
314 1232 138 48 illud
406 1232 108 48 non
468 1232 154 48 valet:
575 1232 123 48 quia
652 1232 215 48 principium
821 1232 261 48 distinctiuum,
1021 1232 77 48 quo

225 1281 106 45 vna
285 1281 166 45 persona
406 1281 136 45 diuna
497 1281 91 45 ab
542 1281 121 45 alia
617 1281 257 45 distinguitur,
828 1281 211 45 necessario
979 1281 106 45 habet

225 1324 118 47 esse
299 1324 88 47 in
343 1324 103 47 ea,
402 1324 118 47 quam
476 1324 133 47 facit
564 1324 118 47 esse
638 1324 221 47 distinctam:
814 1324 103 47 sed
873 1324 147 47 filius
976 1324 103 47 per
1020 1324 74 47 ge-

220 1362 242 39 nerationem
410 1362 207 39 passiuam
565 1362 277 39 distinguitur
790 1362 86 39 a
825 1362 173 39 patre,
946 1362 138 39 ergo
1015 1362 69 39 &c

221 1399 141 45 Maior
315 1399 157 45 patet,
425 1399 125 45 quia
503 1399 172 45 oportet
628 1399 219 45 principium
801 1399 250 45 distinctiuum
1004 1399 125 45 esse

225 1437 91 49 in
270 1437 106 49 eo,
331 1437 121 49 quod
406 1437 227 49 distinguit,
588 1437 136 49 minor
679 1437 121 49 nota
754 1437 106 49 est
815 1437 106 49 per
875 1437 136 49 Dama.
966 1437 106 49 qui
1011 1437 76 49 ait

225 1478 139 42 Omnia
317 1478 93 42 in
363 1478 170 42 diuinis
487 1478 123 42 sunt
564 1478 139 42 idem,
656 1478 170 42 praeter
780 1478 293 42 ingenerationem,
1011 1478 77 42 ge-

231 1519 234 43 nerationem,
419 1519 78 43 &
450 1519 265 43 protessionem.
668 1519 94 43 Et
715 1519 187 43 loquitur
855 1519 109 43 ibi
917 1519 94 43 de
949 1519 140 43 genera-

219 1560 137 41 tione
310 1560 106 41 qua
371 1560 152 41 filius
477 1560 91 41 in
523 1560 122 41 esse
599 1560 198 41 personali
751 1560 258 41 constituitur,
963 1560 122 41 quae
1024 1560 76 41 non

225 1592 149 52 potest
330 1592 119 52 esse
404 1592 164 52 actiua,
524 1592 104 52 cum
583 1592 134 52 flius
673 1592 104 52 non
733 1592 179 52 generet,
867 1592 119 52 ergo
927 1592 134 52 passiua

247 1636 98 46 Ad
296 1636 164 46 primum
410 1636 213 46 dicendum,
574 1636 131 46 quod
656 1636 147 46 minor
754 1636 115 46 est
820 1636 164 46 falsa:
934 1636 131 46 quia
1016 1636 115 46 non

222 1675 164 50 minoris
342 1675 239 50 perfectionis
536 1675 105 50 est
595 1675 194 50 generatio
745 1675 164 50 passiua
864 1675 90 50 in
909 1675 149 50 filio,
1013 1675 119 50 quam

222 1716 194 54 generatio
371 1716 149 54 actiua
475 1716 89 54 in
520 1716 149 54 patre:
624 1716 119 54 quia
699 1716 134 54 sicut
788 1716 179 54 gencrare
922 1716 104 54 est
967 1716 134 54 proprie

221 1752 92 48 tas
274 1752 145 48 patris,
379 1752 92 48 sic
432 1752 158 48 generari
551 1752 92 48 est
603 1752 185 48 proprietas
735 1752 106 48 filij-

218 1793 112 42 Ad
274 1793 280 42 probationem
498 1793 243 42 dicendum,
685 1793 149 42 quod
779 1793 205 42 quamuis
928 1793 149 42 pati
1003 1793 93 42 cum

221 1832 149 41 motu,
320 1832 83 41 &
353 1832 297 41 transmutatione
600 1832 149 41 dicat
699 1832 314 41 imperfectionem,
947 1832 149 41 genera-

230 1871 107 43 tio
291 1871 138 43 tamen
383 1871 169 43 palsio,
506 1871 107 43 cum
567 1871 92 43 in
613 1871 169 43 diuinis
735 1871 138 43 dicat
827 1871 199 43 simplicem
965 1871 123 43 emana-

233 1911 159 40 tionem
345 1911 127 40 sine
424 1911 143 40 motu,
520 1911 80 40 &
552 1911 303 40 rransmutatione,
806 1911 159 40 nullam
918 1911 175 40 penitus
1029 1911 64 40 im

222 1948 166 52 plicat
322 1948 282 52 imperfectionem.

235 1987 95 50 Ad
283 1987 190 50 secundum
425 1987 205 50 dicendum,
583 1987 126 50 quod
662 1987 142 50 sicut
756 1987 95 50 in
804 1987 174 50 diuinis
914 1987 174 50 quantitas

236 2033 71 47 &
264 2033 169 47 qualitas
391 2033 183 47 transeunt
532 2033 85 47 in
574 2033 226 47 substantiam,
758 2033 99 47 sic
814 2033 127 47 actio
899 2033 71 47 &
927 2033 141 47 passio
1011 2033 85 47 tram

229 2069 147 46 seunt
327 2069 98 46 in
376 2069 245 46 relationem,
572 2069 131 46 siue
654 2069 98 46 in
703 2069 147 46 modum
801 2069 229 46 relatiuum,
964 2069 131 46 maximo

234 2106 110 53 cum
297 2106 142 53 etiam
392 2106 95 53 in
439 2106 205 53 creaturis
597 2106 221 53 necessario
770 2106 268 53 circumcernant
975 2106 126 53 respe-

230 2143 142 49 ctum:
325 2143 126 49 quia
404 2143 110 49 non
467 2143 158 49 dicunt
577 2143 205 49 entitatem
735 2143 237 49 simpliciter
909 2143 189 49 absolutam;

233 2188 106 43 sed
293 2188 152 43 dicunt
400 2188 197 43 absolutum
551 2188 106 43 sub
612 2188 197 43 respectu,
763 2188 76 43 a
794 2188 106 43 quo
854 2188 182 43 respectu
991 2188 106 43 nec
1036 2188 61 43 in

238 2222 127 58 esse,
323 2222 99 58 nec
379 2222 85 58 in
421 2222 184 58 intelligi
563 2222 169 58 poterunt
676 2222 155 58 separari,

280 2236 93 78 Ad
327 2236 171 78 tertium
452 2236 203 78 dicendum,
608 2236 125 78 quod
685 2236 140 78 verum
779 2236 109 78 est
841 2236 93 78 de
888 2236 187 78 passiuo,
1013 2236 93 78 quod

230 2294 165 52 retipit
350 2294 120 52 esse
425 2294 120 52 post
500 2294 105 52 non
560 2294 135 52 esse,
650 2294 75 52 &
680 2294 120 52 quod
755 2294 135 52 prius
845 2294 120 52 fuit
920 2294 90 52 in
950 2294 150 52 potentia

238 2344 92 39 ad
284 2344 139 39 esse,
376 2344 123 39 quam
453 2344 169 39 haberet
576 2344 139 39 esse:
669 2344 123 39 tale
746 2344 139 39 autem
838 2344 185 39 passiuum
977 2344 108 39 non
1023 2344 77 39 re-

247 2382 152 41 peritur
358 2382 83 41 in
399 2382 166 41 diniuis,
524 2382 97 41 cum
579 2382 138 41 filius
676 2382 97 41 sit
731 2382 194 41 coneternus
869 2382 111 41 patri.

258 2424 170 48 Motiua
377 2424 153 48 autem
479 2424 204 48 illorum,
631 2424 119 48 qui
699 2424 170 48 dicunt
818 2424 119 48 tam
869 2424 237 48 generationem

251 2459 156 49 ctiuam,
364 2459 113 49 quam
435 2459 170 49 passiuam
562 2459 113 49 esse
633 2459 85 49 in
675 2459 99 49 Dei
732 2459 142 49 filio,
831 2459 170 49 videntur
958 2459 113 49 esse
1015 2459 85 49 ista

261 2505 74 43 1
291 2505 118 43 Quia
365 2505 148 43 actio,
468 2505 74 43 &
498 2505 148 43 passio
601 2505 118 43 sunt
675 2505 89 43 in
719 2505 192 43 patiente,
867 2505 89 43 vt
911 2505 133 43 patet
985 2505 118 43 indsex

253 2542 198 49 rincipus,
405 2542 107 49 sed
466 2542 198 49 generatio
618 2542 168 49 actiua,
740 2542 76 49 &
771 2542 168 49 passiua
893 2542 91 49 se
938 2542 152 49 habent
1030 2542 76 49 per

243 2580 136 61 modum
333 2580 196 61 actionis,
484 2580 75 61 &
514 2580 211 61 passionis,
680 2580 75 61 &
710 2580 151 61 filius
816 2580 136 61 habet
906 2580 90 61 in
951 2580 90 61 se
981 2580 121 61 genera

239 2615 158 52 tionem
350 2615 205 52 passiuam:
507 2615 126 52 ergo
570 2615 158 52 actiuam.

255 2661 216 45 Praeterea,
425 2661 154 45 actio,
533 2661 108 45 qua
595 2661 170 45 aliquid
718 2661 93 45 in
764 2661 123 45 esse
842 2661 232 45 producitur,
1011 2661 93 45 tran

240 2696 103 45 sit
299 2696 88 45 in
343 2696 206 45 productum:
505 2696 118 45 quia
579 2696 88 45 si
623 2696 162 45 maneret
741 2696 88 45 in
785 2696 221 45 producente,
962 2696 133 45 nihil
1035 2696 74 45 con

242 2739 198 59 stitueret
394 2739 198 59 differens
546 2739 76 59 a
577 2739 228 59 producente,
760 2739 107 59 sed
821 2739 228 59 gencratione
988 2739 122 59 actiua

239 2782 146 46 pater
336 2782 194 46 producit
481 2782 178 46 filium,
611 2782 129 46 ergo
675 2782 65 46 &c

254 2808 79 55 3
286 2808 206 55 Preterea,
444 2808 190 55 opposita
587 2808 111 55 non
650 2808 174 55 possunt
777 2808 127 55 esse
856 2808 142 55 simul
951 2808 95 55 in
982 2808 127 55 eodem;

247 2861 87 47 ed
290 2861 217 47 ingeneratio
464 2861 101 47 est
522 2861 87 47 in
565 2861 145 47 patre,
667 2861 72 47 &
695 2861 101 47 est
753 2861 145 47 patris
855 2861 217 47 proprietas,
1014 2861 87 47 ergo

238 2895 99 44 non
295 2895 114 44 erit
366 2895 85 44 in
408 2895 85 44 eo
451 2895 199 44 generatio,
607 2895 71 44 &
635 2895 99 44 per
692 2895 199 44 consequens
848 2895 99 44 est
905 2895 85 44 in
948 2895 114 44 solo
1005 2895 99 44 filio

248 2936 83 46 4
282 2936 232 46 Praeterea,
464 2936 149 46 motus
563 2936 116 46 non
630 2936 149 46 inest
729 2936 133 46 nisi
812 2936 99 46 in
861 2936 116 46 eo,
928 2936 133 46 quod
994 2936 116 46 moue-

244 2974 121 45 tur,
320 2974 91 45 vt
365 2974 137 45 patet
456 2974 91 45 3.
502 2974 228 45 physicorum,
684 2974 121 45 ergo
760 2974 76 45 a
790 2974 152 45 simili
897 2974 197 45 generatio
1033 2974 76 45 non

255 3013 86 44 st
298 3013 115 44 nisi
370 3013 86 44 in
413 3013 101 44 eo,
471 3013 101 44 quo
514 3013 173 44 generatur.

288 3052 120 41 Sed
357 3052 120 41 nec
425 3052 155 41 illud
528 3052 172 41 valet:
648 3052 137 41 quia
734 3052 189 41 quamuis
872 3052 240 41 generatio;
1043 3052 69 41 vt

235 3092 159 55 dicit
342 3092 159 55 motum
448 3092 124 55 vel
519 3092 266 55 mutationem,
731 3092 248 55 tantummodo
926 3092 124 55 sit
997 3092 106 55 in
1032 3092 89 55 ge

1113 238 136 72 nito,
1204 238 136 72 tamen
1294 238 91 72 vt
1340 238 136 72 dicit
1430 238 106 72 rel
1491 238 166 72 ationem
1612 238 212 72 necessario
1778 238 136 72 ponit
1854 238 136 72 aliquid

1108 300 99 43 in
1157 300 181 43 vtroque
1288 300 246 43 extremorum:
1485 300 131 43 quia
1567 300 279 43 philosophuss,
1781 300 197 43 metaphysi-

1116 341 110 47 cae
1179 341 157 47 dicit,
1289 341 220 47 relationem
1461 341 125 47 modo
1540 341 173 47 numeri,
1665 341 78 47 &
1697 341 125 47 modo
1775 341 204 47 potentiae
1916 341 63 47 po

1113 374 123 56 ncre
1190 374 169 56 aliquid
1313 374 185 56 realiter
1451 374 92 56 in
1497 374 169 56 vtroque
1620 374 231 56 extremorum,
1805 374 108 56 sed
1851 374 138 56 relatio

1116 420 143 57 inter
1212 420 207 57 generans,
1371 420 80 57 &
1403 420 175 57 genitum
1530 420 111 57 est
1594 420 175 57 relatio
1721 420 127 57 modo
1785 420 191 57 potentiae;

1128 467 81 37 t
1160 467 162 37 ibidem
1273 467 162 37 patet.
1387 467 113 37 Cum
1451 467 129 37 ergo
1532 467 210 37 generatio
1694 467 97 37 in
1742 467 178 37 diuinis
1872 467 113 37 nec
1920 467 65 37 mo

1113 499 121 46 tum,
1188 499 106 46 nec
1249 499 212 46 mutationem
1415 499 151 46 dicat:
1521 499 106 46 sed
1581 499 136 46 dicat
1672 499 212 46 formaliter
1823 499 151 46 relatio-

1114 547 121 40 nem
1183 547 190 40 sumptam
1321 547 138 40 modo
1407 547 242 40 potentiae,
1597 547 190 40 oportet
1735 547 121 40 nos
1787 547 190 40 concedere

1133 582 108 50 uod
1194 582 139 50 dicat
1287 582 170 50 aliquid
1411 582 139 50 reale
1503 582 185 50 existens
1642 582 93 50 in
1689 582 170 50 vtroque
1812 582 154 50 suorum
1905 582 77 50 ex-

1116 615 191 44 tremorum,
1263 615 176 44 scilicet
1396 615 88 44 in
1440 615 132 44 patre
1528 615 74 44 &
1557 615 147 44 filio.

1153 661 86 52 Ad
1196 661 143 52 primum
1295 661 143 52 igitur
1395 661 186 52 dicendum,
1538 661 114 52 quod
1610 661 143 52 actio,
1709 661 71 52 &
1738 661 143 52 passio
1838 661 114 52 sunt
1909 661 86 52 in
1938 661 57 52 pa

1119 695 157 47 tiente,
1233 695 128 47 prout
1318 695 185 47 fundantur
1461 695 86 47 in
1504 695 128 47 motu,
1589 695 71 47 &
1618 695 100 47 sic
1675 695 100 47 non
1732 695 114 47 sunt
1803 695 86 47 in
1846 695 171 47 diuinis.

1161 731 98 56 Ad
1210 731 195 56 secundum
1356 731 195 56 dicedum,
1502 731 130 56 quod
1584 731 179 56 quamuis
1714 731 146 56 actio
1795 731 179 56 transeat.

1113 774 76 51 &
1143 774 183 51 attingat
1281 774 244 51 constitutum,
1479 774 107 51 non
1540 774 137 51 tamen
1631 774 183 51 oportet,
1769 774 122 51 quod
1830 774 153 51 transeat

1119 812 88 58 in
1163 812 220 58 constitutum
1339 812 102 58 sub
1397 812 117 58 modo
1471 812 190 58 actionis,
1617 812 102 58 sed
1676 812 102 58 sub
1734 812 117 58 modo
1807 812 205 58 passionis,

1117 850 69 47 &
1145 850 111 47 ideo
1214 850 181 47 generatio
1353 850 83 47 vt
1395 850 153 47 passiua
1506 850 97 47 est
1561 850 83 47 in
1603 850 139 47 filio,
1700 850 83 47 si
1742 850 111 47 enim
1811 850 125 47 actio
1881 850 97 47 tran-

1126 890 104 48 sit
1185 890 89 48 in
1230 890 237 48 constitutum,
1423 890 104 48 hoc
1482 890 133 48 solum
1571 890 119 48 est,
1645 890 119 48 quia
1719 890 178 48 fundatur
1853 890 89 48 in
1882 890 104 48 motu.

1157 932 95 52 Ad
1205 932 175 52 tertium
1332 932 206 52 dicendum,
1491 932 111 52 cum
1554 932 238 52 ingeneratio
1745 932 143 52 nihil
1840 932 143 52 aliud
1919 932 64 52 di

1109 970 129 42 cat,
1190 970 129 42 quam
1271 970 129 42 esse
1351 970 226 42 ingenitum,
1529 970 129 42 siue
1610 970 113 42 non
1675 970 226 42 productum,
1853 970 113 42 non
1901 970 81 42 op-

1131 1009 162 46 ponitur
1249 1009 221 46 generationi
1426 1009 177 46 actiuae,
1559 1009 103 46 sed
1618 1009 221 46 generationi
1794 1009 192 46 passiuae,
1942 1009 74 46 &

1111 1050 127 43 ideo
1190 1050 111 43 non
1254 1050 158 43 potest
1365 1050 127 43 esse
1444 1050 143 43 simul
1539 1050 95 43 in
1586 1050 143 43 eodem
1681 1050 206 43 supposito
1840 1050 111 43 cum
1887 1050 95 43 gene

1126 1083 166 55 tatione
1231 1083 136 55 passiua

1134 1125 92 48 Ad
1180 1125 168 48 quartum
1302 1125 199 48 dicendum,
1455 1125 122 48 quod
1531 1125 214 48 similitudo
1699 1125 122 48 illa
1776 1125 153 48 currit
1883 1125 92 48 de
1914 1125 76 48 ge-

1120 1167 214 48 neratione,
1288 1167 122 48 quae
1365 1167 107 48 est
1426 1167 153 48 motus,
1533 1167 107 48 vel
1594 1167 184 48 mutatio,
1732 1167 107 48 non
1793 1167 138 48 autem
1885 1167 92 48 de
1915 1167 77 48 ea,

1133 1205 105 48 uae
1193 1205 105 48 est
1253 1205 180 48 relatio,
1388 1205 120 48 siue
1463 1205 135 48 etiam
1554 1205 165 48 simplex
1659 1205 165 48 emanatio.

1214 1280 607 85 ARTICVLVS
1635 1280 233 85 II.

1226 1365 153 83 vtrum
1328 1365 136 83 haec
1412 1365 119 83 sit
1480 1365 153 83 vera,
1582 1365 136 83 Deus
1667 1365 119 83 non
1718 1365 169 83 generat.

1190 1480 164 46 VANTVM
1305 1480 99 46 ad
1354 1480 181 46 tertium
1485 1480 246 46 principale,
1682 1480 148 46 vtrum
1781 1480 131 46 haec
1863 1480 115 46 sit
1912 1480 82 46 ve-

1127 1517 124 45 Ta,
1198 1517 142 45 Deus
1287 1517 124 45 non
1358 1517 213 45 generat,
1517 1517 230 45 dicendum,
1694 1517 142 45 quod
1783 1517 142 45 vsus
1853 1517 142 45 quando

1136 1562 94 51 ue
1183 1562 94 51 in
1230 1562 172 51 talibus
1355 1562 281 51 propositonibus
1589 1562 234 51 praescribit
1776 1562 156 51 contra
1870 1562 125 51 artem,

1129 1605 175 45 quamuis
1256 1605 127 45 enim
1336 1605 175 45 secudum
1463 1605 143 45 artem
1559 1605 207 45 proposito
1718 1605 239 45 indefinita,
1893 1605 96 45 siue

1128 1637 249 42 nffirmatiue,
1331 1637 125 42 siue
1409 1637 187 42 negatiue
1549 1637 187 42 sumatur,
1689 1637 249 42 aequipolleat
1876 1637 125 42 semper

1137 1676 234 42 propositoni
1325 1676 327 42 particularistamen
1605 1676 125 42 usus
1683 1676 203 42 quandoque
1839 1676 140 42 tenet
1917 1676 78 42 cum

1125 1719 145 48 arte,
1222 1719 113 48 quo
1286 1719 97 48 ad
1335 1719 275 48 affirmatiuas,
1561 1719 113 48 non
1626 1719 145 48 autem
1722 1719 178 48 quantum
1852 1719 97 48 ad
1884 1719 113 48 nega-

1126 1757 151 42 tiuas:
1232 1757 121 42 quia
1307 1757 182 42 negatiua
1444 1757 227 42 indiffinita
1625 1757 182 42 secundum
1761 1757 121 42 vsum
1822 1757 166 42 quandoque

1138 1793 204 43 equipollet
1298 1793 204 43 vniuersali
1458 1793 189 43 negariue,
1604 1793 131 43 verbi
1691 1793 145 43 gratia
1793 1793 160 43 dicendo
1895 1793 87 43 sic-

1134 1836 128 48 nomo
1214 1836 143 48 fecit
1309 1836 159 48 turrim
1421 1836 239 48 babiloniae,
1612 1836 128 48 haec
1692 1836 191 48 secundum
1836 1836 159 48 artem,
1931 1836 48 48 &

1131 1878 124 46 vsum
1209 1878 233 46 aequipollet
1395 1878 248 46 particulari.
1597 1878 109 46 Sed
1659 1878 171 46 dicendo
1783 1878 124 46 sic,
1860 1878 124 46 homo
1922 1878 78 46 non

1125 1912 136 47 secit
1216 1912 167 47 caelum,
1337 1912 121 47 haec
1413 1912 182 47 secundum
1549 1912 121 47 vsum
1625 1912 227 47 aequipollet
1807 1912 227 47 vniuersali,

1135 1951 75 47 d
1165 1951 106 47 est
1225 1951 151 47 nullus
1331 1951 121 47 homo
1406 1951 136 47 fecit
1497 1951 166 47 caelum.
1617 1951 121 47 llla
1693 1951 166 47 videtur
1813 1951 121 47 eise
1873 1951 121 47 causa,

1131 1989 142 57 quare
1226 1989 126 57 illa
1305 1989 190 57 absolute
1447 1989 95 57 ab
1495 1989 174 57 omnibus
1621 1989 253 57 conceditur,;
1826 1989 126 57 Deus
1889 1989 111 57 gene-

1137 2030 120 58 tat,
1212 2030 105 58 sed
1272 2030 120 58 illa
1347 2030 75 58 a
1377 2030 150 58 multis
1482 2030 225 58 simpliciter
1661 2030 180 58 negatur,
1796 2030 120 58 Deus
1871 2030 105 58 non
1916 2030 75 58 ge

1109 2069 132 47 nerat

1157 2108 136 50 Vnde
1242 2108 170 50 doctor
1361 2108 204 50 communis
1514 2108 153 50 dicit
1616 2108 119 50 eam
1684 2108 136 50 esse
1769 2108 187 50 falsam:
1888 2108 102 50 quia

1137 2149 112 44 noc
1201 2149 143 44 nomen
1296 2149 128 44 Deus
1376 2149 191 44 supponit
1520 2149 112 44 pro
1583 2149 175 44 natura,
1711 2149 128 44 nisi
1791 2149 175 44 aliquid
1902 2149 96 44 sibi

1127 2191 186 42 addatur,
1267 2191 124 42 quod
1345 2191 140 42 ipsum
1438 2191 155 42 faciat
1547 2191 140 42 stare
1640 2191 109 42 pro
1702 2191 171 42 persona
1811 2191 171 42 determina

1135 2228 100 50 ta,
1192 2228 86 50 vt
1235 2228 100 50 cum
1292 2228 172 50 dicitur,
1421 2228 115 50 Deus
1493 2228 172 50 generat,
1622 2228 115 50 tunc
1693 2228 229 50 intelligitur
1879 2228 100 50 pro
1922 2228 72 50 pa-

1131 2260 115 56 tre.
1203 2260 101 56 Sed
1260 2260 101 56 cum
1318 2260 173 56 dicitur,
1447 2260 115 56 Deus
1519 2260 101 56 non
1577 2260 173 56 generat,
1706 2260 130 56 nihil
1793 2260 173 56 additur,
1908 2260 86 56 quod

1146 2304 115 58 psum
1218 2304 144 58 faciat
1318 2304 129 58 stare
1404 2304 101 58 pro
1462 2304 144 58 filio,
1563 2304 115 58 ideo
1635 2304 244 58 intelligitur,
1836 2304 115 58 quod
1893 2304 101 58 gene-

1138 2347 115 53 rare
1210 2347 173 53 repugnet
1339 2347 216 53 simpliciter
1512 2347 158 53 naturae
1613 2347 144 53 diuinae.

1172 2382 110 53 Sed
1235 2382 141 53 illud
1329 2382 110 53 non
1392 2382 172 53 videtur
1517 2382 125 53 bene
1580 2382 141 53 dictum,

1235 2420 138 50 Quia
1321 2420 276 50 quandocumque
1545 2420 121 50 vna
1614 2420 362 50 contradictoriarum
1907 2420 86 50 ess

1140 2460 154 53 falsa,
1247 2460 169 53 oportet
1370 2460 184 53 reliquam
1508 2460 123 53 esse
1585 2460 154 53 veram,
1693 2460 77 53 &
1723 2460 108 53 hoc
1785 2460 123 53 dico
1846 2460 154 53 secundum

1147 2512 131 35 rtem,
1235 2512 117 35 nisi
1308 2512 117 35 vsus
1381 2512 175 35 loquendi
1512 2512 87 35 in
1555 2512 189 35 oppositum
1701 2512 189 35 videatur,
1847 2512 102 35 sed
1905 2512 131 35 haec,

1146 2539 135 45 Deus
1230 2539 118 45 non
1298 2539 202 45 generat,
1449 2539 253 45 contradicit
1651 2539 152 45 huic,
1752 2539 152 45 omnis
1853 2539 135 45 Deus
1921 2539 84 45 ge-

1150 2582 124 49 erat,
1233 2582 69 49 &
1260 2582 96 49 est
1315 2582 110 49 haec
1384 2582 138 49 falsa,
1481 2582 179 49 scilicet,
1618 2582 124 49 omnis
1701 2582 110 49 Deus
1770 2582 165 49 generat:
1894 2582 110 49 quia
1949 2582 55 49 fi

1133 2615 119 47 lius
1207 2615 104 47 non
1267 2615 178 47 generat,
1401 2615 104 47 qui
1460 2615 134 47 tamen
1549 2615 104 47 est
1609 2615 134 47 peus,
1698 2615 119 47 ergo
1772 2615 134 47 prima
1861 2615 119 47 erit
1921 2615 89 47 vera

1157 2655 80 46 2
1189 2655 225 46 Praeterea,
1366 2655 241 46 antecedente
1559 2655 209 46 existente
1720 2655 145 46 vero,
1817 2655 177 46 necesse
1930 2655 80 46 est

1142 2697 223 51 consequens
1318 2697 128 51 esse
1397 2697 160 51 verum.
1509 2697 112 51 Sed
1573 2697 128 51 haec
1653 2697 128 51 Deus
1733 2697 112 51 non
1781 2697 223 51 distinguitur

1146 2746 180 40 realiter
1281 2746 75 40 a
1311 2746 105 40 Deo
1372 2746 105 40 est
1432 2746 135 40 vera,
1522 2746 75 40 &
1552 2746 105 40 est
1612 2746 211 40 antecedens
1777 2746 90 40 ad
1823 2746 150 40 illam,
1913 2746 90 40 Deus

1153 2779 101 44 non
1210 2779 159 44 generat
1326 2779 130 44 Deum,
1412 2779 115 44 ergo
1484 2779 72 44 &
1513 2779 115 44 illa
1585 2779 115 44 erit
1658 2779 130 44 vera;
1744 2779 130 44 minor
1831 2779 144 44 patet:
1917 2779 87 44 quia

1147 2816 216 46 impossibile
1320 2816 101 46 est
1377 2816 159 46 aliquid
1493 2816 115 46 esse
1565 2816 159 46 genitum
1680 2816 86 46 ab
1723 2816 159 46 aliquo,
1838 2816 115 46 nisi
1896 2816 101 46 ipsum

1144 2855 107 51 sit
1205 2855 214 51 distinctum
1373 2855 92 51 ab
1418 2855 107 51 eo,
1479 2855 107 51 cum
1540 2855 137 51 nihil
1632 2855 153 51 possit
1739 2855 168 51 seipsum
1845 2855 168 51 generare,

1137 2895 130 50 ergo
1218 2895 81 50 a
1251 2895 260 50 destructione
1462 2895 260 50 consequentis
1657 2895 65 50 &c

1149 2930 75 51 3
1179 2930 209 51 Praeterea,
1343 2930 120 51 illa
1418 2930 209 51 proposito,
1583 2930 120 51 Deus
1657 2930 105 51 non
1717 2930 179 51 generat,
1852 2930 135 51 habet
1926 2930 90 51 duas

1143 2971 136 51 causas
1238 2971 190 51 veritatis,
1388 2971 109 51 quia
1456 2971 204 51 verificatur
1618 2971 95 51 pro
1673 2971 136 51 filio,
1768 2971 68 51 &
1795 2971 149 51 spiritu
1890 2971 122 51 sancto,

1156 3022 103 38 rgo
1215 3022 103 38 est
1274 3022 206 38 manifeste,
1436 3022 74 38 &
1465 3022 221 38 simpliciter
1641 3022 132 38 vera.
1730 3022 88 38 Et
1774 3022 132 38 istam
1862 3022 118 38 puto
1921 3022 88 38 bene

1142 3056 225 40 concludere
1318 3056 192 40 secundum
1463 3056 160 40 artem,
1575 3056 112 40 sed
1639 3056 112 40 vbi
1703 3056 128 40 vsus
1783 3056 192 40 loquendi
1912 3056 96 40 san-

1155 3088 138 54 ctorum
1252 3088 124 54 aliud
1334 3088 234 54 introduceret,
1527 3088 124 54 nihil
1609 3088 138 54 talium
1705 3088 193 54 concludere
1843 3088 165 54 reputarem.
