2350 3509
182 209 104 79 Sed
242 209 119 79 illa
316 209 148 79 opinio
420 209 163 79 directe
538 209 163 79 videtur
657 209 119 79 esse
731 209 148 79 contra
820 209 208 79 determinatio

150 282 90 39 ne
195 282 165 39 sanctae
315 282 150 39 matris
420 282 210 39 ecclesiae,
585 282 120 39 ideo
659 282 165 39 tanquam
779 282 165 39 erronea
899 282 105 39 est
944 282 90 39 peni

143 319 111 42 tus
207 319 223 42 respuenda.
382 319 127 42 Omne
461 319 143 42 enim,
557 319 127 42 quod
636 319 223 42 generatur,
811 319 175 42 accipit
923 319 95 42 essi

156 361 84 46 ab
198 361 125 46 alio,
281 361 70 46 &
309 361 153 46 dicitur
421 361 167 46 relatiue
546 361 84 46 ad
588 361 139 46 ipsum,
685 361 97 46 sed
741 361 139 46 diuina
838 361 167 46 essentia
949 361 70 46 non

162 392 149 52 dicitur
271 392 176 52 relatiue,
406 392 108 52 siue
473 392 81 52 ad
514 392 135 52 aliud,
608 392 95 52 sed
662 392 81 52 ad
703 392 95 52 se,
757 392 95 52 nec
811 392 149 52 accipit
919 392 108 52 esse
973 392 54 52 ab

149 436 139 46 alio,
241 436 108 46 sed
303 436 139 46 omnia
395 436 154 46 habent
503 436 123 46 esse
580 436 77 46 a
611 436 154 46 diuina
719 436 200 46 essentia,
873 436 123 46 ergo
934 436 62 46 &c

199 472 118 42 Forte
278 472 131 42 dices,
369 472 79 42 vt
409 472 79 42 in
448 472 118 42 filio
527 472 105 42 est,
592 472 144 42 accipit
697 472 105 42 esse
763 472 79 42 ab
802 472 118 42 alio,
881 472 92 42 sia
920 472 105 42 patre.

155 512 113 43 Non
219 512 145 43 valet
316 512 129 43 quia
397 512 145 43 etiam
493 512 193 43 secundum
638 512 113 43 te,
703 512 145 43 eadem
799 512 193 43 essentia
928 512 97 43 peni

164 552 97 41 tus
220 552 180 41 indiuisa,
358 552 111 41 quae
427 552 97 41 est
482 552 83 41 in
524 552 138 41 filio,
621 552 97 41 est
676 552 83 41 in
718 552 138 41 patre,
814 552 69 41 &
842 552 83 41 in
884 552 125 41 patre
953 552 69 41 non

167 591 123 43 habet
249 591 109 43 esse
318 591 82 43 ab
359 591 123 43 alio;
441 591 82 43 si
482 591 109 43 ergo
550 591 82 43 in
591 591 123 43 filio
673 591 123 43 habet
755 591 109 43 esse
824 591 82 43 ab
865 591 123 43 alio,
933 591 82 43 tun-

167 632 138 47 vmum,
259 632 77 47 &
290 632 123 47 idem
367 632 169 47 penitus
490 632 215 47 indiuisum,
659 632 77 47 &
690 632 231 47 simpliciter
859 632 169 47 absolutum

159 667 161 57 habebit
276 667 117 57 esse
349 667 88 57 ab
393 667 132 57 alio,
481 667 73 57 &
510 667 102 57 non
569 667 161 57 habebit
686 667 117 57 esse
759 667 88 57 ab
803 667 132 57 alio,
890 667 117 57 quod
949 667 73 57 est

157 705 189 50 euidens
294 705 292 50 contradictio.

196 750 99 44 Ad
246 750 165 44 primum
362 750 215 44 dicendum,
527 750 132 44 quod
609 750 149 44 maior
708 750 116 44 est
774 750 231 44 auctoritas
939 750 83 44 ec-

159 789 160 50 clesiae
276 789 218 50 orthodoxae,
450 789 116 50 quae
523 789 87 50 in
566 789 174 50 generali
697 789 174 50 concilio
814 789 203 50 determinauis

162 823 127 45 hanc
242 823 207 45 opinionem
400 823 127 45 esse
480 823 207 45 erroneam,
639 823 127 45 quam
718 823 111 45 sit
782 823 222 45 auctoritas
941 823 79 45 Ri-

166 864 156 48 chardi,
280 864 100 48 vel
336 864 213 48 cuiuscunque
507 864 171 48 alterius
635 864 171 48 doctoris
763 864 156 48 sancti;
877 864 100 48 pot
919 864 100 48 tamen

164 902 202 51 Richardus
319 902 202 51 excusari:
474 902 124 51 quia
551 902 248 51 determinatio
753 902 186 51 concilij
877 902 140 51 videtur

163 949 159 44 venisse
278 949 116 44 post
350 949 116 44 illa
422 949 130 44 dicta
509 949 188 44 fichardi,
654 949 159 44 quamuis
769 949 116 44 illi
841 949 101 44 non
899 949 116 44 sint
957 949 72 44 ex-

159 977 216 50 cusabiles,
328 977 108 50 qui
390 977 154 50 contra
497 977 139 50 illam
590 977 185 50 concilij
728 977 293 50 determinationem
959 977 62 50 to

155 1019 127 53 mere
234 1019 190 53 alserere
377 1019 222 53 praesumunt
552 1019 206 53 opinionem
711 1019 222 53 praedictam

191 1062 92 48 Ad
237 1062 185 48 secundum
375 1062 200 48 dicendum,
529 1062 123 48 quod
606 1062 216 48 Augustinus
776 1062 108 48 per
837 1062 139 48 talia
914 1062 108 48 verba

158 1101 109 49 non
221 1101 186 49 intendit
360 1101 155 49 dicere
469 1101 202 49 essentiam
624 1101 124 49 esse
702 1101 140 49 genit
795 1101 109 49 am,
857 1101 109 49 sed
903 1101 109 49 commu

162 1138 176 48 nicatam.
294 1138 132 48 Etiam
382 1138 147 48 potest
485 1138 103 48 sic
543 1138 161 48 exponi,
661 1138 132 48 pater
749 1138 147 48 genuit
851 1138 147 48 illud,
939 1138 88 48 quod

164 1177 87 44 en
208 1177 290 44 substantialiter:
455 1177 116 44 quia
527 1177 131 44 sicut
615 1177 131 44 pater
702 1177 102 44 est
760 1177 87 44 in
803 1177 131 44 filio
876 1177 145 44 secundum

169 1214 212 46 nostantiam,
339 1214 85 46 vt
381 1214 127 46 patet
466 1214 127 46 loan.
551 1214 85 46 I4
593 1214 99 46 sic
650 1214 127 46 pater
735 1214 99 46 est
792 1214 142 46 filius
876 1214 142 46 substan-

178 1251 139 46 ater,
270 1251 123 46 siue
347 1251 185 46 secundum
486 1251 247 46 substantiam:
686 1251 123 46 quia
763 1251 123 46 sunt
840 1251 108 46 vna
886 1251 139 46 substan

174 1292 95 52 AEt
229 1292 95 52 cum
283 1292 108 52 ait,
350 1292 135 52 deitas
445 1292 149 52 Christi
554 1292 108 52 nata
621 1292 108 52 est,
689 1292 122 52 debet
770 1292 149 52 exponi;
879 1292 81 52 id
919 1292 108 52 est,
973 1292 41 52 i

168 1334 203 41 muitatem
320 1334 253 41 communicata
523 1334 118 41 est
591 1334 84 41 a
624 1334 169 41 natura
743 1334 169 41 patris
844 1334 169 41 tanquam.

173 1375 187 45 mneipio,
314 1375 109 45 quo
376 1375 140 45 pater
470 1375 203 45 producit,
626 1375 94 45 vt
673 1375 187 45 superius
813 1375 140 45 etiam
891 1375 125 45 exposu

152 1406 90 43 A
188 1406 288 43 actoritates,
422 1406 90 43 &
458 1406 162 43 eodem
566 1406 144 43 modo
656 1406 216 43 dicendum
818 1406 126 43 est
890 1406 108 43 ad
926 1406 90 43 di-

160 1443 120 49 cum
228 1443 188 49 Hilarij
365 1443 171 49 simili
468 1443 120 49 modo.

192 1486 91 42 Ad
237 1486 167 42 tertium
359 1486 197 42 dicendum,
510 1486 121 42 quod
586 1486 197 42 sapientia
738 1486 182 42 supponit
874 1486 106 42 pro
920 1486 106 42 perso

149 1524 155 50 naflu,
258 1524 78 50 &
289 1524 109 50 non
351 1524 202 50 essentia,
507 1524 78 50 &
538 1524 109 50 hoc
600 1524 109 50 non
662 1524 171 50 ratione
786 1524 171 50 minoris
895 1524 124 50 abstra

142 1564 166 46 cionis,
262 1564 136 46 sicut
353 1564 166 46 videtur
473 1564 211 46 argumentum
639 1564 241 46 praetendere,
835 1564 105 46 sed
895 1564 151 46 ratio.

150 1603 90 45 ee
195 1603 301 45 appropriationis:
451 1603 121 45 quia
527 1603 136 45 licet
617 1603 105 45 sit
677 1603 181 45 communis
813 1603 166 45 tribus,
919 1603 105 45 appro

145 1651 164 48 retatur
265 1651 134 48 tamen
354 1651 149 48 filio:
459 1651 179 48 essentia
593 1651 134 48 autem
683 1651 105 48 sic
742 1651 105 48 est
802 1651 194 48 communis,
936 1651 90 48 quod

144 1679 141 51 nalli
238 1679 141 51 appro
317 1679 157 51 priatur.

167 1715 93 53 Od
213 1715 171 53 quartum
337 1715 202 53 dicendum,
492 1715 124 53 quod
570 1715 186 53 magister
709 1715 109 53 non
771 1715 171 53 accipit
895 1715 109 53 ibi
942 1715 78 53 es-

136 1761 158 36 sentiam
251 1761 101 36 pro
308 1761 172 36 persona,
437 1761 115 36 sic,
509 1761 115 36 quod
581 1761 172 36 essentia
710 1761 101 36 sit
768 1761 172 36 gignens,
897 1761 101 36 vel
940 1761 72 36 ge-

139 1798 142 46 nita,
234 1798 110 46 sed
297 1798 126 46 vult
376 1798 110 46 per
439 1798 110 46 hoc
502 1798 221 46 exprimere,
675 1798 126 46 quod
754 1798 189 46 gignens,
896 1798 79 46 &
912 1798 110 46 geni-

143 1836 106 58 tum
203 1836 121 58 sint
279 1836 121 58 idem
355 1836 91 58 in
400 1836 197 58 essentia,
551 1836 166 58 quamuis
672 1836 197 58 differant
823 1836 181 58 realiter
944 1836 76 58 re-

162 1873 161 49 cione
252 1873 143 49 diuina

179 1914 103 42 Ad
230 1914 189 42 quintum
368 1914 224 42 dicendum,
540 1914 138 42 quod
626 1914 155 42 patet
729 1914 138 42 eius
816 1914 189 42 solutio
936 1914 86 42 per

146 1954 90 44 ra
191 1954 121 44 quae
266 1954 136 44 dicta
357 1954 121 44 sunt
432 1954 90 44 in
477 1954 136 44 primo
568 1954 196 44 articulo,
719 1954 196 44 solutione
869 1954 166 44 tertij,
975 1954 45 44 &

165 1990 157 55 tarti
252 1990 192 55 argumenti

117 2029 204 56 Seeundo
265 2029 185 56 contra
394 2029 259 56 praedictam
598 2029 241 56 veritatem
783 2029 148 56 sunt
857 2029 167 56 quidam,

165 2072 143 47 ramuis
265 2072 100 47 non
322 2072 100 47 ita
379 2072 171 47 directe,
507 2072 128 47 sicut
593 2072 114 47 illi
664 2072 100 47 iam
721 2072 143 47 dicti,
821 2072 171 47 dicetes,
935 2072 86 47 quod

149 2113 121 41 rima
225 2113 182 41 essentia
361 2113 106 41 non
421 2113 197 41 generatur
572 2113 106 41 per
633 2113 106 41 se,
693 2113 106 41 sed
754 2113 197 41 gencratur
905 2113 106 41 per
951 2113 61 41 ac

127 2149 139 49 Aena
214 2149 174 49 Primam
336 2149 279 49 conclusionem
562 2149 122 49 cum
632 2149 139 49 suis
719 2149 244 49 rationibus
893 2149 122 49 concu

135 2187 104 52 do
187 2187 138 52 ideo
273 2187 173 52 motiua
394 2187 173 52 eorum,
515 2187 121 52 quo
585 2187 104 52 ad
636 2187 121 52 hoc
706 2187 121 52 non
775 2187 173 52 adduco
896 2187 104 52 ad
931 2187 87 52 pre

140 2230 89 48 .
176 2230 213 48 Secundam
336 2230 160 48 autem
443 2230 285 48 conclusionem
674 2230 142 48 ipsi
763 2230 196 48 probant
887 2230 89 48 sic

143 2266 93 48 T
181 2266 243 48 Vbicunque
367 2266 280 48 compositum,
591 2266 131 48 vel
666 2266 187 48 habens
797 2266 112 48 se
853 2266 112 48 ad
890 2266 131 48 modum

131 2314 144 43 compo
227 2314 128 43 sati
307 2314 208 43 generatur
466 2314 112 43 per
530 2314 96 43 se
578 2314 112 43 ibi
642 2314 255 43 componentia,
849 2314 112 43 vel
897 2314 128 43 haben

147 2347 97 47 se
195 2347 97 47 ad
244 2347 145 47 modum
341 2347 274 47 componentium,
566 2347 226 47 generantur
744 2347 113 47 per
808 2347 210 47 accidens.
953 2347 65 47 il

131 2386 141 45 patet
225 2386 125 45 quia
304 2386 125 45 dato
382 2386 141 45 bene,
476 2386 125 45 quod
555 2386 235 45 componentia
743 2386 125 45 sint
821 2386 157 45 priora
915 2386 110 45 compo

132 2416 125 59 Sto,
211 2416 141 59 tamen
304 2416 188 59 secundum
445 2416 141 59 esse,
539 2416 125 59 quod
617 2416 156 59 habent
726 2416 94 59 in
773 2416 219 59 composito,
929 2416 94 59 sunt

146 2472 177 40 periora
275 2472 226 40 composito,
452 2472 81 40 &
484 2472 113 40 per
549 2472 226 40 consequens
726 2472 97 40 vt
774 2472 113 40 sic
823 2472 193 40 gencrantui

158 2502 255 45 generationem
365 2502 207 45 composit,
524 2502 111 45 sed
588 2502 175 45 filius,
715 2502 111 45 qui
778 2502 111 45 per
842 2502 95 45 se
874 2502 143 45 genera-

134 2538 144 54 torm
224 2538 216 54 dininis,
386 2538 216 54 secundum
548 2538 198 54 nostrum
692 2538 162 54 modum
782 2538 234 54 intelligend

140 2589 181 40 ponitur
271 2589 99 40 ex
321 2589 165 40 diuina
436 2589 214 40 essentia,
601 2589 82 40 &
634 2589 231 40 relatione,
816 2589 132 40 ergo
882 2589 82 40 &c.

147 2613 91 54 2
183 2613 255 54 Praeterea,
384 2613 200 54 quamuis
529 2613 219 54 secundum
693 2613 200 54 nostrum
839 2613 164 54 modum
930 2613 91 54 in-

160 2653 145 51 eendi
257 2653 194 51 essentia
402 2653 323 51 praeintelligitur
676 2653 161 51 habere
789 2653 129 51 esse
870 2653 194 51 antequam

157 2691 86 52 D
191 2691 103 52 o,
243 2691 155 52 tamen
346 2691 207 52 secundum
501 2691 155 52 modum
605 2691 207 52 essendi,
760 2691 121 52 quo
829 2691 121 52 est
897 2691 103 52 in
932 2691 86 52 fi-

137 2731 148 54 Tonom
235 2731 115 54 pot
301 2731 115 54 est
367 2731 296 54 praeintelligi:
614 2731 132 54 quia
697 2731 181 54 secudum
828 2731 148 54 illum
911 2731 115 54 modum

146 2776 132 41 endi
229 2776 116 41 non
295 2776 116 41 est
362 2776 99 41 in
411 2776 166 41 patre,
527 2776 132 41 ergo
610 2776 166 41 saltem
726 2776 199 41 secundum
875 2776 149 41 talem
958 2776 66 41 mo

144 2809 115 59 dum
209 2809 180 59 essendi
340 2809 196 59 essentia
471 2809 180 59 generatur

222 2847 230 58 Draeterea,
403 2847 115 58 id,
468 2847 132 58 quod
551 2847 247 58 generationi
748 2847 198 58 secundum
880 2847 148 58 nostrum

158 2889 139 54 nedum
250 2889 248 54 intelligendi
452 2889 248 54 praeexistit,
653 2889 77 54 &
684 2889 108 54 per
746 2889 139 54 actum
839 2889 217 54 genetatio

135 2937 91 42 n
171 2937 128 42 nit
244 2937 109 42 in
299 2937 109 42 se
354 2937 201 42 lormam,
499 2937 128 42 cum
572 2937 128 42 qua
645 2937 146 42 vnum
736 2937 255 42 suppositum
919 2937 91 42 con

143 2961 149 56 Pinat,
247 2961 119 56 quod
322 2961 164 56 proprie
441 2961 209 56 generatur,
605 2961 134 56 illud
694 2961 164 56 videtur
813 2961 119 56 esse
873 2961 149 56 subiectu

212 3016 208 41 racionis,
372 3016 80 41 &
404 3016 112 41 per
468 3016 224 41 consequens
645 3016 112 41 per
709 3016 192 41 accideus
837 3016 176 41 gencratur

151 3044 146 59 entia
248 3044 162 59 diuina
361 3044 113 59 est
426 3044 227 59 huiusmodi,
604 3044 130 59 ergo
685 3044 113 59 &c.
750 3044 194 59 probatio
879 3044 146 59 illius:

1074 227 116 74 quia
1147 227 102 74 per
1205 227 116 74 actu
1278 227 233 74 generationis
1468 227 160 74 accipit
1584 227 87 74 in
1628 227 87 74 se
1671 227 233 74 filiationem,
1846 227 73 74 cum

1068 276 101 61 qua
1125 276 202 61 constituit
1284 276 202 61 suppositum
1443 276 144 61 ipsius
1530 276 101 61 filij

1083 315 75 57 4
1113 315 211 57 Praeterea,
1278 315 226 57 philosophus
1459 315 150 57 metaph
1564 315 90 57 7.
1609 315 120 57 ait,
1684 315 120 57 quod
1745 315 180 57 compositum

1054 364 206 47 genetatur
1213 364 111 47 per
1276 364 111 47 se,
1339 364 143 47 forma
1434 364 143 47 vero,
1529 364 79 47 &
1561 364 174 47 materia
1688 364 222 47 generantur
1846 364 79 47 per

1056 403 194 39 accidens:
1205 403 105 39 sed
1265 403 179 39 essentia
1399 403 149 39 diuina
1504 403 90 39 in
1549 403 224 39 generatione
1728 403 134 39 filij
1803 403 134 39 videtur

1056 440 153 53 habere
1163 440 184 53 rationem
1301 440 199 53 materiae,
1454 440 107 53 cum
1515 440 107 53 sit
1576 440 138 53 eadem
1668 440 92 53 in
1714 440 168 53 vtroque
1821 440 92 53 ter-

1063 477 118 46 mino
1137 477 250 46 generationis,
1342 477 118 46 puta
1416 477 88 46 in
1460 477 132 46 patre
1548 477 73 46 &
1577 477 147 46 filio.

1102 515 81 46 Et
1143 515 216 46 confirmatur:
1319 515 108 46 quia
1387 515 95 46 omi
1441 515 176 46 potentiae
1576 515 149 46 actiuae
1684 515 216 46 correspondet
1846 515 68 46 ali

1062 561 99 50 qua
1118 561 169 50 potentia
1245 561 169 50 passiui;
1372 561 99 50 sed
1429 561 85 50 in
1471 561 127 50 patre
1556 561 183 50 oenerante
1697 561 99 50 est
1754 561 141 50 aliqua
1838 561 99 50 poten

1059 596 99 43 tia
1115 596 156 43 actiua,
1229 596 99 43 qua
1285 596 170 43 generat,
1413 596 113 43 ergo
1483 596 85 43 in
1526 596 127 43 filio
1611 596 141 43 genito
1710 596 113 43 erit
1780 596 141 43 aliqua
1865 596 71 43 po-

1057 637 137 40 tentia
1153 637 164 40 passiua,
1276 637 96 40 qua
1331 637 192 40 generatur:
1482 637 110 40 haec
1550 637 96 40 aut
1605 637 96 40 non
1660 637 96 40 pot
1714 637 110 40 esse
1783 637 110 40 nisi
1838 637 68 40 es-

1052 670 150 46 sentia
1157 670 165 46 diuina,
1277 670 120 46 ergo
1352 670 105 46 &c.
1412 670 120 46 Item
1487 670 90 46 si
1532 670 90 46 in
1577 670 150 46 diuina
1682 670 225 46 generatione
1847 670 60 46 ef

1049 711 147 46 sentia
1152 711 103 46 non
1211 711 162 46 teneret
1329 711 132 46 locum
1417 711 191 46 materiae,
1564 711 118 46 tunc
1638 711 147 46 filius
1741 711 103 46 non
1785 711 132 46 genera-

1056 747 149 49 retur,
1160 747 104 49 sed
1220 747 149 49 potius
1324 747 194 49 crearetur
1474 747 209 49 consequens
1638 747 149 49 falsum
1742 747 119 49 est,
1817 747 75 49 &
1831 747 75 49 he-

1052 794 183 46 reticum,
1189 794 183 46 probatur
1326 794 259 46 consequentia:
1539 794 122 46 quia
1616 794 152 46 illud,
1722 794 122 46 quod
1798 794 107 46 non
1844 794 61 46 fi

1059 827 87 48 ex
1103 827 160 48 aliquo,
1220 827 131 48 illud
1307 827 102 48 fit
1366 827 87 48 ex
1409 827 160 48 nihilo,
1526 827 73 48 &
1555 827 102 48 per
1613 827 204 48 consequens
1759 827 146 48 creatur.

1066 865 101 45 sed
1123 865 144 45 illud,
1224 865 86 45 ex
1267 865 101 45 quo
1325 865 101 45 fit
1382 865 173 45 aliquid,
1512 865 130 45 habet
1599 865 130 45 locum
1671 865 158 45 materiae.

1067 906 77 52 3
1097 906 215 52 Praeterea,
1266 906 169 52 passiua
1389 906 200 52 generatio
1543 906 92 52 in
1589 906 154 52 aliquo
1696 906 138 52 signo
1773 906 138 52 priori-

1056 947 95 40 tis
1111 947 177 40 praecedit
1247 947 136 40 filium
1342 947 163 40 genitum:
1465 947 136 40 igitur
1560 947 82 40 vt
1601 947 95 40 sic
1656 947 177 40 precedit,
1792 947 95 40 aut
1833 947 68 40 sul

1060 982 132 50 sistit
1152 982 79 50 in
1192 982 79 50 se
1232 982 119 50 ipsa,
1311 982 93 50 aut
1364 982 79 50 in
1404 982 172 50 essentia:
1536 982 93 50 non
1589 982 79 50 in
1628 982 145 50 seipsa:
1734 982 106 50 quia
1787 982 119 50 secudum

1056 1019 113 56 Aug.
1127 1019 127 56 nulla
1211 1019 155 56 relatio
1324 1019 141 56 potest
1423 1019 141 56 seipsa
1522 1019 212 56 subsistere,
1692 1019 113 56 ergo
1763 1019 85 56 in
1791 1019 113 56 essen-

1056 1064 121 40 tia,
1131 1064 75 40 &
1162 1064 106 40 per
1222 1064 211 40 consequens
1388 1064 181 40 essentia
1524 1064 151 40 saltem
1629 1064 106 40 per
1690 1064 181 40 accidens
1810 1064 91 40 gene

1066 1102 143 45 tatur:
1166 1102 114 45 quia
1237 1102 114 45 omne
1309 1102 143 45 illud,
1409 1102 86 45 in
1452 1102 100 45 quo
1509 1102 100 45 est
1566 1102 157 45 passiua
1680 1102 200 45 generatio,
1823 1102 86 45 ali-

1072 1137 102 59 uo
1123 1137 136 59 modo
1191 1137 204 59 genetatur.

1140 1146 192 83 Praeterea,
1291 1146 82 83 si
1333 1146 124 83 pater
1415 1146 179 83 genuisset
1553 1146 137 83 filium
1649 1146 82 83 de
1690 1146 192 83 substantia
1828 1146 82 83 alie

1060 1223 92 43 na,
1113 1223 105 43 illa
1178 1223 184 43 substantia
1323 1223 92 43 per
1376 1223 158 43 accidens
1495 1223 145 43 fuisset
1600 1223 145 43 genita,
1705 1223 105 43 ergo
1771 1223 79 43 eu
1798 1223 105 43 genuit

1052 1259 102 43 cum
1111 1259 88 43 de
1155 1259 204 43 substantia
1315 1259 160 43 propria
1432 1259 102 43 sua
1490 1259 204 43 substantia
1650 1259 146 43 aliquo
1753 1259 117 43 modo
1811 1259 102 43 dicet

1060 1294 107 43 esse
1126 1294 147 43 genitae
1233 1294 107 43 quia
1300 1294 80 43 si
1340 1294 120 43 ignis
1420 1294 174 43 generaret
1554 1294 147 43 aliquid
1661 1294 80 43 de
1701 1294 93 43 sua
1741 1294 160 43 substanti-

1065 1335 96 52 non
1120 1335 123 52 minus
1202 1335 96 52 sua
1257 1335 192 52 substantia
1408 1335 178 52 diceretur
1545 1335 178 52 generari,
1683 1335 110 52 quam
1751 1335 151 52 dicatur
1847 1335 55 52 ge

1051 1372 144 46 nerari
1151 1372 144 46 aliena
1252 1372 215 46 substantia,
1424 1372 86 46 si
1467 1372 86 46 ex
1510 1372 86 46 ea
1553 1372 129 46 ignis
1639 1372 158 46 aliquid
1740 1372 158 46 generabit

1085 1407 114 52 Sed
1150 1407 130 52 illa
1231 1407 114 52 non
1280 1407 212 52 concludunt.

1124 1444 122 51 Quia
1200 1444 153 51 illud,
1307 1444 122 51 quod
1384 1444 199 51 generatur
1537 1444 107 51 per
1598 1444 199 51 accidens,
1751 1444 107 51 non
1797 1444 107 51 habet

1055 1489 106 42 esse
1121 1489 93 42 per
1174 1489 93 42 se,
1227 1489 93 42 sed
1280 1489 119 42 solum
1360 1489 106 42 sibi
1426 1489 159 42 competit
1545 1489 106 42 esse
1611 1489 93 42 per
1664 1489 106 42 esse
1731 1489 146 42 illius,
1823 1489 80 42 quod

1069 1530 178 50 teneratur
1206 1530 96 50 per
1261 1530 96 50 se,
1316 1530 96 50 sed
1370 1530 164 50 essentia
1494 1530 137 50 diuina
1589 1530 96 50 non
1644 1530 123 50 habet
1726 1530 109 50 esse
1795 1530 96 50 per
1836 1530 68 50 sup

1055 1566 191 49 positum,
1198 1566 111 49 sed
1262 1566 143 49 magis
1357 1566 223 49 econuerso.
1532 1566 143 49 Omnis
1628 1566 127 49 enim
1707 1566 175 49 natura,
1818 1566 80 49 qua

1051 1602 171 47 acquirit
1179 1602 114 47 esse
1251 1602 86 47 in
1294 1602 200 47 supposito,
1451 1602 100 47 non
1508 1602 100 47 est
1565 1602 114 47 suum
1637 1602 129 47 esse,
1722 1602 100 47 nec
1779 1602 100 47 per
1822 1602 86 47 con-

1056 1646 157 51 sequens
1170 1646 100 51 est
1227 1646 86 51 de
1270 1646 86 51 se
1313 1646 157 51 formali
1427 1646 157 51 necesse
1542 1646 129 51 esse,
1627 1646 114 51 quae
1699 1646 129 51 omnia
1784 1646 114 51 sunt
1842 1646 71 51 fal

1056 1680 103 43 sa,
1115 1680 177 43 loquendo
1248 1680 89 43 de
1293 1680 148 43 diuina
1381 1680 148 43 essentia

1070 1731 80 42 2
1102 1731 225 42 Praeterea,
1279 1731 193 42 essentia
1423 1731 112 42 per
1487 1731 257 42 generationem
1680 1731 225 42 communicata,

1051 1762 87 40 in
1095 1762 102 40 qua
1153 1762 145 40 nullum
1255 1762 131 40 esse,
1342 1762 116 40 quod
1414 1762 218 40 praehabuit,
1589 1762 232 40 corrumpitur,
1777 1762 102 40 nec
1821 1762 87 40 ali-

1060 1798 115 51 quod
1131 1798 129 51 nouum
1218 1798 115 51 esse
1289 1798 201 51 inducitur,
1447 1798 115 51 illa
1519 1798 101 51 non
1577 1798 187 51 generatur
1720 1798 101 51 per
1763 1798 144 51 accidens

1063 1840 84 51 ad
1105 1840 126 51 modum
1189 1840 181 51 materiae:
1328 1840 167 51 essentia
1454 1840 139 51 diuina
1551 1840 84 51 in
1593 1840 209 51 generatione
1761 1840 126 51 filij
1830 1840 70 51 ess

1062 1877 211 51 huiusmodi,
1228 1877 120 51 ergo
1303 1877 105 51 &c.
1363 1877 135 51 maior
1453 1877 151 51 patet:
1559 1877 120 51 quia
1634 1877 90 51 ex
1679 1877 105 51 hoc
1739 1877 90 51 di
1770 1877 135 51 materia

1059 1917 179 41 naturalis
1197 1917 96 41 per
1252 1917 165 41 accidens
1376 1917 179 41 generari:
1514 1917 110 41 quia
1582 1917 124 41 esse,
1665 1917 110 41 quod
1720 1917 179 41 praehabuit.

1060 1957 231 38 corrumpitur,
1247 1957 72 38 &
1276 1957 130 38 nouum
1363 1957 115 38 esse
1435 1957 87 38 in
1478 1957 130 38 ipsam
1565 1957 202 38 inducitur;
1723 1957 159 38 illarum
1824 1957 87 38 igi-

1049 1993 107 49 tur
1110 1993 229 49 conditionum
1293 1993 122 49 dato
1369 1993 199 49 opposito,
1522 1993 137 49 debet
1614 1993 137 49 etiam
1705 1993 183 49 concludi
1828 1993 76 49 op-

1057 2040 173 43 positum;
1186 2040 130 43 minot
1273 2040 130 43 patet
1360 2040 101 43 quo
1417 2040 87 43 ad
1461 2040 130 43 illam
1547 2040 144 43 parte,
1648 2040 115 43 quod
1720 2040 144 43 nullum
1821 2040 115 43 esse

1056 2072 199 52 essentiae
1208 2072 168 52 diuinae
1331 2072 229 52 corrumpitur
1514 2072 107 52 per
1575 2072 168 52 diuinam
1682 2072 229 52 generationem.

1072 2111 117 44 robo
1146 2111 117 44 eam,
1219 2111 102 44 quo
1277 2111 88 44 ad
1321 2111 161 44 alteram
1438 2111 161 44 partem,
1555 2111 176 44 scilicet
1687 2111 117 44 quod
1760 2111 102 44 per
1804 2111 102 44 illam

1059 2158 268 40 penerationem
1277 2158 168 40 nullum
1394 2158 134 40 esse
1478 2158 151 40 nouum
1579 2158 101 40 in
1629 2158 151 40 ipsam
1713 2158 184 40 inducatur

1054 2200 115 41 quia
1126 2200 129 41 actus
1212 2200 187 41 infinitus
1356 2200 173 41 actiuari
1485 2200 101 41 non
1543 2200 144 41 potest
1643 2200 101 41 per
1701 2200 158 41 aliquam
1801 2200 101 41 super

1058 2226 202 61 uenientem
1214 2226 264 61 actualitatem:
1432 2226 124 61 quia
1510 2226 202 61 infinitum
1665 2226 109 61 non
1727 2226 140 61 capit
1805 2226 109 61 addi-

1056 2265 155 44 tionem,
1168 2265 98 44 sed
1225 2265 169 44 essentia
1351 2265 141 44 diuina
1450 2265 98 44 est
1506 2265 127 44 actus
1576 2265 155 44 infinitus

1091 2303 89 40 Et
1136 2303 179 40 confirmo
1270 2303 104 40 hoc
1330 2303 119 40 idem
1404 2303 119 40 sic,
1479 2303 119 40 quia
1553 2303 119 40 omne
1628 2303 253 40 perfectibile,
1836 2303 75 40 &
1851 2303 60 40 re

1050 2341 159 53 cipiens
1165 2341 130 53 esse,
1252 2341 130 53 habet
1339 2341 173 53 rationem
1469 2341 188 53 potentiae
1613 2341 188 53 passiuae,
1758 2341 116 53 quae
1815 2341 87 53 actu

1063 2381 123 50 puro
1139 2381 230 50 simpliciter
1324 2381 200 50 repugnat,
1477 2381 77 50 &
1508 2381 107 50 per
1569 2381 215 50 consequens
1723 2381 184 50 necessario

1050 2420 203 57 repugnabit
1209 2420 188 57 essentiae
1354 2420 174 57 diuinae,
1484 2420 116 57 quae
1556 2420 101 57 est
1614 2420 130 57 actus
1701 2420 145 57 omnino
1788 2420 116 57 purus;

1055 2456 88 55 vt
1099 2456 147 55 patet,
1202 2456 103 55 12.
1247 2456 132 55 metaph-

1077 2472 74 70 3
1107 2472 208 70 Praeterea,
1270 2472 104 70 id,
1330 2472 119 70 quod
1404 2472 193 70 generatur
1553 2472 104 70 per
1613 2472 193 70 accidens,
1761 2472 104 70 non
1806 2472 104 70 habet

1059 2540 125 47 esse,
1142 2540 111 47 nisi
1211 2540 83 47 in
1253 2540 97 47 eo,
1308 2540 111 47 quod
1377 2540 180 47 generatur
1516 2540 97 47 per
1571 2540 97 47 se:
1626 2540 97 47 sed
1682 2540 138 47 diuina
1765 2540 138 47 essentia

1059 2574 99 61 non
1115 2574 127 61 habet
1200 2574 113 61 esse
1271 2574 85 61 in
1313 2574 113 61 solo
1384 2574 141 61 filio,
1482 2574 99 61 sed
1539 2574 127 61 illud
1624 2574 113 61 idem
1694 2574 127 61 esse,
1779 2574 113 61 quod
1835 2574 71 61 ha-

1053 2614 95 43 bet
1108 2614 82 43 in
1149 2614 136 43 filio,
1244 2614 122 43 habet
1325 2614 82 43 in
1366 2614 136 43 patre,
1461 2614 68 43 &
1488 2614 150 43 spiritu
1584 2614 122 43 sancto.

1126 2653 236 42 Praeterea,
1311 2653 270 42 quandocunque
1530 2653 185 42 aliquid
1665 2653 219 42 generatur
1817 2653 84 42 per

1049 2695 194 45 accidens,
1198 2695 164 45 necesse
1318 2695 104 45 est
1377 2695 119 45 esse
1452 2695 119 45 suum
1526 2695 179 45 differre
1660 2695 89 45 ab
1705 2695 119 45 esse
1765 2695 149 45 generan-

1064 2731 111 46 tis;
1134 2731 98 46 sed
1189 2731 111 46 esse
1259 2731 153 46 diuinae
1371 2731 181 46 essentiae
1510 2731 98 46 non
1566 2731 153 46 differt
1677 2731 84 46 ab
1719 2731 111 46 esse
1789 2731 153 46 patris,

1056 2769 123 54 ergo
1117 2769 77 54 &c.

1100 2804 95 44 Ad
1148 2804 158 44 primum
1258 2804 126 44 ergo
1337 2804 205 44 dicendum,
1494 2804 126 44 quod
1573 2804 173 44 aliquod
1683 2804 221 44 componentium

1058 2847 92 50 sic
1111 2847 145 50 shabet,
1216 2847 106 50 quod
1282 2847 92 50 nec
1335 2847 158 50 dimittit
1454 2847 119 50 esse,
1533 2847 106 50 quod
1599 2847 132 50 habuit
1691 2847 106 50 ante
1757 2847 119 50 illud
1823 2847 79 50 com-

1067 2897 154 40 positum,
1183 2897 90 40 nec
1234 2897 154 40 acquirit
1349 2897 103 40 esse
1414 2897 77 40 in
1452 2897 192 40 composito,.
1606 2897 77 40 de
1644 2897 103 40 illo
1709 2897 115 40 maior
1786 2897 90 40 est
1824 2897 77 40 sim-

1069 2921 151 52 liciter
1179 2921 137 52 falsa,
1275 2921 96 52 sed
1330 2921 165 52 essentia
1454 2921 137 52 diuina
1550 2921 96 52 est
1605 2921 192 52 huiusmodi,
1756 2921 82 52 vt
1783 2921 124 52 patuit,

1059 2963 119 51 ergo
1134 2963 105 51 &c.
1193 2963 134 51 Etiam
1283 2963 149 51 posset
1388 2963 134 51 dici,
1477 2963 119 51 quod
1552 2963 149 51 filius
1656 2963 105 51 nec
1716 2963 105 51 est
1761 2963 149 51 composi-

1059 3003 119 50 tus,
1133 3003 104 50 nec
1193 3003 134 50 habet
1282 3003 89 50 se
1326 3003 89 50 ad
1371 3003 134 50 modum
1460 3003 193 50 composit:
1608 3003 134 50 quia,
1697 3003 134 50 sicut
1786 3003 134 50 infra
1861 3003 59 50 pa

1063 3039 140 63 tebit,
1161 3039 154 63 persona
1274 3039 140 63 diuina
1372 3039 98 63 est
1428 3039 126 63 aeque
1512 3039 168 63 simplex,
1638 3039 126 63 sicut
1709 3039 140 63 essentia
