2363 3546
413 261 281 57 indiuiduantia,
648 261 125 57 qbus
726 261 172 57 Sortes,
851 261 78 57 &
882 261 141 57 Plato
976 261 281 57 distinguuntur,
1195 261 94 57 quam

414 307 157 47 natura
524 307 220 47 specifica,
698 307 94 47 in
745 307 110 47 qua
808 307 205 47 vniuntur.
965 307 126 47 Quod
1044 307 142 47 autem
1139 307 157 47 dicunt
1233 307 63 47 in

424 344 233 49 similitudine
614 344 248 49 principaliter
818 344 160 49 attendi
934 344 248 49 differentiam,
1138 344 102 49 non
1182 344 116 49 dicunt

429 381 148 47 verum:
533 381 119 47 quia
607 381 252 47 principaliter
815 381 208 47 attenditur
978 381 252 47 conuenientia,
1171 381 119 47 diffe-

416 420 144 53 rentia
516 420 115 53 Vero
588 420 129 53 quasi
674 420 100 53 per
731 420 187 53 accidens,
875 420 115 53 quod
947 420 144 53 patet,
1047 420 115 53 quia
1119 420 86 53 in
1148 420 144 53 diffini-

415 473 137 44 tione
506 473 288 44 similititudinis
749 473 167 44 ponitur
870 473 228 44 differentia
1052 473 91 44 in
1098 473 182 44 obliquo,
1219 473 76 44 cum

421 505 178 47 dicitur,
554 505 251 47 differentium,
761 505 104 47 sed
821 505 237 47 conuenientia
1013 505 89 47 in
1057 505 148 47 recto,
1161 505 104 47 cum
1205 505 89 47 dici

414 544 124 58 tur
485 544 160 58 eadem
574 544 178 58 qualitas

519 627 527 74 ARTICVLVS
884 627 284 74 IsII.

537 699 150 81 vtrum
638 699 167 81 filius
754 699 100 81 in
805 699 184 81 diuinis
938 699 100 81 de
972 699 200 81 substantia

692 777 189 52 patris
805 777 227 52 generetur.

506 848 179 59 VANTVM
631 848 107 59 ad
685 848 197 59 quartum
828 848 250 59 principale
1025 848 232 59 dicendum,
1186 848 107 59 quod

427 896 113 44 cum
491 896 225 44 quaeritur,
668 896 145 44 vtrum
765 896 209 44 filiussit
925 896 96 44 de
973 896 225 44 substantia
1150 896 177 44 patris,

422 934 152 44 illud
523 934 202 44 problema
675 934 169 44 potest
793 934 169 44 habere
911 934 202 44 duplicem
1046 934 236 44 intellectum.

423 971 113 47 Vno
487 971 145 47 modo,
584 971 129 47 quod
664 971 97 47 ly
713 971 97 47 de
761 971 193 47 insinuet
906 971 290 47 circunstantiam
1131 971 161 47 originis

419 1010 249 50 substantialis,
627 1010 111 50 siue
696 1010 180 50 principij
834 1010 263 50 substantialiter
1055 1010 207 50 productiui.
1207 1010 83 50 Alic

432 1049 139 50 modo,
524 1049 124 50 quod
602 1049 201 50 infinuet,
757 1049 124 50 siue
834 1049 170 50 denotet
958 1049 279 50 circumstantiam
1175 1049 124 50 princi

428 1091 104 58 pij
488 1091 223 58 materialis,
666 1091 104 58 vel
726 1091 134 58 quasi
815 1091 238 58 materialiter
1009 1091 223 58 subiectiui.
1173 1091 119 58 Primum

419 1131 233 48 intellectum
606 1131 109 48 hic
668 1131 156 48 teneo,
777 1131 78 48 &
809 1131 171 48 secudum
933 1131 140 48 nego.
1026 1131 156 48 Primum
1135 1131 140 48 patet
1213 1131 78 48 sic

433 1173 95 44 1
471 1173 247 44 Vbicunque
661 1173 247 44 producens
851 1173 190 44 eandem
984 1173 209 44 naturam
1117 1173 171 44 numero.

426 1211 136 51 quam
511 1211 170 51 habet,
630 1211 238 51 communicat
817 1211 136 51 ipsi
903 1211 204 51 producto
1056 1211 119 51 per
1124 1211 153 51 modum
1209 1211 85 51 na-

433 1244 147 56 turae,
536 1244 103 56 ibi
595 1244 161 56 necesse
712 1244 103 56 est
771 1244 191 56 productum
918 1244 117 56 esse
991 1244 88 56 de
1035 1244 205 56 substantia
1182 1244 117 56 produ-

429 1294 164 45 centis:
548 1294 104 45 sed
608 1294 134 45 pater
697 1294 89 45 in
742 1294 164 45 diuinis
861 1294 208 45 communicat
1024 1294 149 45 eandem
1128 1294 119 45 ipsi
1188 1294 104 45 filio

432 1323 183 49 naturam
566 1323 183 49 numero,
699 1323 133 49 quam
782 1323 166 49 habet,
898 1323 133 49 ergo
982 1323 117 49 &c.
1048 1323 150 49 maior
1148 1323 150 49 patet
1231 1323 67 49 de

428 1362 103 50 se;
487 1362 133 50 minor
576 1362 133 50 autem
664 1362 133 50 patet
752 1362 88 50 ex
797 1362 192 50 catholica
944 1362 133 50 fide.
1032 1362 133 50 Etiam
1121 1362 88 50 P.
1165 1362 118 50 Aug.
1224 1362 59 50 in

434 1411 140 41 tendit
532 1411 112 41 hant
602 1411 224 41 conclusionem
784 1411 98 41 15.
840 1411 84 41 de
883 1411 112 41 tri.
953 1411 98 41 vbi
1009 1411 98 41 sic
1065 1411 112 41 ait:
1135 1411 112 41 quia
1191 1411 98 41 patei

437 1440 147 46 existit
544 1440 134 46 natura
637 1440 227 46 ineffabiliter
824 1440 174 46 simplici,
958 1440 107 46 quae
1025 1440 120 46 nihil
1105 1440 94 46 est
1159 1440 134 46 aliud,
1239 1440 40 46 i

436 1483 110 44 eius
505 1483 206 44 substantia,
670 1483 137 44 filius
766 1483 110 44 vero
835 1483 96 44 non
890 1483 110 44 nisi
958 1483 82 44 de
1000 1483 192 44 substantia
1151 1483 137 44 patris
1233 1483 55 44 es

438 1520 173 54 genitus.
567 1520 86 54 Et
611 1520 101 54 sub
668 1520 115 54 isto
740 1520 202 54 intellectu
899 1520 101 54 ait
956 1520 159 54 August.
1072 1520 144 54 contra
1158 1520 130 54 Maximi-

427 1556 105 50 num
487 1556 120 50 lib.
562 1556 90 50 2.
607 1556 135 50 Nullo
697 1556 120 50 modo
772 1556 135 50 verum
862 1556 105 50 Dei
923 1556 150 50 filium
1028 1556 210 50 cogitatis,
1193 1556 90 50 si
1223 1556 75 50 cum

432 1599 135 48 natum
522 1599 120 48 esse
597 1599 90 48 de
641 1599 209 48 substantia
806 1599 150 48 patris
896 1599 150 48 negatis.

457 1629 73 56 2
487 1629 191 56 Praeterea
633 1629 176 56 scientia
765 1629 147 56 pattis
868 1629 103 56 est
926 1629 205 56 substantia
1088 1629 117 56 sua,
1161 1629 103 56 sed
1205 1629 88 56 ver-

439 1676 105 52 bum
499 1676 166 52 diuinum
620 1676 181 52 nascitur
755 1676 90 52 de
800 1676 181 52 scientia
936 1676 166 52 patris,
1056 1676 120 52 ergo
1131 1676 90 52 de
1162 1676 135 52 substan

433 1713 101 55 tia
490 1713 159 55 patris;
606 1713 145 55 maior,
707 1713 72 55 &
736 1713 130 55 minor
823 1713 130 55 patet
910 1713 101 55 per
968 1713 116 55 Aug.
1040 1713 101 55 15.
1098 1713 87 55 de
1127 1713 159 55 trinitate

463 1752 163 53 Secundo
581 1752 133 53 dixi,
670 1752 89 53 si
715 1752 89 53 ly
759 1752 89 53 de
803 1752 177 53 insinuat
936 1752 266 53 circunstantiam
1158 1752 133 53 cause
1232 1752 59 53 ma

434 1790 170 51 terialis,
565 1790 91 51 vel
617 1790 118 51 quasi
695 1790 170 51 principij
826 1790 209 51 materialiter
996 1790 196 51 subiectiui,
1152 1790 91 51 sic
1192 1790 91 51 filiu

432 1834 102 50 non
491 1834 102 50 est
549 1834 87 50 de
592 1834 204 50 substantia
738 1834 116 50 patris

499 1869 127 44 Quia
578 1869 95 44 in
626 1869 127 44 actu
705 1869 285 44 simplicissimo,
943 1869 79 44 &
975 1869 159 44 omnino
1086 1869 127 44 puro
1165 1869 111 44 nec
1213 1869 79 44 po-

427 1922 115 38 test
499 1922 115 38 esse
571 1922 159 38 materia
686 1922 159 38 proprie
802 1922 144 38 dicta,
903 1922 101 38 nec
960 1922 159 38 aliquid
1076 1922 87 38 se
1119 1922 144 38 habens
1205 1922 87 38 qua-

434 1952 88 48 si
478 1952 205 48 principium
639 1952 205 48 materiale;
801 1952 103 48 sed
859 1952 117 48 Deus
932 1952 103 48 est
991 1952 132 48 actus
1064 1952 220 48 simplicissimu

434 1990 83 52 &
468 1990 166 52 omnino
583 1990 166 52 purus,
699 1990 99 52 vt
749 1990 149 52 patet
848 1990 116 52 per
915 1990 265 52 philosophos,
1130 1990 83 52 &
1147 1990 132 52 theolo

439 2034 121 56 gos,
515 2034 121 56 ergo
575 2034 76 56 &c.

442 2066 71 44 2
470 2066 200 44 Praeterea,
627 2066 171 44 essentia
755 2066 157 44 diuina,
870 2066 86 44 vt
912 2066 100 44 est
969 2066 86 44 in
1012 2066 143 44 patre,
1112 2066 100 44 est
1155 2066 128 44 formale

433 2116 194 45 principium
586 2116 222 45 productiuum,
766 2116 83 45 vt
807 2116 152 45 patebit
918 2116 125 45 dist.
1001 2116 83 45 7.
1043 2116 83 45 vt
1084 2116 97 45 est
1140 2116 83 45 in
1181 2116 139 45 filio,

430 2158 103 37 est
489 2158 176 37 formalis
621 2158 176 37 terminus
753 2158 249 37 productionis,
958 2158 117 37 siue
1031 2158 249 37 generationis,
1221 2158 59 37 vu

436 2186 161 44 patebat
553 2186 88 44 in
597 2186 73 44 3
626 2186 175 44 articulo
758 2186 146 44 illius
860 2186 234 44 quaestionis;
1050 2186 117 44 ergo
1123 2186 117 44 nec,
1196 2186 88 44 ut
1226 2186 58 44 es

418 2226 94 54 in
465 2226 156 54 patre,
575 2226 125 54 nec,
653 2226 94 54 vt
700 2226 94 54 in
747 2226 156 54 filio,
856 2226 172 54 poterit
981 2226 156 54 tenere
1090 2226 141 54 vicem
1169 2226 109 54 causa

411 2270 191 53 materialis

466 2312 114 40 Sed
531 2312 228 40 contrarium
710 2312 163 40 illius
824 2312 196 40 secundae
971 2312 261 40 conclusionis
1167 2312 114 40 ponun

451 2341 153 50 uidam
553 2341 204 50 doctores
705 2341 220 50 dicentes,
875 2341 136 50 quod
960 2341 136 50 omni
1028 2341 254 50 imperfectione

430 2383 206 55 postposita,
595 2383 96 55 cum
650 2383 137 55 filius
746 2383 151 55 dicitur
856 2383 82 55 de
897 2383 192 55 substantia
1048 2383 151 55 patris,
1158 2383 82 55 Iy
1199 2383 82 55 de
1226 2383 69 55 di-

436 2424 99 47 cit
492 2424 254 47 circunstantiam
704 2424 141 47 causae
803 2424 212 47 materialis,
972 2424 99 47 uel
1028 2424 127 47 quasi
1099 2424 183 47 materialis.

435 2460 92 47 1
471 2460 147 47 Quia
564 2460 184 47 illud,
692 2460 147 47 quod
785 2460 221 47 secundum
950 2460 203 47 nostrum
1098 2460 166 47 modum
1190 2460 92 47 in-

426 2501 210 45 telligendi
591 2501 225 45 praeexistit
771 2501 135 45 filio
861 2501 225 45 producendo,
1040 2501 75 45 &
1070 2501 195 45 inexistit
1205 2501 75 45 iam

428 2539 195 54 producto,
578 2539 135 54 habet
667 2539 224 54 conditionem
847 2539 180 54 materiae
982 2539 90 54 in
1027 2539 135 54 filij
1101 2539 180 54 productio.

419 2590 111 39 ne,
482 2590 127 39 quae
562 2590 142 39 tamen
656 2590 190 39 conditio
799 2590 95 39 ad
846 2590 158 39 nullam
957 2590 174 39 penitus
1068 2590 221 39 imperfectio-

433 2615 103 59 nem
492 2615 162 59 videtur
610 2615 221 59 pertinere,;
787 2615 103 59 sed
846 2615 207 59 substantia
1009 2615 103 59 Dei
1068 2615 148 59 patris
1171 2615 103 59 est
1215 2615 74 59 hu-

418 2657 191 52 iusmodi,
561 2657 127 52 ergo
625 2657 79 52 &c.

435 2695 85 47 2
469 2695 239 47 Praeterea,
657 2695 273 47 quandocunque
879 2695 188 47 aliquid
1016 2695 273 47 constituitur
1221 2695 68 47 ex

434 2733 204 48 pluribus,
591 2733 125 48 tunc
669 2733 125 48 vnum
748 2733 172 48 videtur
873 2733 157 48 habere
982 2733 235 48 conditionem
1155 2733 125 48 forme.

425 2775 77 49 &
455 2775 169 49 alterum
578 2775 231 49 conditionem
763 2775 200 49 materiae:
917 2775 108 49 sed
978 2775 154 49 filius
1071 2775 215 49 constituitur

427 2811 90 48 ex
472 2811 211 48 relatione,
638 2811 75 48 &
668 2811 196 48 essentia;
819 2811 75 48 &
849 2811 166 48 relatio
970 2811 90 48 in
1015 2811 106 48 hoc
1075 2811 136 48 magis
1150 2811 136 48 videtur

436 2855 145 48 habere
538 2855 174 48 rationem
669 2855 160 48 formae:
785 2855 116 48 quia
858 2855 116 48 ipsa
930 2855 174 48 fundatur
1061 2855 87 48 in
1105 2855 189 48 essentia,
1235 2855 44 48 &

422 2890 106 56 per
483 2890 137 56 ipsam
574 2890 213 56 suppositum
741 2890 228 56 constitutum
923 2890 243 56 distinguitur
1121 2890 91 56 ab
1166 2890 152 56 aliis,

434 2939 128 44 actus
519 2939 128 44 autem
605 2939 114 44 est,
676 2939 100 44 qui
733 2939 214 44 distinguit,
904 2939 114 44 ergo
975 2939 157 44 videtur
1089 2939 171 44 essentia
1203 2939 86 44 habe

427 2968 98 54 re
476 2968 245 54 conditionem
655 2968 180 54 materiae.

444 2996 74 61 3
474 2996 208 61 Praeterea,
637 2996 134 61 sicut
727 2996 178 61 superius
861 2996 164 61 argutum
980 2996 134 61 fuit,
1069 2996 119 61 omni
1128 2996 149 61 potentia

425 3050 165 52 actiuae
545 3050 90 52 in
590 3050 210 52 producente
755 3050 240 52 correspondet
950 3050 180 52 potentia
1085 3050 165 52 passiua
1205 3050 90 52 in
1235 3050 45 52 1

429 3089 141 60 ducto,
528 3089 99 60 sed
584 3089 85 60 in
627 3089 127 60 patre
712 3089 99 60 est
768 3089 170 60 potentia
895 3089 156 60 actiua,
1009 3089 113 60 ergo
1079 3089 85 60 in
1122 3089 127 60 filio
1192 3089 57 60 &c

1336 257 72 57 4
1364 257 201 57 Praeterea,
1522 257 86 57 si
1565 257 86 57 in
1609 257 215 57 generatione
1781 257 129 57 filij
1867 257 129 57 nihil
1953 257 144 57 esset,
2054 257 115 57 quod
2111 257 72 57 cot

1323 299 188 56 ditionem
1464 299 188 56 materiae
1606 299 188 56 haberet,
1747 299 125 56 tunc
1825 299 157 56 filius
1935 299 251 56 produceretur
2123 299 63 56 ex

1320 342 168 50 nihilo,
1442 342 76 50 &
1472 342 107 50 per
1533 342 214 50 consequens
1701 342 137 50 esset
1793 342 183 50 creatus,
1930 342 137 50 cuius
2006 342 183 50 contrarium

1329 377 133 56 ponit
1418 377 133 56 fides
1507 377 192 56 catholica
1655 377 89 56 in
1699 377 163 56 simbolo
1817 377 192 56 Athanasii
1965 377 163 56 dicens,
2069 377 118 56 Filius

1316 417 146 55 autem
1413 417 81 55 a
1446 417 130 55 solo
1527 417 146 55 patre
1624 417 130 55 est,
1705 417 114 55 non
1770 417 178 55 factus,
1900 417 114 55 nec
1965 417 195 55 creatus,
2111 417 114 55 sed

1299 463 173 55 genitus.

1365 496 110 52 Sed
1428 496 141 52 illud
1522 496 110 52 non
1569 496 173 52 intelligo

1341 531 78 54 1
1373 531 125 54 Quia
1451 531 141 54 nulla
1545 531 188 54 conditio
1685 531 141 54 purae
1779 531 188 54 passiuae
1920 531 203 54 potentiae
2061 531 125 54 potest

1316 573 183 55 attribui
1453 573 137 55 actui
1544 573 122 55 puro
1620 573 91 55 in
1666 573 107 55 quo
1727 573 137 55 nihil
1818 573 91 55 de
1864 573 183 55 potentia
2001 573 168 55 passiua
2108 573 76 55 po-

1322 613 112 55 test
1392 613 182 55 reperiri;
1532 613 98 55 sed
1588 613 154 55 materia
1700 613 98 55 est
1756 613 112 55 pura
1827 613 182 55 potentia,
1967 613 168 55 essentia
2079 613 112 55 diuina

1331 658 133 52 purus
1420 658 148 52 actus,
1524 658 118 52 ergo
1583 658 74 52 &c.

1338 687 76 53 2
1368 687 214 53 Praeterea,
1536 687 153 53 illud,
1643 687 122 53 quod
1719 687 107 53 dat
1780 687 198 53 supposito
1933 687 153 53 genito
2039 687 122 53 esse
2100 687 92 53 sim-

1341 740 184 44 liciter,
1479 740 107 44 non
1540 740 138 44 habet
1632 740 230 44 conditionem
1815 740 184 44 materiae
1953 740 92 44 in
1999 740 107 44 sua
2045 740 138 44 genera-

1321 771 138 53 tione:
1418 771 97 53 sed
1473 771 166 53 essentia
1598 771 138 53 diuina
1694 771 97 53 dat
1750 771 124 53 filio
1833 771 111 53 esse
1902 771 221 53 simpliciter,
2081 771 111 53 puta
2137 771 55 53 es

1328 807 91 55 se
1373 807 182 55 diuinum,
1510 807 121 55 ergo
1585 807 106 55 &c.
1646 807 136 55 Maior
1737 807 151 55 patet:
1843 807 121 55 quia
1918 807 106 55 id,
1979 807 121 55 quod
2055 807 106 55 dat
2100 807 91 55 esse

1321 856 224 46 fimpliciter,
1503 856 98 46 est
1559 856 126 46 actus
1629 856 224 46 substantialis.

1364 895 106 50 Ad
1417 895 177 50 primum
1541 895 141 50 ergo
1630 895 194 50 motiuum
1771 895 159 50 horum
1877 895 230 50 dicendum,
2054 895 141 50 quod
2125 895 88 50 ma-

1330 937 92 47 ior
1383 937 92 47 est
1435 937 119 47 vera,
1515 937 79 47 si
1554 937 211 47 praeexistit,
1726 937 79 47 vt
1766 937 145 47 aliquid
1871 937 158 47 existens
1990 937 79 47 in
2030 937 158 47 potentia
2135 937 53 47 ad

1327 968 123 54 esse:
1409 968 96 54 sed
1464 968 96 54 sic
1519 968 96 54 non
1573 968 273 54 praeintelligitur
1805 968 164 54 essentia
1928 968 150 54 diuina:
2038 968 109 54 quia
2092 968 96 54 etiam

1330 1003 86 56 vt
1373 1003 86 56 in
1416 1003 129 56 patre
1502 1003 115 56 est,
1573 1003 129 56 aeque
1659 1003 100 56 est
1717 1003 115 56 actu
1789 1003 100 56 ens
1846 1003 100 56 cum
1903 1003 129 56 eodem
1989 1003 158 56 actuali
2090 1003 100 56 esse,

1334 1053 121 48 sicut
1414 1053 121 48 facta
1494 1053 201 48 generatione
1655 1053 147 48 existit
1763 1053 80 48 in
1803 1053 134 48 filio.

1360 1076 103 60 Ad
1411 1076 206 60 secundum
1566 1076 223 60 dicendum,
1737 1076 137 60 quod
1823 1076 154 60 maior
1926 1076 154 60 solum
2029 1076 154 60 habet
2114 1076 69 60 vo

1328 1134 165 42 ritatem
1448 1134 90 42 in
1493 1134 180 42 talibus,
1628 1134 105 42 vbi
1688 1134 225 42 constitutum
1868 1134 105 42 est
1928 1134 210 42 compositus
2078 1134 105 42 prin-

1326 1163 147 54 cipiis
1429 1163 293 54 constituentibus,
1678 1163 103 54 seu
1737 1163 264 54 constitutiuis,
1957 1163 73 54 &
1986 1163 103 54 vbi
2045 1163 117 54 vnum
2104 1163 73 54 con

1318 1202 202 58 stitutum
1470 1202 118 58 non
1537 1202 185 58 transit
1672 1202 101 58 in
1723 1202 185 58 alterum
1858 1202 202 58 secundum
2010 1202 152 58 totam
2094 1202 101 58 suam

1329 1248 228 52 realitatem,
1511 1248 106 52 sed
1572 1248 213 52 suppositum
1739 1248 167 52 diuinum
1861 1248 106 52 est
1921 1248 137 52 aeque
2013 1248 167 52 simplex
2119 1248 76 52 si-

1330 1281 111 50 cut
1393 1281 205 50 essentia,
1551 1281 79 50 &
1583 1281 174 50 relatio
1709 1281 190 50 secundum
1851 1281 142 50 totam
1946 1281 126 50 suam
2009 1281 174 50 entitatem

1322 1319 165 50 transit
1442 1319 90 50 in
1487 1319 211 50 essentiam,
1653 1319 120 50 ergo
1728 1319 135 50 nihil
1818 1319 135 50 valet
1908 1319 105 50 hoc
1969 1319 211 50 argumentum
2119 1319 60 50 in

1342 1364 189 50 roposito,
1487 1364 102 50 cum
1545 1364 174 50 dicitur,
1675 1364 116 50 quod
1748 1364 160 50 relatio
1864 1364 131 50 magit
1951 1364 131 50 habet
2023 1364 174 50 relationem

1323 1404 157 48 formae,
1437 1404 114 48 quam
1508 1404 185 48 essentia,
1651 1404 128 48 nego:
1736 1404 114 48 quia
1807 1404 171 48 essentia
1936 1404 100 48 est
1993 1404 128 48 actus
2064 1404 128 48 infini-

1326 1437 114 55 tus,
1397 1437 114 55 siue
1469 1437 129 55 forma
1555 1437 186 55 infinita,
1698 1437 129 55 nihil
1783 1437 129 55 autem
1869 1437 143 55 potest
1969 1437 172 55 excedere
2084 1437 100 55 infi-

1321 1478 159 52 nitum,
1432 1478 80 52 &
1464 1478 95 52 tu
1512 1478 175 52 probas:
1639 1478 127 52 quia
1719 1478 175 52 relatio
1846 1478 191 52 fundatur
1989 1478 95 52 in
2021 1478 159 52 essentia

1323 1519 148 50 dico,
1421 1519 132 50 quod
1504 1519 115 50 non
1570 1519 198 50 fundatur
1718 1519 99 50 in
1768 1519 198 50 essentia
1916 1519 115 50 per
1982 1519 148 50 modum
2065 1519 115 50 perfi

1322 1558 175 50 cientis
1449 1558 222 50 essentiam:
1624 1558 127 50 quia
1703 1558 175 50 propter
1831 1558 207 50 infinitam
1989 1558 222 50 entitatem,
2148 1558 48 50 &

1317 1596 243 50 actualitatem
1514 1596 182 50 essentia
1651 1596 106 50 non
1712 1596 289 50 condistinguitur
1955 1596 213 50 essentiae,
2107 1596 76 50 si-

1319 1634 95 51 cut
1374 1634 122 51 actus
1455 1634 189 51 potentiae,
1603 1634 95 51 vel
1657 1634 176 51 perfectio
1792 1634 230 51 perfectibili,
1981 1634 95 51 sed
2035 1634 149 51 transit
2130 1634 54 51 in

1327 1679 196 50 essentiam.
1481 1679 84 50 Et
1523 1679 98 50 cum
1579 1679 140 50 dicis,
1677 1679 112 50 quod
1747 1679 154 50 relatio
1860 1679 210 50 distinguit;
2028 1679 126 50 dico,
2098 1679 84 50 quod

1317 1713 210 46 distinctio
1482 1713 180 46 relatiua
1618 1713 105 46 non
1678 1713 150 46 arguit
1783 1713 256 46 actualitatem,
1994 1713 75 46 &
2009 1713 180 46 perfectio-

1322 1759 107 45 nem
1383 1759 91 45 in
1428 1759 198 45 principio
1565 1759 198 45 distinctiuo

1335 1783 94 61 Ad
1382 1783 173 61 tertium
1508 1783 204 61 dicendum,
1665 1783 125 61 quod
1743 1783 204 61 potentiae
1900 1783 173 61 actiuae
2010 1783 188 61 correspon-

1318 1833 101 51 det
1375 1833 174 51 potentia
1506 1833 159 51 passiua
1621 1833 72 51 &
1650 1833 188 51 econuerso
1795 1833 87 51 in
1839 1833 130 51 istis
1925 1833 232 51 naturalibus,
2099 1833 87 51 quae

1312 1876 133 44 sunt
1396 1876 100 44 de
1445 1876 233 44 actiuorum,
1628 1876 83 44 &
1662 1876 233 44 passiuorum
1828 1876 133 44 genere

1326 1918 102 46 Ad
1377 1918 187 46 quartum
1513 1918 221 46 dicendum,
1683 1918 136 46 quod
1768 1918 187 46 quamuis
1903 1918 187 46 aliquid
2039 1918 119 46 non
2090 1918 102 46 fiat

1329 1950 233 49 materialiter
1519 1950 87 49 de
1562 1950 160 49 aliquo,
1679 1950 102 49 non
1737 1950 131 49 tamen
1824 1950 175 49 creatur,
1955 1950 116 49 nisi
2028 1950 102 49 sic
2086 1950 87 49 se
2115 1950 73 49 ha-

1326 2000 125 43 beat,
1410 2000 111 43 quod
1479 2000 111 43 suum
1549 2000 97 43 non
1604 2000 111 43 esse
1674 2000 181 43 praecedat
1813 2000 111 43 suum
1882 2000 111 43 esse
1952 2000 153 43 natura,
2063 2000 97 43 vel
2105 2000 83 43 tepo

1327 2030 100 48 re,
1384 2030 71 48 &
1412 2030 100 48 que
1470 2030 129 48 ipsum
1555 2030 200 48 producatur
1712 2030 86 48 in
1755 2030 143 48 aliena
1855 2030 143 48 natura
1955 2030 171 48 realiter
2070 2030 114 48 diffe-

1326 2077 134 42 rente
1415 2077 74 42 a
1445 2077 149 42 natura
1549 2077 238 42 producentis,
1742 2077 104 42 sed
1802 2077 149 42 filius
1906 2077 89 42 in
1950 2077 163 42 diuinis
2054 2077 134 42 numquam

1323 2109 147 58 habuit
1426 2109 103 58 non
1485 2109 132 58 eise,
1573 2109 103 58 cum
1631 2109 103 58 sit
1690 2109 205 58 coaeternus
1852 2109 147 58 patri,
1954 2109 73 58 &
1984 2109 191 58 productus
2116 2109 73 58 est

1315 2151 101 53 in
1366 2151 151 53 eadem
1466 2151 168 53 natura
1583 2151 117 53 cum
1634 2151 117 53 patre

1351 2187 98 51 Ad
1400 2187 229 51 argumentum
1580 2187 229 51 principale
1760 2187 147 51 patet
1858 2187 115 51 per
1924 2187 115 51 iam
1989 2187 164 51 dicta:
2088 2187 98 51 quia

1319 2229 98 51 de
1368 2229 114 51 non
1433 2229 163 51 semper
1547 2229 196 51 insinuat
1694 2229 163 51 causam
1808 2229 245 51 materialem,
2004 2229 114 51 sed
2053 2229 130 51 potesi

1316 2275 171 52 notare
1436 2275 154 52 etiam
1538 2275 154 52 actum
1641 2275 171 52 purum,
1760 2275 137 52 ergo
1829 2275 68 52 &c

1469 2383 524 83 DISTINCTIO
1843 2383 187 83 Vt.

1310 2507 213 50 Absolita,
1473 2507 82 50 &
1506 2507 246 50 artificiosa
1703 2507 180 50 diuisio
1834 2507 147 50 huius
1916 2507 262 50 distinctionis.

1352 2549 94 73 m
1390 2549 132 73 qua
1465 2549 189 73 quidem
1597 2549 226 73 Magister
1767 2549 170 73 modum
1880 2549 207 73 diuinae
2012 2549 132 73 gene-

1515 2602 195 66 rationis
1661 2602 179 66 nititur
1775 2602 211 66 patesacere.

1641 2694 301 51 RAETEREA
1866 2694 225 51 SOLET
2017 2694 175 51 QVA
2092 2694 100 51 n-

1660 2737 103 55 R1
1711 2737 120 55 &c.
1780 2737 206 55 Postquam
1934 2737 206 55 magister
2071 2737 120 55 deter

1654 2784 195 47 minauit
1796 2784 107 47 de
1850 2784 178 47 diuina
1956 2784 231 47 generatione

1676 2823 179 50 quantum
1806 2823 98 50 ad
1855 2823 244 50 generantem,
2050 2823 81 50 &
2066 2823 114 50 geni-

1672 2857 129 46 tum:
1752 2857 112 46 hic
1817 2857 225 46 determinat
1993 2857 96 46 de
2041 2857 96 46 ea
2074 2857 112 46 quan-

1669 2899 107 44 tum
1730 2899 92 44 ad
1776 2899 245 44 generationis
1975 2899 153 44 modum.
2082 2899 92 44 Et
2112 2899 77 44 di-

1668 2941 152 42 uiditur
1779 2941 69 42 i
1806 2941 110 42 tres
1875 2941 152 42 partes.
1986 2941 110 42 quia
2055 2941 124 42 primo
2124 2941 55 42 mo

1668 2977 104 45 uet
1728 2977 134 45 circa
1817 2977 134 45 modum
1907 2977 164 45 diuinae
2011 2977 164 45 generatio

1319 3011 102 52 nis
1377 3011 116 52 vnam
1449 3011 203 52 quoioinem,
1609 3011 160 52 Secundo
1725 3011 131 52 ponit
1812 3011 160 52 debitam
1928 3011 189 52 rnsionem,
2058 3011 116 52 Tertio

1326 3051 198 48 praedictae
1481 3051 155 48 rnsioni
1594 3051 170 48 adiungit
1722 3051 254 48 explanationem,
1934 3051 155 48 Secunda
2047 3051 113 48 ibi,
2103 3051 71 48 Nei

1326 3090 217 54 voluntate,
1496 3090 108 54 nec
1558 3090 248 54 necessitate.
1759 3090 155 54 Tertio
1867 3090 124 54 ibi,
1944 3090 201 54 Praedicta
2084 3090 108 54 tamen
