2385 3535
207 259 152 71 cerba.
313 259 167 71 Secunda
434 259 167 71 istarum
556 259 167 71 partium
677 259 197 71 diuiditur
829 259 91 71 in
875 259 121 71 tres
935 259 137 71 partes:

201 322 102 43 Ea
252 322 153 43 primo
354 322 204 43 magister
508 322 222 43 respondet
678 322 102 43 ad
729 322 136 43 rem,
814 322 85 43 &
848 322 204 43 secundum
985 322 85 43 ve-

182 359 97 44 m
220 359 213 44 Secundo
375 359 135 44 dat
452 359 251 44 istantiam
646 359 116 44 ad
704 359 232 44 hominem,
878 359 116 44 Et
916 359 155 44 tertio

203 407 156 43 opicit
313 407 156 43 contra
422 407 219 43 praedictam
594 407 266 43 responsionem.
813 407 172 43 Secunda
938 407 125 43 ibi,
1000 407 63 43 Di

198 441 149 48 tcamus
303 441 149 48 igitur
407 441 164 48 verbum.
527 441 149 48 Tertia
632 441 120 48 ibi,
706 441 105 48 Sed
766 441 149 48 contra
871 441 120 48 haec
930 441 135 48 opponi-

211 478 124 42 tur;
288 478 93 42 Et
334 478 124 42 haec
412 478 93 42 in
458 478 139 42 duas:
551 478 124 42 quia
628 478 139 42 primo
721 478 139 42 ponit
814 478 201 42 huiusmodi
953 478 108 42 obie-

205 517 187 44 ctionem,
346 517 171 44 Secundo
470 517 187 44 annectit
610 517 125 44 eius
688 517 233 44 solutionem.
875 517 171 44 Secunda
984 517 93 44 ibi,

213 555 118 49 Haec
287 555 132 49 autem
375 555 147 49 facile
478 555 103 49 est
537 555 191 49 refellere
684 555 103 49 &c.
743 555 118 49 Quia
817 555 177 49 magister
949 555 88 49 in
979 555 88 49 ista

207 596 158 52 distin.
321 596 143 52 dicit,
422 596 115 52 quod
493 596 115 52 Deus
565 596 100 52 non
622 596 129 52 omnia
709 596 115 52 vult
780 596 100 52 sua
838 596 201 52 voluntate,
981 596 86 52 quae

203 634 111 54 scit
273 634 97 54 sua
328 634 181 54 scientia;
467 634 139 54 gratia
565 634 139 54 istius
648 634 125 54 quaero.

489 711 325 60 Quastio
696 711 89 60 I

214 796 102 69 An
265 796 220 69 scientia,
434 796 85 69 &
468 796 220 69 voluntas,
638 796 102 69 ac
688 796 186 69 ceterae
807 796 237 69 perfectiones

346 843 99 68 in
396 843 116 68 Deo
462 843 215 68 differant
627 843 149 68 inter
726 843 99 68 se
759 843 198 68 formaliter

521 912 101 51 ex
572 912 169 51 natura
673 912 101 51 rei.

202 1383 150 54 VTRVM
302 1383 217 54 scientia,
469 1383 83 54 &
503 1383 217 54 voluntas,
670 1383 100 54 ac
720 1383 184 54 ceterae
836 1383 234 54 perfectiones

233 1420 74 51 V
263 1420 119 51 quae
337 1420 208 51 formaliter
501 1420 89 51 in
545 1420 104 51 Deo
605 1420 178 51 dicuntur
738 1420 134 51 esse,
827 1420 193 51 differant
961 1420 104 51 inter

198 1461 89 48 se
243 1461 207 48 formaliter
405 1461 89 48 ex
449 1461 148 48 natura
553 1461 118 48 rei.
627 1461 89 48 Et
671 1461 163 48 videtur
789 1461 118 48 quod
863 1461 118 48 sic:
937 1461 118 48 quia
996 1461 74 48 ex-

196 1499 136 38 trema
287 1499 288 38 contradictionis
529 1499 136 38 simul
620 1499 212 38 verificari
786 1499 106 38 non
847 1499 167 38 possunt
968 1499 91 38 de
998 1499 76 38 vno

197 1537 78 46 &
229 1537 140 46 eodem
322 1537 171 46 penitus
446 1537 233 46 indistincto
633 1537 202 46 realiter,
788 1537 109 46 vel
850 1537 155 46 saltem
944 1537 124 46 forma-

195 1573 130 47 liter
281 1573 87 47 ex
325 1573 145 47 natura
426 1573 116 47 rei;
498 1573 101 47 sed
556 1573 159 47 exrrema
672 1573 275 47 contradictionis
889 1573 173 47 verifican-

202 1618 101 48 tur
259 1618 87 48 de
303 1618 130 48 istis
389 1618 260 48 perfectionibus
605 1618 202 48 formaliter
764 1618 87 48 in
807 1618 101 48 Deo
851 1618 216 48 existentibus;

207 1654 120 46 quia
282 1654 135 46 sicut
371 1654 105 46 ait
431 1654 179 46 magister
566 1654 209 46 inlittera,
730 1654 120 46 Deus
805 1654 105 46 sua
865 1654 179 46 scientia
984 1654 90 46 scit

196 1700 180 45 mala,
316 1700 100 45 &
356 1700 180 45 tamen
475 1700 140 45 sua
555 1700 259 45 voluntate
755 1700 140 45 non
835 1700 160 45 uult
934 1700 180 45 mala.

233 1738 160 42 Contra,
350 1738 87 42 in
393 1738 102 42 re,
452 1738 116 42 quae
524 1738 145 42 omnino
626 1738 160 42 simplex
742 1738 116 42 est,
815 1738 131 42 nulla
888 1738 174 42 distinctio

198 1774 93 42 ex
244 1774 155 42 natura
352 1774 108 42 rei
414 1774 124 42 esse
492 1774 170 42 potest,
615 1774 108 42 sed
677 1774 124 42 Deus
755 1774 108 42 est
816 1774 108 42 res
878 1774 155 42 omnino
971 1774 93 42 sim-

207 1814 125 51 plex,
291 1814 84 51 vt
332 1814 153 51 patebit
444 1814 125 51 infra
528 1814 84 51 in
569 1814 125 51 dist.
653 1814 84 51 8.
695 1814 111 51 ergo
764 1814 98 51 &c.
820 1814 98 51 Hic
876 1814 167 51 quattuor
987 1814 84 51 sunt

206 1853 184 47 uidenda.
344 1853 107 47 Cum
405 1853 123 47 enim
482 1853 199 47 scientia,
635 1853 77 47 &
665 1853 199 47 voluntas,
819 1853 92 47 ac
865 1853 169 47 ceterae
972 1853 92 47 con-

205 1893 166 47 similes
326 1893 241 47 perfectiones
522 1893 241 47 simpliciter,
718 1893 121 47 quae
793 1893 211 47 formaliter
959 1893 91 47 in
990 1893 75 47 Dec

214 1938 196 40 ponuntur
361 1938 196 40 communi,
508 1938 82 40 &
541 1938 180 40 vsitato
672 1938 164 40 nomine
787 1938 213 40 attributa
934 1938 131 40 dican-

210 1973 121 46 tur;
286 1973 121 46 ideo
361 1973 136 46 primo
452 1973 182 46 videndum
589 1973 121 46 est,
665 1973 121 46 quid
740 1973 106 46 sit
801 1973 227 46 attributum,
968 1973 106 46 Secun

200 2009 92 47 do
246 2009 184 47 videndum
383 2009 107 47 est
445 2009 92 47 de
490 2009 107 47 eo,
552 2009 122 47 quod
628 2009 184 47 quaestio
766 2009 168 47 querit.
888 2009 168 47 Tertio,
995 2009 77 47 da-

204 2047 108 46 to,
265 2047 124 46 quod
343 2047 108 46 non
404 2047 124 46 sint
482 2047 93 46 in
528 2047 108 46 Deo
590 2047 201 46 attributa
744 2047 201 46 distincta
884 2047 185 46 formaliter

199 2088 95 48 ex
247 2088 158 48 natura
357 2088 127 48 rei,
436 2088 142 48 vtrum
531 2088 206 48 distingui
689 2088 174 48 possint
816 2088 111 48 per
863 2088 206 48 intellectum

196 2127 260 44 coneipientem
407 2127 179 44 diuinam
537 2127 211 44 essentiam
699 2127 195 44 secundum
846 2127 114 44 se,
911 2127 130 44 sine
976 2127 97 44 omni

205 2163 273 48 comparatione.
430 2163 96 48 Et
478 2163 177 48 quarto,
607 2163 145 48 dato,
703 2163 129 48 quod
784 2163 129 48 non,
864 2163 145 48 vtrum
944 2163 129 48 talium

191 2208 271 35 attributorum
412 2208 237 35 distinctio
598 2208 204 35 secundum
751 2208 204 35 rationem
903 2208 119 35 per
954 2208 119 35 quem-

201 2245 152 44 cumque
307 2245 243 44 intellectum,
505 2245 122 44 siue
581 2245 183 44 creatum,
718 2245 122 44 siue
794 2245 213 44 increatum,
946 2245 122 44 neces-

200 2280 146 52 sario
297 2280 178 52 sumatur
427 2280 113 52 per
492 2280 276 52 comparationem
718 2280 146 52 eorum
816 2280 97 52 ad
864 2280 211 52 creaturas
1010 2280 65 52 in

203 2314 155 68 quibus
311 2314 186 68 realiter
435 2314 248 68 distinguuntur.

369 2371 612 85 RESOLVTIO.

217 2477 94 50 cum
270 2477 189 50 attributum
419 2477 94 50 sit
473 2477 175 50 perfectio
608 2477 175 50 sumplicit
743 2477 81 50 ex
783 2477 162 50 communis
905 2477 175 50 creatori,
1026 2477 54 50 &m

240 2521 171 48 rreaurae
368 2521 171 48 secundum
496 2521 157 48 quandam
610 2521 185 48 analogiam
753 2521 86 48 ex
796 2521 128 48 innot
881 2521 171 48 escentia
995 2521 86 48 cvea

253 2562 141 51 turarum
356 2562 193 51 inueftigata
510 2562 77 51 in
549 2562 167 51 creatore,
677 2562 167 51 persbicue
805 2562 193 51 colligitur,
947 2562 141 51 perfectio

251 2598 87 40 nes
300 2598 150 40 attribut
413 2598 100 40 ales
475 2598 112 40 nullo
550 2598 112 40 pacto
625 2598 112 40 posse
700 2598 100 40 farm
763 2598 125 40 aliter
850 2598 162 40 dictingui
975 2598 75 40 in
1000 2598 75 40 ipsa

259 2635 96 42 Deo
314 2635 83 42 ex
356 2635 124 42 naura
438 2635 96 42 vei
493 2635 165 42 intrinse
617 2635 165 42 vespectu
741 2635 206 42 cuiuscumque
892 2635 193 42 intellectus:

258 2673 119 46 litet
337 2673 79 46 in
377 2673 132 46 ordine
470 2673 79 46 ad
509 2673 185 46 creaturas,
655 2673 66 46 &
682 2673 199 46 extrinsece,
841 2673 172 46 nonnullam
960 2673 119 46 distin-

258 2712 143 61 ctionem
362 2712 104 61 poni
427 2712 117 61 inter
504 2712 104 61 tas,
569 2712 143 61 necesse
660 2712 65 61 sit

466 2795 136 66 Quid
551 2795 119 66 sit
602 2795 222 66 attributum.

328 2877 540 89 ARTICVLV
688 2877 135 89 S

242 2978 205 69 SVANTVM
392 2978 112 69 ad
448 2978 187 69 primum
578 2978 149 69 quid
672 2978 112 69 si
727 2978 280 69 attributum,
951 2978 168 69 Dico,

272 3023 79 55 q
304 3023 221 55 attributum
477 3023 142 55 nihil
571 3023 142 55 aliud
666 3023 126 55 esse
745 3023 189 55 videtur,
887 3023 126 55 nisi
950 3023 110 55 perfo

219 3068 108 44 cho
280 3068 232 44 simpliciter
466 3068 170 44 comunis
589 3068 201 44 creatori,
743 3068 77 44 &
774 3068 216 44 creaturae,
929 3068 154 44 secundum

210 3117 184 48 quandam
344 3117 217 48 analogiam
511 3117 100 48 ex
561 3117 284 48 innotescentia
795 3117 251 48 creaturarum
979 3117 100 48 inuc

1100 268 152 59 stigata
1211 268 83 59 in
1252 268 179 59 creatore.
1390 268 97 59 Per
1445 268 110 59 hoc,
1514 268 110 59 quod
1583 268 152 59 dicitur
1694 268 193 59 perfectio,
1832 268 138 59 attribu-

1099 319 111 46 tum
1163 319 254 46 distinguitur
1369 319 79 46 a
1401 319 207 46 supposito
1560 319 159 46 diuino
1671 319 127 46 quod
1751 319 111 46 non
1814 319 159 46 potest
1909 319 64 46 ha

1108 365 115 44 pere
1180 365 173 44 rationem
1310 365 231 44 perfectionis
1497 365 173 44 respectu
1627 365 159 44 diuinae
1742 365 202 44 essentiae.
1886 365 87 44 Per.

1101 398 103 47 hoc,
1166 398 103 47 quod
1230 398 142 47 dicitur
1333 398 167 47 perfectio
1462 398 206 47 simpliciter,
1629 398 142 47 differt
1732 398 77 47 ab
1771 398 129 47 illis,
1861 398 103 47 quae
1912 398 52 47 in

1098 442 200 50 creaturis
1251 442 108 50 non
1313 442 154 50 dicunt
1420 442 246 50 perfectionem
1620 442 215 50 vbicumque,
1789 442 138 50 sicut
1866 442 92 50 esse

1109 478 173 46 tudibile
1238 478 101 46 est
1296 478 86 46 in
1339 478 130 46 asino
1425 478 245 46 perfectionis,
1627 478 86 46 in
1670 478 144 46 homine
1771 478 130 46 tamen
1857 478 86 46 si
1886 478 72 46 po-

1096 515 178 52 neretur
1225 515 178 52 diceret
1355 515 308 52 imperfectionem.
1614 515 113 52 Per
1679 515 113 52 hoc
1743 515 130 52 quod
1808 515 162 52 dicitur.

1101 559 175 39 communis
1233 559 189 39 creatori,
1378 559 73 39 &
1407 559 204 39 creaturae,
1568 559 160 39 differt
1684 559 87 39 ab
1728 559 117 39 his,
1801 559 117 39 quae
1859 559 102 39 crea-

1099 594 134 46 turae
1188 594 193 46 conuenire
1337 594 104 46 non
1397 594 179 46 possunt,
1531 594 134 46 sicut
1620 594 164 46 deitas,
1739 594 223 46 immensitas,
1902 594 60 46 om

1098 633 239 46 nipotentia,
1289 633 80 46 &
1321 633 159 46 cetera
1433 633 223 46 consimilia
1608 633 112 46 Per
1672 633 128 46 hoc,
1752 633 128 46 quod
1816 633 143 46 dicitur

1105 674 195 37 secundum
1251 674 179 37 quandam
1381 674 228 37 analogiam,
1560 674 114 37 &c.
1625 674 179 37 differt
1755 674 98 37 ab
1804 674 130 37 his,
1869 674 98 37 quae

1095 708 143 56 fide
1185 708 215 56 credimus
1345 708 125 56 Deo
1417 708 250 56 conuenire,
1614 708 89 56 &
1649 708 179 56 maxime
1774 708 197 56 quantum
1900 708 72 56 ad

1097 759 104 46 ea,
1157 759 119 46 quae
1231 759 89 46 ex
1276 759 134 46 merae
1365 759 164 46 diuinae
1484 759 209 46 libertatis
1648 759 179 46 arbitrio
1767 759 194 46 dignoscimus

1099 793 204 51 dependere,
1260 793 131 51 sicut
1347 793 102 51 est
1405 793 117 51 esse
1478 793 219 51 incarnatum,
1653 793 87 51 de
1697 793 160 51 virgine
1813 793 146 51 natum,
1915 793 73 51 &

1105 830 233 54 consimilia,
1292 830 140 54 talia
1385 830 155 54 namque
1493 830 93 54 ex
1540 830 202 54 creaturis
1695 830 202 54 nequaquam
1835 830 124 54 possu-

1097 868 112 56 mus
1145 868 225 56 inuestigare.

1067 948 773 57 ARTICVLV.
1601 948 357 57 SII.

1096 1027 155 67 Vtrum
1199 1027 207 67 scientia
1354 1027 86 67 &
1389 1027 207 67 voluntas
1544 1027 103 67 ac
1595 1027 189 67 ceterae
1716 1027 241 67 perfectiones

1230 1078 102 77 m
1270 1078 143 77 Deo
1352 1078 266 77 differant
1557 1078 184 77 inter
1680 1078 123 77 se
1721 1078 246 77 formaliter

1397 1144 102 52 ex
1448 1144 171 52 natura
1551 1144 102 52 ret.

1106 1225 208 62 SVANTVM
1257 1225 113 62 ad
1314 1225 226 62 secundum
1483 1225 283 62 principale,
1710 1225 170 62 vtrum
1804 1225 151 62 scien

1137 1261 126 44 tia,
1216 1261 79 44 &
1247 1261 205 44 voluntas,
1404 1261 94 44 ac
1452 1261 173 44 ceterae
1577 1261 267 44 perfectiones,
1798 1261 126 44 quae
1861 1261 94 44 for-

1098 1300 157 46 maliter
1212 1300 171 46 dicuntur
1340 1300 114 46 esse
1412 1300 86 46 in
1454 1300 114 46 Deo,
1526 1300 185 46 differant
1668 1300 128 46 inter
1754 1300 86 46 se
1783 1300 185 46 formaliter,

1096 1344 97 42 ex
1144 1344 161 42 natura
1257 1344 129 42 rei,
1338 1344 210 42 dicendum,
1499 1344 129 42 quod
1580 1344 210 42 huiusmodi
1725 1344 226 42 perfectiones

1092 1379 236 50 attributales
1284 1379 103 50 non
1343 1379 162 50 possunt
1461 1379 118 50 esse
1534 1379 88 50 in
1579 1379 103 50 Deo
1638 1379 206 50 formaliter
1785 1379 162 50 distincto

1095 1418 88 53 ex
1139 1418 146 53 natura
1227 1418 88 53 rei-

1118 1457 76 45 1
1148 1457 121 45 Quia
1224 1457 106 45 vbi
1284 1457 106 45 non
1345 1457 151 45 potest
1450 1457 121 45 dari
1526 1457 136 45 alia,
1617 1457 76 45 &
1647 1457 121 45 alia
1722 1457 151 45 forma,
1828 1457 106 45 ibi
1873 1457 76 45 non

1102 1499 143 45 potest
1202 1499 114 45 dari
1273 1499 86 45 ex
1316 1499 143 45 natura
1417 1499 100 45 rei
1474 1499 172 45 formalis
1603 1499 229 45 differentia:
1789 1499 100 45 sed
1846 1499 86 45 in
1874 1499 72 45 Dec

1102 1537 105 43 non
1162 1537 150 43 potest
1267 1537 120 43 dari
1342 1537 135 43 alia,
1432 1537 75 43 &
1462 1537 120 43 alia
1538 1537 150 43 forma,
1643 1537 120 43 ergo
1718 1537 105 43 &c.
1778 1537 135 43 Maior
1853 1537 105 43 patet

1110 1580 92 45 er
1156 1580 138 45 locum
1247 1580 77 45 a
1278 1580 230 45 coniugatis:
1462 1580 122 45 quia
1538 1580 138 45 sicut
1630 1580 153 45 aliqua
1737 1580 107 45 non
1798 1580 168 45 possunt
1905 1580 77 45 dif

1095 1613 131 46 ferre
1183 1613 292 46 substantialiter,
1431 1613 117 46 nisi
1504 1613 102 46 per
1562 1613 146 46 aliam,
1665 1613 73 46 &
1694 1613 131 46 aliam
1767 1613 204 46 substantiam,

1108 1660 99 37 sic
1164 1660 99 37 non
1221 1660 155 37 possunt
1333 1660 141 37 aliqua
1432 1660 169 37 differre
1559 1660 211 37 formaliter,
1728 1660 113 37 nisi
1798 1660 99 37 per
1854 1660 141 37 aliam,

1103 1695 81 41 &
1135 1695 145 41 aliam
1232 1695 177 41 formam:
1361 1695 145 41 Minor
1458 1695 113 41 est
1522 1695 145 41 nota:
1619 1695 129 41 quia
1700 1695 210 41 vbicumque
1861 1695 97 41 in
1893 1695 81 41 eo-

1100 1732 112 47 dem
1164 1732 128 47 sunt
1244 1732 159 47 plures
1355 1732 175 47 formae:
1483 1732 112 47 vel
1546 1732 143 47 ambae
1642 1732 271 47 praesupponunt
1849 1732 112 47 quan-

1106 1772 110 51 dam
1169 1772 174 51 tertiam
1296 1772 221 51 potentiam,
1469 1772 126 51 quam
1548 1772 221 51 informant,
1721 1772 110 51 vel
1784 1772 110 51 vna
1848 1772 110 51 est
1895 1772 63 51 in

1100 1820 178 41 potentia
1234 1820 89 41 ad
1278 1820 148 41 aliam,
1382 1820 74 41 &
1412 1820 252 41 perfectibilis
1620 1820 104 41 est
1679 1820 104 41 per
1738 1820 104 41 eam
1798 1820 74 41 :
1827 1820 119 41 ergo
1887 1820 74 41 ne-

1110 1851 186 41 tessario
1250 1851 171 41 faciunt
1374 1851 279 41 compositionem,
1607 1851 78 41 &
1638 1851 109 41 per
1700 1851 217 41 consequens
1870 1851 93 41 in
1901 1851 78 41 Deo

1088 1888 261 45 esse
1252 1888 229 45 non
1350 1888 326 45 possunt.

1120 1929 75 47 2
1150 1929 210 47 Praeterea,
1315 1929 90 47 si
1359 1929 195 47 attributa
1509 1929 150 47 diuina
1614 1929 210 47 differrent
1778 1929 224 47 formaliter,

1103 1974 123 41 tunc
1180 1974 92 41 in
1226 1974 169 41 diuinis
1349 1974 139 41 esset
1441 1974 185 41 diuersum
1580 1974 123 41 esse
1657 1974 185 41 formale,
1780 1974 185 41 consequens

1113 2006 107 52 est
1174 2006 169 52 falsum,
1297 2006 123 52 ergo
1373 2006 77 52 &
1404 2006 230 52 antecedens;
1588 2006 245 52 consequentia
1787 2006 153 52 patet:
1879 2006 92 52 quia

1120 2045 202 50 ppositorum
1278 2045 187 50 oppositae
1422 2045 115 50 sunt
1494 2045 158 50 causae,
1609 2045 101 50 sed
1667 2045 101 50 id,
1724 2045 101 50 quo
1782 2045 101 50 res
1839 2045 101 50 est
1883 2045 86 50 for-

1108 2086 152 42 maliter
1219 2086 111 42 una,
1288 2086 97 42 hoc
1343 2086 97 42 est
1399 2086 111 42 sibi
1468 2086 125 42 ratio
1551 2086 125 42 vnius
1634 2086 111 42 esse
1703 2086 180 42 formalis:
1841 2086 111 42 ergo
1897 2086 69 42 id,

1123 2126 81 48 uo
1163 2126 94 48 res
1217 2126 94 48 est
1271 2126 188 48 formaliter
1418 2126 188 48 distincta,
1566 2126 108 48 erit
1634 2126 108 48 sibi
1701 2126 121 48 ratio
1782 2126 175 48 distincti
1903 2126 67 48 es-

1116 2167 92 37 e;
1162 2167 215 37 falsitatem
1331 2167 246 37 consequentis
1530 2167 154 37 probo:
1638 2167 123 37 quia
1715 2167 154 37 quanto
1822 2167 138 37 plura
1899 2167 77 37 di-

1104 2201 164 43 stincta
1223 2201 119 43 esse
1298 2201 119 43 sunt
1372 2201 89 43 in
1417 2201 164 43 aliquo,
1536 2201 134 43 tanto
1625 2201 104 43 est
1684 2201 223 43 compositus,
1848 2201 119 43 maxime

1106 2237 188 54 loquendo
1247 2237 94 54 de
1294 2237 125 54 esse
1372 2237 203 54 absoluto.
1529 2237 110 54 Cum
1591 2237 156 54 igitur
1701 2237 156 54 diuina
1795 2237 172 54 attributa

1110 2280 116 44 sint
1182 2280 188 44 infinita,
1326 2280 217 44 sequeretur,
1500 2280 116 44 quod
1572 2280 116 44 Deus
1644 2280 130 44 esset
1731 2280 202 44 compositor
1875 2280 87 44 omni

1112 2316 193 46 creatura:
1261 2316 119 46 quia
1335 2316 163 46 haberet
1453 2316 178 46 infinita
1587 2316 119 46 esse
1661 2316 178 46 formalia
1780 2316 178 46 formaliter

1102 2361 236 52 distincta,
1287 2361 168 52 quorum
1405 2361 219 52 quodlibet
1574 2361 202 52 secundum
1725 2361 135 52 suam
1793 2361 168 52 formalem

1105 2402 191 39 rationem
1249 2402 175 39 diceret
1376 2402 207 39 entitatem
1520 2402 191 39 absolutam.

1141 2436 91 47 Et
1186 2436 182 47 confirmo
1323 2436 136 47 illam
1414 2436 242 47 probationem:
1611 2436 121 47 quia
1686 2436 121 47 tres
1762 2436 167 47 diuinae
1868 2436 91 47 per-

1109 2468 142 48 sonae
1204 2468 158 48 habent
1314 2468 142 48 vnum,
1409 2468 79 48 &
1440 2468 126 48 idem
1519 2468 142 48 esse,
1613 2468 126 48 ergo
1692 2468 205 48 attributa
1834 2468 126 48 diuina

1113 2514 109 47 non
1176 2514 171 47 possunt
1300 2514 187 47 differre
1440 2514 93 47 in
1487 2514 140 47 esse:
1580 2514 218 47 Antecedens
1752 2514 140 47 ponit
1829 2514 125 47 August

1112 2558 78 43 &
1144 2558 141 43 omnes
1237 2558 156 43 sancti
1347 2558 188 43 doctores
1488 2558 141 43 ipsum
1582 2558 250 43 profitentur:
1769 2558 188 43 consequen-

1111 2594 97 47 tia
1167 2594 139 47 patet:
1264 2594 111 47 quia
1333 2594 97 47 ea,
1388 2594 111 47 quae
1457 2594 83 47 in
1499 2594 152 47 diuinis
1610 2594 180 47 differunt
1748 2594 180 47 realiter,
1873 2594 97 47 magis

1113 2630 175 55 videntur
1245 2630 175 55 accedere
1376 2630 88 55 ad
1420 2630 234 55 diuersitatem
1610 2630 88 55 in
1654 2630 132 55 esse,
1742 2630 117 55 quam
1815 2630 117 55 quae
1873 2630 88 55 sunt

1111 2665 121 46 idem
1187 2665 197 46 realiter,
1339 2665 106 46 sed
1399 2665 182 46 secundum
1536 2665 137 46 fidem
1627 2665 182 46 sanctam,
1764 2665 167 46 diuinae
1870 2665 91 46 per-

1105 2711 127 58 sonae
1190 2711 184 58 differunt
1331 2711 184 58 realiter,
1472 2711 184 58 attributa
1613 2711 113 58 vero
1684 2711 113 58 sunt
1754 2711 113 58 idem
1811 2711 155 58 realiter.

1140 2748 114 53 Sed
1205 2748 229 53 contrarium
1385 2748 163 53 istius
1499 2748 163 53 ponunt
1614 2748 163 53 quidam
1728 2748 196 53 doctores
1859 2748 114 53 dicen

1111 2790 111 40 tes,
1181 2790 111 40 quod
1250 2790 222 40 perfectiones
1431 2790 222 40 attributales
1612 2790 83 40 in
1653 2790 153 40 diuinis
1764 2790 111 40 sunt
1834 2790 83 40 ex
1862 2790 111 40 natura

1110 2825 108 46 rei
1171 2825 216 46 formaliter
1341 2825 216 46 distinctae
1511 2825 170 46 praeter
1634 2825 139 46 omnem
1727 2825 139 46 actum
1804 2825 154 46 cuiuscum

1109 2872 108 49 que
1170 2872 246 49 intellectus.
1370 2872 123 49 Quod
1447 2872 169 49 probant
1570 2872 277 49 multipliciter.
1800 2872 138 49 Primo
1877 2872 92 49 sic-

1125 2909 79 41 1
1157 2909 157 41 Nullum
1267 2909 110 41 ens
1330 2909 142 41 reale
1424 2909 252 41 praesupponit
1629 2909 220 41 necessario
1802 2909 173 41 aliquid
1912 2909 63 41 fa

1119 2942 112 55 ctum
1189 2942 98 55 per
1245 2942 225 55 intellectum,
1428 2942 98 55 sed
1484 2942 168 55 personae
1610 2942 140 55 filij,
1708 2942 70 55 &
1736 2942 168 55 spiritus
1849 2942 112 55 sancti

1112 2983 147 49 quarum
1215 2983 191 49 quaelibet
1362 2983 103 49 est
1420 2983 103 49 ens
1479 2983 147 49 reale,
1582 2983 73 49 &
1611 2983 117 49 sunt
1684 2983 176 49 realiter
1802 2983 161 49 distincta

1124 3024 255 47 praesupponunt
1334 3024 255 47 distinctionem
1544 3024 225 47 intellectus
1723 3024 150 47 diuini
1828 3024 75 47 &
1843 3024 120 47 volun-

1118 3065 155 50 tatis,
1227 3065 124 50 ergo
1305 3065 140 50 talis
1398 3065 218 50 distinctio
1569 3065 249 50 intellectus,
1771 3065 78 50 &
1787 3065 186 50 voluntatis

1118 3105 89 55 no
1163 3105 162 55 poterit
1281 3105 118 55 esse
1355 3105 103 55 per
1414 3105 133 55 actum
1502 3105 236 55 intellectus,
1694 3105 118 55 siue
1753 3105 222 55 distinctionem
