2374 3542
191 265 81 68 4
223 265 209 68 Preterea,
384 265 193 68 secundum
529 265 161 68 beatum
642 265 129 68 Aug.
723 265 129 68 Deus
803 265 113 68 est
868 265 97 68 eo
900 265 161 68 sapiens,

186 330 102 49 quo
245 330 160 49 iustus,
361 330 102 49 sed
419 330 87 49 si
463 330 204 49 formaliter
623 330 204 49 differrent
783 330 204 49 sapientia,
943 330 73 49 &
958 330 116 49 iusti-

193 362 111 52 tia,
263 362 111 52 alio
332 362 194 52 formaliter
485 362 125 52 esset
568 362 167 52 sapiens,
693 362 69 52 &
721 362 111 52 alio
776 362 125 52 iustus.

198 408 77 40 2
228 408 215 40 Praeterea,
397 408 138 40 sicut
489 408 92 40 se
535 408 153 40 habent
642 408 138 40 plura
735 408 92 40 ad
781 408 138 40 vnum,
873 408 107 40 sic
934 408 92 40 se
965 408 107 40 habet

191 442 117 48 vnum
264 442 87 48 ad
308 442 146 48 plura,
410 442 102 48 sed
468 442 131 48 illa,
556 442 117 48 quae
629 442 117 48 sunt
702 442 175 48 realiter
833 442 146 48 plura,
935 442 102 48 non
979 442 87 48 pos-

179 485 129 49 sunt
260 485 129 49 esse
341 485 146 49 vnum,
438 485 129 49 nisi
519 485 194 49 secundum
664 485 210 49 rationem,
826 485 129 49 ergo
907 485 129 49 vnus
972 485 97 49 Deus

191 528 111 40 non
255 528 174 40 poterit
381 528 95 40 in
429 528 95 40 se
476 528 158 40 habere
587 528 143 40 plura
682 528 222 40 attributa,
856 528 127 40 nisi
920 528 158 40 secundum

161 565 213 50 rationem.

273 602 219 48 Praeterea,
445 602 219 48 quaecunque
617 602 125 48 sunt
696 602 188 48 identice
836 602 141 48 vnum,
930 602 125 48 sunt
993 602 78 48 sum

185 646 98 44 me
234 646 147 44 vnum,
331 646 81 44 &
364 646 114 44 per
429 646 147 44 conse
527 646 147 44 quens
624 646 114 44 non
689 646 179 44 possunt
820 646 195 44 differre
950 646 114 44 forma

196 678 149 52 liter:
300 678 104 52 sed
360 678 194 52 attributa
509 678 149 52 diuina
614 678 179 52 secundum
748 678 194 52 doctores,
897 678 149 52 contra
987 678 89 52 quos

200 725 109 41 hic
263 725 203 41 arguitur,
419 725 125 41 sunt
497 725 188 41 identice
623 725 109 41 vnum.

203 760 73 49 3
233 760 205 49 Praeterea,
393 760 117 49 illa
467 760 102 49 non
525 760 190 49 differunt
671 760 219 49 formaliter,
847 760 117 49 quae
920 760 102 49 sic
978 760 88 49 se
1008 760 58 49 ha

191 795 147 51 bent,
289 795 131 51 quod
370 795 98 51 ab
419 795 114 51 vno
485 795 114 51 cum
550 795 294 51 reduplicatione
795 795 180 51 sumpto,
926 795 114 51 non
975 795 98 51 vere

198 837 161 52 negatur
315 837 175 52 alterum,
447 837 102 52 sed
505 837 117 52 illa
578 837 102 52 non
637 837 102 52 est
695 837 117 52 vera
768 837 190 52 sapientia
914 837 161 52 diuina,
1017 837 58 52 in

201 883 164 49 quantum
320 883 193 49 sapientia
469 883 149 49 diuina
573 883 104 49 non
633 883 104 49 est
692 883 179 49 iustitia
826 883 164 49 diuina,
945 883 119 49 ergo
1005 883 74 49 sa-

203 912 160 61 pientia
320 912 102 61 Dei
378 912 102 61 non
437 912 160 61 differt
553 912 204 61 formaliter
713 912 73 61 a
743 912 102 61 sua
786 912 146 61 iustitia

218 952 94 54 1o
265 952 204 54 Preterea,
422 952 188 54 quicquid
563 952 188 54 conuenit
704 952 110 54 rei
767 952 94 54 ex
814 952 110 54 sua
877 952 172 54 natura,
987 952 78 54 cir

198 991 206 52 eumscripta
360 991 118 52 omni
434 991 206 52 operatione
596 991 236 52 intellectus,
788 991 177 52 conuenit
921 991 118 52 sibi
980 991 88 52 rea-

200 1039 146 51 liter;
302 1039 87 51 si
346 1039 146 51 igitur
448 1039 87 51 ex
492 1039 146 51 natura
594 1039 102 51 rei
652 1039 146 51 diuina
754 1039 189 51 attributa
886 1039 189 51 distinguun-

198 1068 126 54 tur,
277 1068 126 54 tunc
356 1068 189 54 realiter
498 1068 284 54 distinguuntur,
734 1068 126 54 quod
813 1068 110 54 est
876 1068 158 54 contra
970 1068 95 54 illo

192 1118 139 46 met,
279 1118 87 46 &
313 1118 174 46 contra
435 1118 244 46 catholicam
627 1118 174 46 fidem,
748 1118 139 46 ergo
818 1118 87 46 &c.

248 1148 96 50 Ad
296 1148 161 50 primum
409 1148 161 50 igitur
521 1148 177 50 motinum
649 1148 161 50 illius
762 1148 209 50 opinionis
906 1148 161 50 dicendum

203 1193 108 56 que
264 1193 139 56 minor
357 1193 108 56 non
418 1193 108 56 est
465 1193 92 56 vera

240 1233 93 44 Ad
286 1233 232 44 probationem
472 1233 201 44 dicendum,
626 1233 124 44 quod
704 1233 170 44 quamuis
827 1233 248 44 intellectus,
1029 1233 77 44 &

212 1266 187 54 toluntas
352 1266 109 54 non
415 1266 202 54 differant
570 1266 93 54 ex
617 1266 156 54 natura
726 1266 109 54 rei
788 1266 233 54 formaliter,
959 1266 109 54 tamet

204 1305 199 65 possumus
354 1305 216 65 ostendere
519 1305 149 65 quare
619 1305 166 65 filius
735 1305 232 65 producatur
917 1305 116 65 per
967 1305 116 65 modum

202 1346 249 50 intellectus,
405 1346 78 50 &
436 1346 187 50 spiritus
576 1346 171 50 sanctus
701 1346 109 50 per
763 1346 140 50 modum
857 1346 234 50 voluntatis,

207 1389 122 48 Nam,
283 1389 92 48 vt
329 1389 168 48 videmus
451 1389 76 48 m
482 1389 137 48 nobis
573 1389 153 48 ipsis,
680 1389 137 48 actus
772 1389 153 48 amoris
879 1389 168 48 produci
1001 1389 107 48 non

209 1423 168 58 potest,
331 1423 122 58 nisi
407 1423 244 58 praesupponat
605 1423 168 58 aliquid
727 1423 198 58 productum
879 1423 107 58 per
925 1423 152 58 intelle-

204 1463 133 55 ctum,
293 1463 118 55 ideo
367 1463 177 55 spiritui
500 1463 163 55 sancto,
618 1463 103 55 qui
677 1463 177 55 procedit
810 1463 103 55 tam
869 1463 74 55 a
899 1463 163 55 persona
1002 1463 74 55 pro

207 1501 150 52 ducta,
312 1501 120 52 quam
387 1501 75 52 a
417 1501 105 52 non
477 1501 195 52 producta,
627 1501 120 52 puta
701 1501 75 52 a
731 1501 150 52 patre,
836 1501 75 52 &
866 1501 150 52 filio,
956 1501 120 52 appro-

208 1540 168 56 priare
326 1540 185 56 debemus
460 1540 252 56 emanationem
661 1540 117 56 per
729 1540 151 56 modum
829 1540 185 56 amoris;
964 1540 117 56 sed
1014 1540 67 56 fi

196 1580 117 56 ho,
263 1580 117 56 qui
330 1580 101 56 ab
381 1580 117 56 vno
448 1580 168 56 tantum
565 1580 218 56 procedit,
733 1580 84 56 &
766 1580 151 56 solum
867 1580 84 56 a
901 1580 117 56 non
951 1580 134 56 produ-

209 1620 130 54 cto,
290 1620 178 54 tanquam
420 1620 162 54 nullum
533 1620 211 54 productum
696 1620 308 54 praesupponenti,
939 1620 146 54 debemus

211 1672 248 47 appropriare
410 1672 248 47 emanationem
609 1672 116 47 per
675 1672 149 47 modum
774 1672 265 47 intellectus,
973 1672 99 47 sius

206 1698 175 53 naturae.
337 1698 131 53 Etiam
425 1698 145 53 illud,
526 1698 87 53 in
570 1698 102 53 qno
628 1698 175 53 fundatur
759 1698 116 53 illa
832 1698 145 53 ratio,
934 1698 131 53 stare
1006 1698 73 53 non

210 1736 150 61 potest,
319 1736 163 61 scilicet
442 1736 95 61 que
496 1736 218 61 intellectus,
673 1736 68 61 &
701 1736 177 61 voluntas,
837 1736 109 61 sint
905 1736 109 61 duae
959 1736 123 61 distin-

209 1780 120 53 ctae
284 1780 255 53 formalitates,
494 1780 135 53 prout
584 1780 120 53 sunt
659 1780 195 53 principia
809 1780 165 53 illarum
914 1780 165 53 emanatio-

206 1823 125 46 num:
285 1823 125 46 quia
363 1823 94 46 si
410 1823 109 46 vna
472 1823 219 46 formalitas
644 1823 156 46 tantum
754 1823 141 46 esset
847 1823 219 46 principium
1004 1823 78 46 ge-

204 1857 210 52 nerationis
369 1857 150 52 filij,
475 1857 105 52 cum
535 1857 135 52 omnes
625 1857 241 52 formalitates
820 1857 135 52 filio
911 1857 150 52 genito
1001 1857 75 52 pe-

206 1903 303 54 generationem
452 1903 341 54 communicentur,
737 1903 152 54 tunc
813 1903 265 54 communicatun

217 1932 116 63 per
284 1932 265 63 generationem
499 1932 216 63 excederet
665 1932 182 63 formale
798 1932 232 63 principium
964 1932 116 63 gene-

218 1970 151 58 tandi,
323 1970 120 58 quod
399 1970 105 58 est
459 1970 256 58 inconueniens,
670 1970 135 58 sicut
760 1970 241 58 inconueniens
956 1970 105 58 est
1001 1970 90 58 prin

216 2013 203 59 tipiatum
368 2013 203 59 excedere
520 2013 135 59 suum
605 2013 186 59 formale
723 2013 203 59 principium

250 2051 103 52 Et
301 2051 205 52 confirmo
455 2051 120 52 hoc
524 2051 137 52 sic.
609 2051 171 52 Nullum
729 2051 137 52 enim
814 2051 222 52 productum
985 2051 103 52 ex
1020 2051 68 52 vi

218 2091 232 64 productionis
407 2091 116 64 suae
480 2091 145 64 capere
581 2091 160 64 potest,
697 2091 116 64 quod
770 2091 232 64 virtualiter,
958 2091 102 64 vel
1002 2091 87 64 for-

214 2128 170 59 maliter
337 2128 108 59 non
399 2128 217 59 continetur
569 2128 93 59 in
616 2128 108 59 suo
678 2128 170 59 formali
801 2128 201 59 principio
941 2128 139 59 product

216 2174 108 48 uo,
277 2174 185 48 secundum
416 2174 123 48 quod
493 2174 108 48 est
555 2174 123 48 eius
632 2174 170 48 formale
755 2174 231 48 principium,
940 2174 108 48 sed
986 2174 93 48 for-

213 2221 149 42 malitas
322 2221 204 42 voluntatis,
485 2221 109 42 quae
553 2221 95 42 per
607 2221 81 42 se
648 2221 95 42 est
702 2221 176 42 distincta
838 2221 136 42 contra
933 2221 122 42 alias
1001 2221 81 42 for-

214 2247 194 59 malitates,
367 2247 83 59 vt
409 2247 181 59 distincta
547 2247 97 59 est
603 2247 97 59 non
659 2247 167 59 continet
783 2247 97 59 per
839 2247 97 59 se,
895 2247 111 59 nisi
964 2247 111 59 quod
1020 2247 69 59 per

225 2286 130 61 tinet
311 2286 86 61 ad
354 2286 144 61 velle,
455 2286 72 61 &
484 2286 144 61 amare:
584 2286 86 61 Si
628 2286 115 61 ergo
699 2286 86 61 ut
743 2286 101 61 sic
800 2286 101 61 est
858 2286 201 61 principium
1002 2286 86 61 spi-

225 2326 127 58 ritus
309 2326 155 58 sancti,
422 2326 113 58 tunc
492 2326 169 58 spiritus
619 2326 155 58 sanctus
731 2326 155 58 virtute
844 2326 113 58 suae
900 2326 197 58 productionis

228 2378 108 43 non
289 2378 170 43 haberet
413 2378 248 43 intellectum,
614 2378 77 43 &
645 2378 139 43 eadem
738 2378 170 43 ratione
862 2378 155 43 filius
970 2378 108 43 non
1017 2378 77 43 ha-

223 2412 151 50 beret
307 2412 219 50 voluntatem.

274 2444 104 57 ad
326 2444 208 57 secundum
482 2444 225 57 dicendum,
655 2444 139 57 quod
741 2444 191 57 quamuis
880 2444 225 57 bonitati,
1036 2444 52 57 &

223 2482 205 59 sapientiae,
388 2482 68 59 &
415 2482 151 59 ceteris
525 2482 192 59 attributis
675 2482 205 59 assignentur
840 2482 137 59 aliae,
936 2482 68 59 &
963 2482 123 59 aliae
1032 2482 68 59 dif

224 2524 206 56 finitiones
386 2524 88 56 in
430 2524 162 56 quantum
547 2524 206 56 distinctae
709 2524 220 56 reperiuntur
885 2524 88 56 in
915 2524 176 56 creaturis;

209 2562 171 49 fitamen
334 2562 202 49 praerisae
489 2562 186 49 sumantur
629 2562 93 49 vt
676 2562 124 49 sunt
753 2562 93 49 in
800 2562 124 49 Deo,
878 2562 109 49 fic
940 2562 140 49 eorum
1017 2562 78 49 est

216 2601 106 52 vna
276 2601 136 52 tatum
367 2601 211 52 diffinito,
533 2601 136 52 sicut
623 2601 136 52 eorum
714 2601 106 52 est
774 2601 106 52 vna
835 2601 211 52 quidditas,
1000 2601 75 52 &
1016 2601 75 52 vna

235 2643 142 51 natura
334 2643 71 51 :
363 2643 114 51 Vnde
434 2643 85 51 si
477 2643 156 51 aliquis
590 2643 85 51 vt
633 2643 85 51 in
676 2643 100 51 Deo
732 2643 114 51 sunt
804 2643 199 51 multiplici
946 2643 142 51 diffini-

229 2679 127 61 tione
314 2679 85 61 ea
356 2679 212 61 diffiniret,
525 2679 99 61 hoc
581 2679 127 61 esset
666 2679 99 61 pro
722 2679 141 61 tanto:
821 2679 113 61 quia
892 2679 85 61 ea
920 2679 169 61 imperfectu

227 2726 239 48 cognosceret,
421 2726 75 48 &
451 2726 119 48 ideo
526 2726 119 48 ipsa
600 2726 209 48 diffiniret
765 2726 90 48 ad
809 2726 149 48 instar
914 2726 149 48 eorum,
1003 2726 90 48 quae

228 2765 92 54 in
274 2765 200 54 creaturis
412 2765 154 54 videret.

263 2797 97 60 Ad
311 2797 178 60 tertium
441 2797 210 60 dicendum,
603 2797 129 60 quod
684 2797 129 60 illa
764 2797 146 60 ratio
861 2797 113 60 est
926 2797 162 60 contra
1023 2797 65 60 fa

233 2837 167 55 tientes
355 2837 122 55 eam:
431 2837 122 55 quia
507 2837 107 55 cum
568 2837 183 55 secundum
704 2837 107 55 eos
765 2837 198 55 intuitiua
917 2837 167 55 notitia
1024 2837 76 55 sit

225 2887 155 48 ipsius
333 2887 108 48 rei
395 2887 186 48 secundum
534 2887 170 48 realem,
658 2887 77 48 &
689 2887 201 48 actualem,
843 2887 77 48 &
859 2887 232 48 praesentialen

230 2919 239 48 existentiam,
424 2919 164 48 igitur,
543 2919 89 48 si
588 2919 119 48 Deus
663 2919 194 48 cognoscit
812 2919 254 48 distinctionem
1006 2919 89 48 attr

227 2961 169 54 butorum
350 2961 215 54 cognitione
518 2961 215 54 intuitiua,
687 2961 169 54 oportet
810 2961 123 54 quod
887 2961 138 54 talis
964 2961 138 54 distin-

236 3003 106 45 ctio
302 3003 120 45 esset
382 3003 160 45 realiter
502 3003 173 45 existens,
635 3003 106 45 quod
701 3003 93 45 est
754 3003 133 45 contra
847 3003 106 45 eos:
914 3003 106 45 quia
980 3003 106 45 ipsi
1034 3003 66 45 hoc

231 3032 163 54 negant,
350 3032 74 54 &
379 3032 133 54 bene:
468 3032 118 54 quia
542 3032 133 54 salua
631 3032 118 54 illa
705 3032 192 54 decretali
853 3032 89 54 de
897 3032 133 54 summa
971 3032 133 54 trinita

226 3078 101 54 te,
283 3078 72 54 &
312 3078 115 54 fide
384 3078 201 54 catholica,
542 3078 158 54 necesse
657 3078 101 54 est
715 3078 144 54 negare
815 3078 144 54 realem
916 3078 216 54 distinctio

221 3119 131 61 nem
296 3119 300 61 attributorum
521 3119 225 61 diuinorum.

1134 260 92 66 Ad
1180 260 153 66 formam
1287 260 153 66 igitur
1394 260 184 66 rationis
1531 260 184 66 dicedum,
1669 260 122 66 quod
1746 260 122 66 Deus
1807 260 168 66 cognoscit

1104 325 97 54 psa
1160 325 319 54 attributacognitione
1437 325 194 54 intuitiua,
1590 325 236 54 distinctionem
1784 325 125 54 tamen
1853 325 125 54 attribu

1102 362 129 46 torum
1188 362 100 46 non
1245 362 186 46 cognoscit
1388 362 129 46 esse:
1474 362 115 46 nisi
1546 362 172 46 secundum
1675 362 186 46 rationem,
1818 362 115 46 puta
1890 362 86 46 in
1919 362 57 46 or

1099 400 113 47 dine
1169 400 84 47 ad
1211 400 197 47 creaturas:
1366 400 113 47 quia
1437 400 141 47 aliter
1535 400 98 47 non
1591 400 113 47 sunt
1662 400 183 47 distincta
1802 400 70 47 &
1830 400 113 47 ideo
1901 400 70 47 a
1915 400 56 47 ve

1099 438 87 58 ro
1142 438 203 58 intellectu
1301 438 101 58 non
1359 438 232 58 cognoscuntur
1548 438 145 58 aliter
1649 438 116 58 esse
1722 438 203 58 distincta.
1881 438 87 58 Et
1910 438 58 58 li

1098 480 103 48 cet
1157 480 118 48 illa
1231 480 207 48 distinctio
1394 480 103 48 sit
1453 480 148 48 tantum
1556 480 177 48 secundum
1689 480 177 48 rationem
1822 480 74 48 a
1852 480 103 48 Deo
1896 480 74 48 ta-

1093 522 115 45 men
1158 522 230 45 clarissime
1339 522 280 45 cognoscuntur,
1569 522 82 45 &
1602 522 99 45 si
1652 522 148 45 omnem
1750 522 164 45 claram
1849 522 115 45 noti-

1106 557 127 44 tiam
1185 557 190 44 appellas
1328 557 238 44 intuitiuam,
1519 557 175 44 concedo
1646 557 143 44 tecum
1741 557 127 44 hanc
1804 557 159 44 notitiom

1112 596 104 45 Dei
1172 596 119 45 esse
1246 596 223 45 intuitiuam:
1424 596 89 45 si
1468 596 134 45 autem
1557 596 134 45 solum
1646 596 178 45 appellas
1780 596 134 45 illam
1854 596 119 45 intui-

1109 635 154 44 tiuam,
1217 635 123 44 quae
1294 635 216 44 terminatur
1464 635 93 44 ad
1510 635 154 44 realem
1618 635 139 44 extra
1711 635 232 44 intellectum
1880 635 93 44 exi-

1094 677 191 47 stentiam,
1241 677 117 47 tunc
1314 677 132 47 talis
1402 677 161 47 notitia
1520 677 103 47 non
1579 677 103 47 est
1637 677 205 47 intuitiua:
1799 677 117 47 quia
1857 677 103 47 huius

1097 716 124 48 modi
1175 716 233 48 distinctio,
1361 716 93 48 ad
1408 716 124 48 quam
1485 716 233 48 terminatur,
1671 716 109 48 non
1733 716 171 48 existit
1842 716 124 48 reali-

1098 755 107 52 ter
1159 755 138 52 extra
1251 755 107 52 int
1297 755 168 52 ellectum.

1133 801 95 41 Ad
1181 801 175 41 quartum
1308 801 207 41 dicendum,
1467 801 127 41 quod
1546 801 143 41 talia
1641 801 159 41 nomina
1753 801 111 41 non
1816 801 127 41 sunt
1880 801 95 41 svno

1101 841 133 42 nima:
1190 841 118 42 quia
1264 841 89 42 eo
1308 841 133 42 ipso,
1397 841 118 42 quod
1471 841 222 42 significata
1648 841 148 42 talium
1751 841 163 42 nominum
1855 841 118 42 conci-

1105 871 141 52 pimus
1200 871 110 52 per
1262 871 267 52 comparationem
1482 871 94 52 ad
1529 871 220 52 creaturas,
1702 871 94 52 in
1749 871 157 52 quibus
1843 871 126 52 reali-

1104 912 116 47 ter,
1177 912 73 47 &
1206 912 232 47 quidditatiue
1395 912 116 47 sunt
1467 912 203 47 distincta,
1627 912 189 47 huiusmodi
1772 912 189 47 attributa
1902 912 73 47 con

1097 947 165 48 cipimus
1217 947 105 48 sub
1277 947 180 48 diuersis
1412 947 225 48 rationibus,
1592 947 225 48 Intellectus
1772 947 135 48 tamen
1847 947 120 48 perfe-

1112 988 135 47 ctus,
1202 988 105 47 qui
1262 988 150 47 talium
1367 988 240 47 attributorum
1562 988 240 47 significatum
1757 988 180 47 perfecte
1877 988 90 47 con-

1098 1037 167 44 ciperet
1219 1037 121 44 sine
1295 1037 121 44 omni
1371 1037 243 44 comparatione
1568 1037 91 44 ad
1614 1037 106 44 ea,
1675 1037 91 44 in
1720 1037 152 44 quibus
1811 1037 152 44 realiter

1100 1064 279 54 distinguuntur,
1333 1064 109 54 non
1395 1064 202 54 imponeret
1551 1064 109 54 eis
1613 1064 140 54 plura
1706 1064 171 54 nomina;
1830 1064 109 54 sed
1877 1064 93 54 vnum

1108 1113 134 47 nomen
1198 1113 164 47 tantum,
1317 1113 134 47 etiam
1407 1113 134 47 dato,
1496 1113 119 47 quod
1571 1113 90 47 vt
1616 1113 105 47 sic
1675 1113 194 47 imponeret
1825 1113 105 47 eis
1869 1113 105 47 plura

1103 1155 174 45 nomina,
1230 1155 126 45 illa
1308 1155 158 45 nomina
1419 1155 174 45 penitus
1545 1155 158 45 essent
1640 1155 158 45 svnonima

1133 1195 99 34 Ad
1182 1195 181 34 quintum
1313 1195 213 34 dicendum,
1477 1195 131 34 quod
1560 1195 197 34 secundum
1707 1195 148 34 illos
1789 1195 181 34 doctores,

1110 1222 107 51 qui
1171 1222 168 51 ponunt,
1293 1222 122 51 quod
1370 1222 214 51 distinctio
1538 1222 245 51 attributorum
1737 1222 107 51 non
1799 1222 184 51 causatur
1921 1222 46 51 a

1106 1266 154 48 diuino
1213 1266 231 48 intellectu,
1398 1266 108 48 sed
1459 1266 92 48 ab
1506 1266 169 48 humano,
1629 1266 215 48 diceretur,
1798 1266 123 48 quod
1859 1266 108 48 talis

1109 1308 203 43 distinctio
1268 1308 101 43 non
1326 1308 217 43 attribuitur
1500 1308 145 43 diuino
1601 1308 232 43 intellectui,
1789 1308 101 43 nec
1833 1308 130 43 naturae

1107 1339 108 47 Sed
1168 1339 139 47 dato,
1261 1339 124 47 quod
1339 1339 232 47 intellectus
1524 1339 170 47 diuinus
1648 1339 201 47 concipiat
1803 1339 201 47 essentiam

1104 1377 112 48 suam
1174 1377 84 48 in
1216 1377 140 48 ordine
1314 1377 84 48 ad
1356 1377 196 48 praedictas
1510 1377 224 48 perfectiones
1693 1377 84 48 in
1735 1377 182 48 creaturis
1861 1377 112 48 distin

1108 1418 111 52 cte
1172 1418 207 52 repertas,
1331 1418 80 52 &
1363 1418 191 52 secundum
1506 1418 111 52 hoc
1569 1418 207 52 concipiat
1728 1418 207 52 distincte
1872 1418 95 52 suam

1112 1461 248 48 perfectionem,
1317 1461 132 48 adhuc
1405 1461 132 48 talis
1492 1461 205 48 distinctio
1653 1461 219 48 attribuetur
1814 1461 146 48 intelle-

1113 1502 130 47 ctui,
1199 1502 72 47 &
1228 1502 101 47 non
1286 1502 174 47 naturae,
1416 1502 101 47 non
1474 1502 101 47 pro
1532 1502 145 47 tanto,
1633 1502 116 47 quod
1706 1502 217 47 intellectus
1865 1502 101 47 diui-

1107 1540 101 46 nus
1164 1540 101 46 ibi
1222 1540 159 46 aliquid
1337 1540 159 46 faciat,
1453 1540 115 46 quod
1525 1540 101 46 non
1583 1540 144 46 faciat
1684 1540 159 46 natura,
1799 1540 101 46 sed
1857 1540 101 46 pro
1900 1540 72 46 tan

1109 1580 81 57 to
1150 1580 95 57 que
1204 1580 81 57 in
1245 1580 108 57 his,
1313 1580 95 57 vbi
1367 1580 203 57 intellectus
1529 1580 217 57 distinguitur
1705 1580 68 57 a
1732 1580 149 57 natura,
1841 1580 122 57 talis
1908 1580 68 57 di-

1117 1616 167 47 stinctio
1242 1616 167 47 rationis
1367 1616 208 47 attribuitur
1534 1616 222 47 intellectui,
1714 1616 97 47 non
1756 1616 139 47 naturae.

1124 1655 140 51 Etiam
1218 1655 156 51 potest
1327 1655 125 51 dici
1405 1655 94 51 ad
1452 1655 187 51 quintum,
1592 1655 125 51 quod
1670 1655 218 51 distinctio
1826 1655 156 51 attribu-

1105 1692 134 48 torum
1194 1692 89 48 eo
1239 1692 134 48 modo,
1328 1692 104 48 quo
1387 1692 223 48 attribuitur
1566 1692 238 48 intellectui,
1759 1692 119 48 puta
1818 1692 149 48 effecti-

1110 1739 105 42 ue,
1170 1739 225 42 causaliter,
1350 1739 135 42 eodem
1440 1739 120 42 modo
1515 1739 150 42 potest
1620 1739 180 42 attribui
1755 1739 165 42 diuinae
1860 1739 105 42 natu-

1107 1780 120 45 rae.
1182 1780 90 45 Si
1227 1780 135 45 autem
1317 1780 90 45 ex
1363 1780 105 45 hoc
1423 1780 195 45 infertur,
1573 1780 120 45 quod
1648 1780 210 45 distinctio
1799 1780 180 45 attributo-

1114 1816 100 43 rum
1171 1816 100 43 sit
1228 1816 86 43 in
1271 1816 100 43 Deo
1329 1816 86 43 ex
1371 1816 143 43 natura
1472 1816 115 43 rei,
1543 1816 115 43 tunc
1615 1816 158 43 praeter
1730 1816 129 43 alios
1815 1816 186 43 defectus,

1113 1859 99 40 qui
1169 1859 99 40 hic
1226 1859 155 40 possent
1339 1859 197 40 assignari,
1494 1859 212 40 committitur
1663 1859 141 40 duplex
1762 1859 183 40 fallacia,
1888 1859 85 40 sci-

1109 1887 135 52 licet
1199 1887 300 52 aequiuocationis:
1454 1887 120 52 quia
1529 1887 165 52 mutatur
1650 1887 165 52 medium,
1770 1887 75 52 &
1800 1887 165 52 figurae
1905 1887 75 52 di-

1110 1937 180 38 ctionis:
1245 1937 120 38 quia
1320 1937 165 38 mutatur
1439 1937 210 38 effectiuum
1604 1937 90 38 in
1649 1937 239 38 subiectiuum:
1843 1937 105 38 non
1888 1937 90 38 enim

1114 1967 142 48 nego,
1209 1967 126 48 quin
1287 1967 142 48 omne,
1382 1967 126 48 quod
1461 1967 173 48 efficit
1586 1967 173 48 diuinus
1712 1967 252 48 intellectus,
1901 1967 79 48 ef-

1118 2005 163 50 ficiat
1232 2005 146 50 etiam
1329 2005 163 50 diuina
1443 2005 179 50 natura,
1573 2005 81 50 &
1605 2005 114 50 per
1670 2005 228 50 consequens
1833 2005 146 50 efficit

1121 2045 125 50 llam
1200 2045 266 50 distinctionem
1419 2045 203 50 rationis:
1575 2045 110 50 sed
1638 2045 172 50 propter
1763 2045 110 50 hoc
1810 2045 172 50 attributa

1110 2081 108 56 non
1171 2081 124 56 sunt
1249 2081 217 56 intrinsece
1419 2081 93 56 in
1465 2081 155 56 natura
1574 2081 155 56 diuina
1682 2081 217 56 formaliter
1837 2081 139 56 distin-

1109 2124 116 51 cta,
1182 2124 102 51 ita
1240 2124 116 51 quod
1313 2124 145 51 natura
1415 2124 204 51 subiectiue
1575 2124 175 51 patiatur
1706 2124 87 51 in
1749 2124 87 51 se
1793 2124 131 51 illam
1866 2124 116 51 attri-

1121 2171 174 43 butorum
1247 2171 284 43 distinctionem.
1484 2171 95 43 si
1531 2171 126 43 enim
1610 2171 174 43 haberet
1736 2171 95 43 in
1784 2171 95 43 se
1815 2171 158 43 huiusmo-

1117 2200 95 56 di
1165 2200 285 56 distinctionem,
1402 2200 127 56 tunc
1482 2200 111 56 non
1545 2200 206 56 efficeret
1704 2200 127 56 eam.
1783 2200 127 56 Tota
1846 2200 127 56 igitui

1115 2248 142 46 ratio
1210 2248 189 46 procedit
1352 2248 95 46 ex
1399 2248 237 46 suppositone
1589 2248 158 46 falsa,
1699 2248 189 46 scilicet
1841 2248 126 46 quod
1904 2248 79 46 di-

1120 2279 192 56 stinctio
1264 2279 256 56 attributorum
1472 2279 112 56 ita
1536 2279 208 56 conueniat
1696 2279 256 56 intellectui,
1888 2279 96 56 quod

1114 2324 118 53 non
1165 2324 169 53 naturae.

1163 2364 91 55 Ad
1208 2364 151 55 sextum
1314 2364 196 55 dicendum,
1465 2364 121 55 quod
1540 2364 136 55 licet
1631 2364 242 55 consequentia
1827 2364 106 55 sit
1872 2364 106 55 bona,

1113 2404 217 45 accipiendo
1284 2404 93 45 in
1331 2404 233 45 consequenti
1517 2404 233 45 sapientiam,
1703 2404 78 45 &
1734 2404 202 45 iustitiam
1873 2404 109 45 inde-

1119 2438 150 57 finite:
1229 2438 109 57 quia
1297 2438 109 57 tunc
1366 2438 233 57 verificabitur
1557 2438 96 57 pro
1612 2438 191 57 sapientia,
1762 2438 68 57 &
1790 2438 164 57 iustitia
1899 2438 82 57 diui

1123 2478 98 52 na,
1179 2478 84 52 si
1221 2478 126 52 tamen
1306 2478 211 52 accipiuntur
1474 2478 239 52 distributiue,
1671 2478 70 52 &
1699 2478 253 52 vniuersaliter,
1896 2478 84 52 tumo

1125 2514 229 55 consequentia
1310 2514 100 55 est
1368 2514 129 55 falsa
1453 2514 157 55 ratione
1568 2514 200 55 iustitiae,
1725 2514 71 55 &
1753 2514 200 55 sapientiae
1896 2514 86 55 huma

1115 2559 126 47 nae,
1194 2559 79 47 &
1225 2559 126 47 illo
1304 2559 173 47 secundo
1430 2559 126 47 modo
1509 2559 142 47 uerba
1603 2559 157 47 sonare
1713 2559 205 47 videntur,
1855 2559 126 47 igitur

1120 2605 235 40 simpliciter
1308 2605 125 40 nego
1387 2605 282 40 consequentiam.

1157 2636 91 49 Ad
1202 2636 227 49 probationem
1384 2636 136 49 dico,
1475 2636 121 49 quod
1551 2636 212 49 sapientia,
1717 2636 76 49 &
1748 2636 182 49 iustitia
1869 2636 106 49 acce-

1126 2671 111 47 pta
1190 2671 95 47 in
1237 2671 191 47 communi,
1381 2671 111 47 sic
1444 2671 127 47 quod
1524 2671 95 47 Iy
1571 2671 175 47 commune
1699 2671 239 47 apprehendat
1890 2671 127 47 eas,

1120 2708 92 52 vt
1166 2708 123 52 sunt
1242 2708 92 52 in
1288 2708 123 52 Deo,
1365 2708 77 52 &
1396 2708 215 52 creaturis;
1565 2708 123 52 tunc
1641 2708 107 52 nec
1703 2708 123 52 sunt
1779 2708 123 52 idem
1841 2708 153 52 secundum

1114 2750 187 54 formales
1255 2750 203 54 rationes,
1411 2750 109 54 nec
1473 2750 234 54 distinguunt
1660 2750 187 54 secundum
1801 2750 187 54 formales
1926 2750 62 54 ra

1129 2788 156 51 tiones,
1243 2788 100 51 sed
1299 2788 85 51 ut
1342 2788 114 51 sunt
1413 2788 85 51 in
1456 2788 114 51 Deo,
1527 2788 114 51 sunt
1598 2788 114 51 ide,
1669 2788 85 51 vt
1712 2788 128 51 autem
1797 2788 114 51 sunt
1868 2788 85 51 in
1897 2788 85 51 cre-

1128 2835 137 46 turis,
1224 2835 96 46 sic
1279 2835 192 46 differunt.
1430 2835 82 46 In
1471 2835 137 46 minore
1567 2835 137 46 igitur
1663 2835 123 46 huius
1746 2835 206 46 probationis
1897 2835 82 46 sup-

1129 2866 158 50 ponitur
1243 2866 158 50 falsum,
1358 2866 186 50 scilicet,
1501 2866 115 50 quod
1573 2866 201 50 sapientia,
1730 2866 72 50 &
1759 2866 172 50 iustitia
1873 2866 115 50 sumpta

1130 2906 206 51 secundum
1284 2906 137 51 suam
1370 2906 154 51 totam
1473 2906 274 51 communitatem
1696 2906 223 51 differant
1850 2906 137 51 forma-

1128 2952 153 45 liter,
1235 2952 107 45 sen
1296 2952 183 45 secundum
1434 2952 183 45 formales
1556 2952 168 45 rationes.

1164 2980 101 62 Ad
1215 2980 201 62 septimum
1365 2980 218 62 dicendum,
1533 2980 134 62 quod
1617 2980 184 62 quamuis
1751 2980 151 62 actus
1835 2980 151 62 distin-

1131 3035 122 44 guat,
1213 3035 95 44 non
1267 3035 122 44 tamen
1348 3035 189 44 distinguit
1497 3035 81 44 se
1537 3035 68 44 a
1564 3035 95 44 le,
1618 3035 95 44 sed
1672 3035 189 44 distinguit
1821 3035 81 44 se
1862 3035 81 44 ab
1902 3035 122 44 alio.

1133 3065 99 52 Ex
1182 3065 115 52 hoc
1248 3065 148 52 ergo,
1347 3065 132 52 quod
1429 3065 214 52 attributa
1594 3065 165 52 diuina
1709 3065 132 52 sunt
1791 3065 132 52 vnus
1857 3065 132 52 summus

1136 3101 147 64 actus,
1239 3101 103 64 qui
1298 3101 103 64 est
1357 3101 147 64 diuina
1459 3101 191 64 essentia,
1606 3101 117 64 bene
1680 3101 191 64 sequitur,
1826 3101 117 64 quod
1885 3101 103 64 tali
