2385 3523
413 233 124 76 bile
490 233 139 76 tamen
583 233 108 76 est
645 233 124 76 esse
722 233 139 76 ipsum
815 233 170 76 diuinum
939 233 139 76 esse,
1032 233 124 76 nisi
1110 233 139 76 ipsum
1187 233 93 76 com-

407 292 196 61 prehendat
558 292 121 61 omne
633 292 136 61 esse,
724 292 106 61 sic
784 292 226 61 impossibile
965 292 106 61 est
1026 292 121 61 esse
1101 292 166 61 diuinum
1207 292 60 61 in

408 346 210 42 telligere,
573 346 120 42 nisi
647 346 135 42 ipsum
737 346 239 42 comprehendat
932 346 120 42 omne
1007 346 239 42 intelligere.
1186 346 75 42 Pro

424 372 119 52 pter
498 372 119 52 quod
573 372 89 52 si
617 372 119 52 Deus
692 372 104 52 non
751 372 238 52 intelligeret
944 372 208 52 creaturam,
1108 372 119 52 ipse
1167 372 104 52 nihil

413 426 272 36 intelligeret:
637 426 128 36 Vnde
717 426 144 36 sicut
813 426 128 36 Deus
893 426 112 36 non
957 426 160 36 potest
1069 426 160 36 habere
1165 426 112 36 impo-

401 458 177 45 tentiam
529 458 193 45 respectu
674 458 257 45 productionis
883 458 257 45 creaturarum,
1091 458 112 45 sic
1156 458 112 45 non
1204 458 64 45 po

408 492 127 53 test
488 492 159 53 habere
599 492 238 53 ignorantiam
789 492 191 53 respectu
932 492 238 53 cognitionis
1107 492 159 53 creatura

413 532 131 50 rum:
494 532 147 50 lllud
592 532 147 50 tamen
691 532 163 50 nullam
805 532 262 50 dependentiam
1017 532 163 50 arguit
1132 532 98 50 in
1181 532 131 50 Deo;

412 571 113 46 sed
477 571 162 46 summam
590 571 276 46 perfectionem.
817 571 113 46 hoc
882 571 130 46 enim
963 571 113 46 est
1028 571 178 46 maximae
1141 571 130 46 perfe-

419 610 171 47 ctionis
544 610 140 47 omnia
637 610 202 47 dependere
793 610 78 47 a
824 610 171 47 seipso,
948 610 78 47 &
979 610 93 47 se
1026 610 78 47 a
1057 610 140 47 nullo
1135 610 140 47 penitus

386 653 208 51 dependere

411 684 99 57 Ad
460 684 181 57 tertium
591 684 214 57 dicendum,
756 684 131 57 quod
838 684 148 57 sicut
936 684 214 57 posterius
1101 684 115 57 non
1150 684 115 57 potes

418 728 111 45 esse
488 728 125 45 causa
571 728 153 45 prioris
682 728 153 45 quantum
793 728 83 45 ad
835 728 111 45 esse
905 728 139 45 reale,
1002 728 97 45 sic
1058 728 97 45 nec
1113 728 153 45 quantum
1210 728 56 45 ac

411 773 245 39 distinctionem
613 773 159 39 realem.
728 773 101 39 Sed
786 773 130 39 sicut
872 773 188 39 posterius
1017 773 144 39 potest
1118 773 115 39 esse
1175 773 87 39 cau-

410 809 93 43 sa
456 809 170 43 prioris
579 809 170 43 quantum
703 809 93 43 ad
749 809 123 43 esse
826 809 200 43 rationis;
980 809 139 43 multa
1073 809 123 43 enim
1134 809 139 43 secudum

420 851 180 50 rationem
555 851 135 50 ponit
645 851 224 50 intellectus
824 851 150 50 noster
929 851 120 50 esse
1004 851 90 50 in
1049 851 120 50 Deo,
1123 851 75 50 &
1153 851 120 50 sibi
1213 851 60 50 ex

422 891 135 42 parte
512 891 210 42 conuenire,
677 891 120 42 quae
752 891 135 42 tamen
842 891 150 42 nullum
947 891 120 42 esse
1022 891 135 42 reale
1112 891 150 42 ponunt
1202 891 60 42 in

409 924 109 52 Deo,
477 924 95 52 cum
532 924 109 52 ipse
599 924 95 52 sit
654 924 217 52 immutabilis;
830 924 95 52 sic
884 924 190 52 distinctio
1033 924 163 52 rationis
1155 924 81 52 in
1183 924 81 52 prio

408 966 82 52 ri
449 966 136 52 potest
544 966 122 52 oriri
626 966 82 52 ex
667 966 218 52 distinctione
844 966 136 52 reali,
939 966 109 52 quae
1007 966 95 52 est
1061 966 82 52 in
1088 966 177 52 posteriori.

488 1045 556 59 ARTICVLVS
873 1045 257 59 IIII

409 1122 157 84 vtrum
513 1122 157 84 talum
618 1122 279 84 attributorum
845 1122 244 84 distinctio
1036 1122 209 84 secindum
1176 1122 87 84 ra-

440 1184 175 64 tionem
563 1184 123 64 per
633 1184 246 64 quemcumque
826 1184 281 64 intellectum,
1055 1184 140 64 siue
1125 1184 105 64 crea

513 1241 132 48 tum,
595 1241 132 48 siue
677 1241 230 48 mncreatum,
858 1241 230 48 necessario
1023 1241 148 48 sumatur

535 1282 130 77 per
610 1282 316 77 comparationem
870 1282 167 77 eorum
981 1282 111 77 ad
1019 1282 111 77 crea

631 1329 141 75 turas
726 1329 94 75 in
773 1329 157 75 quibus
867 1329 157 75 realiter

699 1383 257 62 distinguuntur.

406 1479 207 57 SVANTVM
557 1479 113 57 ad
613 1479 207 57 quartum
764 1479 282 57 principale,
990 1479 169 57 vtrum
1084 1479 188 57 attribu-

425 1511 88 50 e
461 1511 158 50 torum
566 1511 105 50 in
619 1511 193 50 diuinis
759 1511 246 50 distinctio
952 1511 211 50 secundum
1092 1511 176 50 rationem

409 1549 109 58 per
472 1549 219 58 quemcumque
644 1549 250 58 intellectum,
847 1549 125 58 siue
925 1549 188 58 creatum,
1066 1549 125 58 siuc
1128 1549 141 58 increa-

414 1596 112 41 tum
478 1596 176 41 sumatur
606 1596 112 41 per
670 1596 272 41 comparationem
893 1596 144 41 eorum
989 1596 96 41 ad
1037 1596 224 41 creaturas,
1197 1596 64 41 in

412 1626 139 54 quibus
510 1626 167 54 realiter
635 1626 251 54 distinguuntur;
844 1626 181 54 dicendum,
983 1626 111 54 quod
1053 1626 153 54 veritas
1151 1626 111 54 istius

413 1677 181 42 articuli
548 1677 150 42 potest
654 1677 181 42 concludi
789 1677 90 42 ex
819 1677 241 42 praecedentibus

424 1707 82 46 1
456 1707 115 46 Nam
522 1707 115 46 cum
588 1707 214 46 attributa
753 1707 165 46 diuina
868 1707 115 46 nec
934 1707 280 46 distinguantur
1165 1707 99 46 ex
1198 1707 66 46 na

415 1747 113 53 tura
485 1747 98 53 rei
542 1747 211 53 formaliter,
710 1747 84 53 vt
753 1747 141 53 patuit
851 1747 84 53 in
893 1747 70 53 2
921 1747 183 53 articulo,
1062 1747 98 53 nec
1118 1747 155 53 possint
1217 1747 42 53 d

411 1786 158 50 stingui
525 1786 86 50 ab
568 1786 143 50 intra,
669 1786 86 50 vt
712 1786 143 50 patuit
812 1786 86 50 in
855 1786 86 50 3.
898 1786 172 50 sequitur
1027 1786 215 50 necessario,
1185 1786 86 50 quod

420 1823 135 51 eorum
510 1823 211 51 distinctio
676 1823 166 51 sumatur
796 1823 75 51 a
826 1823 196 51 quocumque
977 1823 211 51 intellectu
1143 1823 90 51 in
1173 1823 90 51 com-

419 1868 207 43 paratione
579 1868 96 43 ad
627 1868 223 43 creaturas.

418 1902 79 51 2
450 1902 221 51 Praeterea,
623 1902 110 51 hoc
686 1902 126 51 idem
765 1902 142 51 probo
859 1902 126 51 sic.
938 1902 142 51 Nihil
1017 1902 252 51 imperfectionem

410 1944 192 48 includens
558 1944 118 48 esse
632 1944 148 48 potest
736 1944 89 48 in
780 1944 177 48 diuinis,
913 1944 118 48 nisi
987 1944 89 48 in
1031 1944 237 48 comparatione
1209 1944 59 48 ad

415 1982 203 47 creaturas,
575 1982 102 47 sed
633 1982 131 47 omnis
721 1982 203 47 distinctio
880 1982 102 47 per
938 1982 174 47 absoluta
1069 1982 174 47 includit
1185 1982 73 47 ali

408 2020 125 54 quam
486 2020 296 54 imperfectionem:
736 2020 125 54 quia
814 2020 203 54 vbicumque
970 2020 109 54 est
1032 2020 218 54 distinctio
1188 2020 78 54 per

406 2062 176 48 absoluta,
542 2062 108 48 siue
610 2062 95 48 sit
664 2062 190 48 distinctio
813 2062 108 48 rei,
881 2062 108 48 siue
949 2062 176 48 rationis,
1084 2062 149 48 oportet
1179 2062 95 48 neces

411 2101 147 46 sario,
514 2101 117 46 quod
587 2101 220 46 vtrumquesit
763 2101 176 46 finitum,
895 2101 103 46 seu
954 2101 88 46 ad
998 2101 132 46 minus
1086 2101 161 46 alterum
1189 2101 73 46 sit

402 2140 193 46 finitum,
546 2140 112 46 seu
611 2140 273 46 apprehendatur
836 2140 96 46 ad
884 2140 161 46 modum:
996 2140 177 46 finiti:
1125 2140 128 46 quia
1189 2140 64 46 ne

411 2176 167 54 quaquam
532 2176 167 54 possunt
654 2176 122 54 esse
730 2176 137 54 plura
821 2176 182 54 infinita
958 2176 198 54 absolute,
1110 2176 76 54 &
1125 2176 137 54 secudum

411 2220 238 51 perfectionem
604 2220 238 51 essentialem:
797 2220 104 51 cum
857 2220 149 51 igitur
961 2220 208 51 distinctio
1109 2220 149 51 attribu-

405 2264 145 45 torum
502 2264 113 45 sit
566 2264 226 45 distinctio
743 2264 258 45 absolutorum,
953 2264 129 45 ergo
1017 2264 81 45 &c.

421 2293 140 48 Causa
515 2293 140 48 autem
608 2293 155 48 istius
716 2293 264 48 distinctionis
933 2293 93 48 in
980 2293 155 48 ordine
1088 2293 93 48 ad
1119 2293 140 48 nostrum

397 2337 236 51 intellectum,
589 2337 133 51 sicut
677 2337 133 51 dicit
765 2337 147 51 Doctor
868 2337 162 51 noster,
986 2337 74 51 &
1016 2337 133 51 bene,
1104 2337 103 51 est
1148 2337 118 51 exces-

399 2373 107 49 sus
460 2373 169 49 diuinae
583 2373 199 49 essentiae
736 2373 77 49 &
766 2373 184 49 defectus
904 2373 153 49 nostri
1012 2373 245 49 intellectus.

429 2414 120 48 Sed
497 2414 171 48 Contra
617 2414 222 48 praedicta
788 2414 171 48 quidam
908 2414 171 48 Doctor
1028 2414 171 48 arguit
1147 2414 137 48 sic.

426 2450 76 48 1
456 2450 91 48 Si
502 2450 122 48 Deus
578 2450 91 48 in
624 2450 91 48 se
669 2450 107 48 non
730 2450 152 48 posset
837 2450 122 48 suas
913 2450 244 48 perfectiones
1096 2450 167 48 distingue

413 2496 94 39 re,
466 2496 94 39 vel
520 2496 94 39 hoc
574 2496 121 39 esset
655 2496 81 39 ex
695 2496 121 39 parte
776 2496 148 39 diuinae
884 2496 189 39 essentiae,
1032 2496 94 39 vel
1086 2496 81 39 ex
1126 2496 121 39 parte
1194 2496 67 39 di-

402 2529 121 47 uini
478 2529 242 47 intellectus,
674 2529 106 47 non
735 2529 136 47 primo
826 2529 136 47 modo:
917 2529 121 47 quia
993 2529 121 47 tunc
1068 2529 106 47 nec
1114 2529 136 47 creatus

399 2571 227 51 intellectus
580 2571 151 51 posset
686 2571 91 51 in
732 2571 151 51 diuina
838 2571 182 51 essentia
974 2571 242 51 apprehendere
1155 2571 91 51 perf

403 2614 201 41 ctiones;
554 2614 117 41 nec
621 2614 185 41 secundo
756 2614 218 41 modotquia
923 2614 201 41 secundum
1074 2614 185 41 Commen.
1192 2614 67 41 12

406 2648 153 51 metaph
513 2648 229 51 intellectus
696 2648 138 51 aptus
788 2648 138 51 natus
880 2648 107 51 est
941 2648 184 51 diuidere
1079 2648 138 51 etiam
1155 2648 92 51 adu-

408 2693 114 45 nata
479 2693 86 45 in
522 2693 129 45 esse;
608 2693 200 45 distinguit
765 2693 114 45 enim
837 2693 215 45 intellectus
1009 2693 157 45 propter
1123 2693 100 45 sui
1166 2693 86 45 per-

403 2727 251 52 spicacitatem,
610 2727 103 52 vbi
669 2727 148 52 sensus
772 2727 103 52 non
831 2727 148 52 potest
934 2727 236 52 distinguere.
1126 2727 103 52 Cum
1170 2727 74 52 igi

400 2769 95 47 tur
455 2769 203 47 intellectus
617 2769 149 47 diuinus
725 2769 95 47 sit
779 2769 176 47 infinitae
914 2769 270 47 perspicacitatis,
1144 2769 81 47 ex
1171 2769 81 47 par-

407 2803 93 49 te
454 2803 109 49 sui
516 2803 109 49 non
578 2803 171 49 apparet
702 2803 171 49 aliquod
826 2803 248 49 impedimentum
1028 2803 217 49 praedictae
1183 2803 62 49 di

384 2843 194 50 stinctionis

482 2886 191 43 Praeterea,
633 2886 123 43 sicut
715 2886 96 43 ea,
769 2886 109 43 quae
838 2886 109 43 sunt
906 2886 164 43 realiter
1029 2886 164 43 diuersa,
1152 2886 82 43 se
1180 2886 68 43 ha-

405 2924 115 48 bent
477 2924 86 48 ad
520 2924 173 48 vnitatem
649 2924 187 48 rationis,
793 2924 101 48 sic
850 2924 101 48 ea,
908 2924 115 48 quae
980 2924 115 48 sunt
1052 2924 173 48 realiter
1167 2924 86 48 idem

395 2962 90 51 ad
440 2962 240 51 diuersitatem
635 2962 195 51 rationis;
785 2962 105 51 sed
845 2962 105 51 duo
905 2962 195 51 indiuidua
1055 2962 180 51 realiter
1175 2962 75 51 di-

394 2999 147 53 uersa
492 2999 180 53 possunt
623 2999 180 53 concipi
754 2999 98 53 vt
803 2999 131 53 vnum
885 2999 196 53 secundum
1032 2999 196 53 rationem
1163 2999 82 53 spe

408 3042 139 49 ciei;
500 3042 155 49 absque
609 3042 124 49 hoc,
686 3042 124 49 quod
763 3042 232 49 comparentur
949 3042 93 49 ad
995 3042 170 49 aliquod
1119 3042 124 49 vnum
1181 3042 62 49 si

398 3082 160 48 cundum
510 3082 128 48 rem,
590 3082 128 48 ergo
669 3082 112 48 ea,
733 3082 128 48 quae
813 3082 128 48 sunt
893 3082 128 48 vnum
973 3082 192 48 secundum
1116 3082 128 48 rem:
1180 3082 80 48 pos

1305 230 123 84 sunt
1382 230 170 84 concipi
1505 230 93 84 vt
1552 230 232 84 differentia
1737 230 170 84 secudum
1860 230 185 84 rationem
1999 230 154 84 absque
2092 230 77 84 con

1305 300 135 48 quod
1390 300 253 48 comparentur
1592 300 101 48 ad
1643 300 169 48 aliqua
1761 300 186 48 diuersa
1896 300 203 48 secundum
2032 300 84 48 rem

1321 337 75 41 3
1351 337 211 41 Praeterea,
1517 337 271 41 intellectiuum,
1743 337 121 41 quia
1818 337 226 41 virtualiter
1999 337 136 41 plura
2075 337 90 41 con-

1310 379 150 42 tinet,
1415 379 120 42 quam
1490 379 240 42 vegetatiuum,
1685 379 120 42 ideo
1760 379 225 42 distinctius
1940 379 150 42 potest
2030 379 135 42 concipi

1308 414 125 45 quam
1387 414 251 45 vegetatiuum:
1590 414 110 45 cum
1653 414 125 45 ergo
1731 414 188 45 essentia
1872 414 157 45 diuina
1966 414 204 45 virtualiter

1309 455 157 44 infinit
1423 455 86 44 as
1466 455 228 44 perfectiones
1651 455 200 44 contineat,
1808 455 171 44 videtur,
1937 455 114 44 quod
2008 455 143 44 possit
2094 455 71 44 con

1309 487 112 55 cipi
1365 487 239 55 distinctissime.

1320 534 75 46 4
1350 534 210 46 Praeterea,
1515 534 90 46 si
1560 534 240 46 intelligere,
1756 534 75 46 &
1786 534 135 46 velle
1876 534 150 46 essent
1981 534 120 46 idem
2056 534 90 46 in
2086 534 75 46 Dec

1311 575 107 48 re,
1372 575 76 48 &
1402 575 168 48 ratione
1524 575 213 48 intrinsece
1692 575 229 48 considerata
1875 575 259 48 circumscripta
2073 575 91 48 omni

1303 610 262 48 comparatione
1516 610 98 48 ad
1565 610 164 48 extra;
1679 610 131 48 tunc
1761 610 213 48 sequitur,
1925 610 131 48 quod
2007 610 131 48 Deus
2072 610 115 48 esset

1315 656 145 56 malus:
1416 656 116 56 quia
1488 656 101 56 cum
1546 656 203 56 intelligat
1706 656 130 56 mala,
1792 656 116 56 ipse
1865 656 145 56 vellet
1966 656 130 56 mala,
2053 656 101 56 sed
2097 656 72 56 qui

1308 688 126 42 mala
1387 688 126 42 vult
1465 688 141 42 malus
1559 688 126 42 est,
1638 688 126 42 ergo
1701 688 78 42 &c.

1313 724 79 52 3
1345 724 222 52 Praeterea,
1519 724 95 52 si
1566 724 237 52 intellectus
1756 724 158 52 noster
1867 724 95 52 ex
1915 724 111 52 hoc
1978 724 190 52 formaret
2105 724 63 52 de

1314 772 147 48 diuina
1417 772 176 48 essentia
1549 772 176 48 diuersos
1681 772 205 48 conceptus,
1842 772 117 48 quia
1916 772 191 48 exceditur
2062 772 88 48 ab
2092 772 73 48 ea-

1302 811 121 40 eade
1378 811 166 40 ratione
1499 811 91 40 de
1544 811 182 40 quolibet
1680 811 197 40 attributo
1831 811 182 40 formaret
1967 811 182 40 diuersos
2088 811 76 40 com

1301 850 163 52 ceptus:
1420 850 118 52 quia
1493 850 133 52 aeque
1582 850 118 52 bene
1656 850 192 52 exceditur
1804 850 74 52 a
1834 850 148 52 diuina
1937 850 192 52 potentia,
2070 850 89 52 sius

1304 885 198 49 sapientia,
1459 885 127 49 sicut
1544 885 71 49 a
1572 885 141 49 diuina
1671 885 184 49 essentia,
1813 885 71 49 &
1841 885 99 49 sic
1897 885 85 49 in
1940 885 99 49 vno
1996 885 184 49 attributo
2123 885 57 49 es

1306 921 114 52 sent
1377 921 171 52 infinita
1491 921 171 52 attributa.

1321 965 74 52 e
1351 965 209 52 Praeterea,
1515 965 149 52 rectum
1619 965 104 52 est
1679 965 134 52 iudex
1768 965 119 52 sui,
1842 965 74 52 &
1872 965 179 52 obliqui,
2006 965 89 52 vt
2036 965 134 52 dicitur

1302 1008 89 49 T.
1347 1008 89 49 de
1391 1008 148 49 anima:
1494 1008 103 49 cum
1553 1008 118 49 ergo
1627 1008 251 49 perfectiones,
1834 1008 89 49 vt
1878 1008 118 49 sunt
1952 1008 89 49 in
1996 1008 177 49 diuinis,
2114 1008 59 49 ma

1307 1046 111 46 gis
1371 1046 174 46 habeant
1497 1046 190 46 rationem
1640 1046 143 46 recti
1735 1046 95 46 in
1783 1046 222 46 creaturis,
1957 1046 111 46 aut
2005 1046 158 46 rationem

1305 1085 190 38 obliqui,
1447 1085 79 38 &
1479 1085 300 38 imperfecti;ideo
1732 1085 111 38 non
1795 1085 174 38 debemus
1921 1085 190 38 iudicare
2063 1085 95 38 de
2095 1085 79 38 di-

1299 1130 136 36 uinis
1389 1130 272 36 perfectionibus
1616 1130 106 36 per
1676 1130 196 36 iudicium,
1827 1130 121 36 quod
1902 1130 166 36 habemus
2023 1130 91 36 de
2053 1130 106 36 crea-

1307 1160 112 54 tis
1355 1160 257 54 perfectionibus

1315 1205 78 47 2
1347 1205 219 47 Praeterea,
1518 1205 141 47 dato,
1612 1205 125 47 quod
1690 1205 109 47 non
1753 1205 187 47 possumus
1893 1205 219 47 cognoscere
2050 1205 109 47 trini

1310 1244 151 41 tatem
1411 1244 134 41 nisi
1494 1244 117 41 per
1561 1244 201 41 imaginem
1712 1244 201 41 creatam,
1863 1244 117 41 non
1930 1244 151 41 tamen
2013 1244 151 41 debemus

1309 1285 158 55 dicere,
1424 1285 115 55 quod
1495 1285 158 55 persone
1610 1285 86 55 in
1654 1285 187 55 trinitate
1797 1285 101 55 non
1855 1285 115 55 sint
1927 1285 216 55 distinctae,
2085 1285 86 55 nisi

1306 1322 118 54 per
1374 1322 287 54 comparationem
1610 1322 101 54 ad
1661 1322 203 54 imaginem
1813 1322 203 54 crcatam,
1966 1322 118 54 sic
2016 1322 68 54 &c

1306 1365 79 50 3
1338 1365 222 50 Praeterea,
1513 1365 111 50 cum
1576 1365 207 50 creaturae
1735 1365 111 50 non
1799 1365 175 50 fuerint
1926 1365 95 50 ab
1973 1365 191 50 aeterno,
2100 1365 64 50 si

1313 1400 126 54 Deus
1392 1400 205 54 diceretur
1549 1400 189 54 sapiens,
1691 1400 79 54 &
1722 1400 142 54 bonus
1817 1400 142 54 solum
1911 1400 94 54 in
1943 1400 220 54 comparatione

1303 1441 87 54 ad
1347 1441 204 54 creaturas,
1507 1441 116 54 tunc
1580 1441 87 54 ab
1624 1441 160 54 aeterno
1740 1441 102 54 nec
1798 1441 160 54 suisset
1915 1441 175 54 sapiens,
2046 1441 102 54 nec
2089 1441 73 54 bo-

1295 1475 128 54 nus,
1375 1475 128 54 ergo
1439 1475 80 54 &c.

1336 1513 119 48 Sed
1404 1513 136 48 illa
1489 1513 119 48 non
1540 1513 205 48 concludunt

1337 1560 106 50 Ad
1390 1560 177 50 primum
1514 1560 141 50 ergo
1602 1560 230 50 dicendum,
1779 1560 141 50 quod
1868 1560 194 50 propter
1991 1560 177 50 intimam,

1307 1590 110 62 seu
1370 1590 205 62 omnimodam
1528 1590 268 62 simplicitatem
1749 1590 174 62 diuinae
1875 1590 221 62 essentiae,
2049 1590 79 62 &
2064 1590 95 62 pro-

1318 1640 106 42 ter
1378 1640 197 42 perfectam
1530 1640 151 42 diuini
1636 1640 227 42 intellectus
1817 1640 257 42 adaequationem
2014 1640 151 42 respectu

1301 1679 132 42 talis
1389 1679 191 42 essentiae
1536 1679 117 42 Deus
1609 1679 103 42 non
1668 1679 176 42 concipit
1800 1679 117 42 eam,
1873 1679 117 42 nisi
1946 1679 103 42 sub
2005 1679 103 42 vna
2049 1679 117 42 perfe-

1298 1717 187 50 ctissima
1438 1717 171 50 ratione
1563 1717 218 50 intrinsece
1734 1717 109 50 eam
1796 1717 233 50 concipiendo
1982 1717 155 50 absque
2076 1717 93 50 omni

1303 1753 237 48 comparatione
1496 1753 89 48 ad
1540 1753 207 48 creaturas,
1703 1753 104 48 nec
1762 1753 89 48 ex
1807 1753 104 48 hoc
1866 1753 163 48 diuinus
1970 1753 192 48 intellectus

1309 1797 105 52 est
1369 1797 165 52 minoris
1489 1797 300 52 perspicacitatis,
1745 1797 105 52 sed
1805 1797 180 52 maioris;
1940 1797 135 52 Omnis
2030 1797 120 52 enim
2090 1797 75 52 in-

1314 1830 187 47 tellectus
1458 1830 173 47 diuidens
1587 1830 101 47 ea,
1645 1830 115 47 quae
1717 1830 115 47 sunt
1789 1830 187 47 realiter,
1933 1830 72 47 &
1948 1830 216 47 essentialiter

1303 1874 133 52 vnum,
1392 1874 103 52 vel
1451 1874 103 52 hoc
1510 1874 133 52 facit
1598 1874 89 52 ex
1643 1874 103 52 sua
1702 1874 266 52 imperfectione,
1923 1874 103 52 vel
1982 1874 103 52 hoc
2041 1874 133 52 facit
2115 1874 59 52 ad

1304 1914 129 54 aliqua
1394 1914 180 54 aspiciens,
1536 1914 103 54 quae
1600 1914 154 54 realiter
1716 1914 116 54 sunt,
1793 1914 90 54 vel
1844 1914 154 54 poterunt
1960 1914 103 54 esse
2012 1914 154 54 distincta.

1337 1946 96 55 Ad
1385 1946 191 55 secundum
1528 1946 207 55 dicendum,
1687 1946 127 55 quod
1767 1946 143 55 minor
1862 1946 111 55 est
1926 1946 159 55 falsa:
2038 1946 127 55 quia
2101 1946 64 55 ex

1301 1981 125 55 hoc,
1380 1981 110 55 que
1442 1981 235 55 intellectus
1631 1981 141 55 videt
1725 1981 173 55 Sortem,
1850 1981 78 55 &
1882 1981 173 55 hominem
2007 1981 125 55 esse
2070 1981 94 55 idem

1303 2027 199 45 secundum
1452 2027 132 45 rem,
1535 2027 83 45 &
1568 2027 215 45 similiter
1734 2027 215 45 Platonem,
1899 2027 83 45 &
1932 2027 182 45 hominem
2065 2027 132 45 esse

1300 2066 129 48 idem
1380 2066 193 48 secundum
1525 2066 129 48 rem,
1605 2066 161 48 igitur
1718 2066 193 48 concipit
1863 2066 177 48 Sortem,
1991 2066 80 48 &
2007 2066 161 48 Platonem

1301 2107 121 59 esse
1377 2107 121 59 idem
1452 2107 136 59 inter
1543 2107 91 59 se
1589 2107 182 59 secundum
1725 2107 136 59 illam
1816 2107 121 59 vnam
1892 2107 182 59 rationem
2013 2107 152 59 speciel-

1301 2145 112 54 cum
1365 2145 112 54 qua
1429 2145 192 54 quilibet
1573 2145 176 54 seorsum
1701 2145 208 54 conceptus
1861 2145 112 54 est
1925 2145 128 54 idem
1989 2145 176 54 realiter.

1302 2191 105 49 Ad
1355 2191 193 49 tertium
1495 2191 228 49 dicendum,
1671 2191 140 49 quod
1759 2191 193 49 quamuis
1899 2191 158 49 anima
1987 2191 175 49 intelle-

1296 2219 132 55 ctiua
1384 2219 176 55 includat
1516 2219 278 55 substantialiter
1750 2219 220 55 sensitiuum,
1926 2219 73 55 &
1955 2219 234 55 vegetatiuum,

1296 2264 106 55 ita
1356 2264 121 55 quod
1432 2264 106 55 non
1492 2264 121 55 sunt
1568 2264 151 55 plures
1674 2264 151 55 formae
1779 2264 257 55 substantiales
1991 2264 91 55 in
2021 2264 136 55 homine;

1303 2310 186 50 possumus
1442 2310 139 50 tamen
1535 2310 124 50 ipsa
1612 2310 201 50 distincte
1767 2310 201 50 concipere
1922 2310 232 50 aspicientes
2092 2310 62 50 ad

1293 2347 118 45 suas
1367 2347 207 45 potentias,
1529 2347 148 45 actus,
1633 2347 74 45 &
1662 2347 177 45 obiecta,
1795 2347 89 45 in
1839 2347 148 45 quibus
1942 2347 162 45 omnibus
2046 2347 103 45 reali

1299 2383 254 42 multitudinem
1505 2383 222 42 inuenimus.
1680 2383 127 42 Nisi
1759 2383 127 42 enim
1839 2383 238 42 intellectus
2013 2383 143 42 aliquod

1296 2423 198 49 apparens,
1448 2423 107 49 seu
1509 2423 167 49 motiuum
1631 2423 91 49 ex
1676 2423 152 49 aliquo
1783 2423 167 49 illorum
1905 2423 213 49 acciperet,
2057 2423 91 49 puta

1300 2467 98 50 vel
1356 2467 84 50 ex
1398 2467 195 50 potentiis,
1551 2467 98 50 vel
1607 2467 84 50 ex
1648 2467 167 50 actibus,
1774 2467 98 50 vel
1830 2467 84 50 ex
1871 2467 181 50 obiectis,
2011 2467 125 50 ipsum
2080 2467 70 50 in-

1293 2498 239 58 tellectiuum
1484 2498 96 58 in
1532 2498 96 58 se
1580 2498 207 58 distincte
1739 2498 175 58 numquam
1867 2498 239 58 conciperet,
2042 2498 96 58 quan

1299 2537 178 53 tumlibet
1433 2537 252 53 intellectiuum
1640 2537 133 53 multa
1729 2537 222 53 virtualiter
1907 2537 222 53 contineret,
2070 2537 74 53 ma-

1287 2580 113 45 xime
1358 2580 85 45 si
1400 2580 213 45 intellectus
1570 2580 170 45 perfecte
1698 2580 241 45 intelligeret,
1897 2580 128 45 alias
1982 2580 156 45 propter
2081 2580 71 45 sui

1290 2615 275 57 imperfectionem
1519 2615 107 57 non
1580 2615 153 57 valens
1687 2615 229 57 quidditatem
1871 2615 107 57 rei
1932 2615 199 57 perfectae
2070 2615 76 57 com

1304 2661 214 38 rehendere,
1472 2661 153 38 posset
1579 2661 92 38 de
1625 2661 138 38 eadem
1716 2661 92 38 re
1762 2661 153 38 multas
1869 2661 260 38 descriptiones
2068 2661 76 38 for

1289 2701 142 51 mare,
1384 2701 95 51 in
1431 2701 110 51 qua
1494 2701 221 51 formatione
1667 2701 142 51 adhuc
1762 2701 236 51 inniteretur
1951 2701 158 51 alicui
2046 2701 110 51 reali

1284 2739 248 40 multitudini,
1485 2739 124 40 puta
1562 2739 186 40 diuersis
1702 2739 248 40 accidentibus
1903 2739 170 40 eiusdem
2012 2739 139 40 quiddi-

1296 2775 144 46 tatis,
1397 2775 72 46 a
1425 2775 144 46 quibus
1526 2775 202 46 conciperet
1685 2775 130 46 tales
1772 2775 173 46 diuersas
1887 2775 231 46 descriptiones.

1331 2813 94 52 Ad
1378 2813 172 52 quartum
1503 2813 156 52 dicunt
1612 2813 156 52 nostri
1722 2813 187 52 iuniores
1862 2813 203 52 Doctores,
2003 2813 156 52 volentes

1283 2848 183 49 saluare
1417 2848 250 49 venerabilem
1616 2848 200 49 Doctorem
1766 2848 183 49 nostrum
1899 2848 216 49 AEgidium,
2049 2848 100 49 quod

1286 2890 104 62 ibi
1346 2890 148 62 falsum
1449 2890 208 62 assumitur:
1613 2890 119 62 quia
1687 2890 238 62 intelligere,
1880 2890 74 62 &
1910 2890 134 62 velle
1999 2890 89 62 in
2043 2890 104 62 Deo
2088 2890 74 62 dif

1287 2925 145 52 ferunt
1375 2925 145 52 ratione.

1326 2945 107 79 Sed
1387 2945 122 79 isti
1463 2945 107 79 non
1524 2945 122 79 bene
1600 2945 198 79 respodent
1753 2945 183 79 connexe,
1891 2945 107 79 nec
1952 2945 92 79 ad
1997 2945 137 79 dicta
2074 2945 76 79 sua

1284 3014 104 51 nec
1343 3014 89 51 ad
1388 3014 133 51 dicta
1477 3014 163 51 fratris
1595 3014 178 51 AEgidij:
1729 3014 119 51 quia
1803 3014 178 51 secundum
1936 3014 119 51 quod
2011 3014 119 51 isti
2070 3014 74 51 mer

1295 3045 161 58 dicunt,
1412 3045 73 58 &
1442 3045 88 58 ex
1486 3045 146 58 dictis
1588 3045 176 58 Doctoris
1720 3045 146 58 nostri
1822 3045 161 58 habetur
1939 3045 190 58 expresse,
2071 3045 73 58 di-

1292 3082 172 60 stinctio
1421 3082 172 60 rationis
1550 3082 86 60 in
1593 3082 201 60 attributis
1752 3082 158 60 diuinis
1867 3082 201 60 innascitur
2025 3082 86 60 ex
2053 3082 101 60 compa
