2431 3553
246 244 145 67 Sicut
343 244 129 67 enim
424 244 162 67 Sortes
537 244 210 67 nonpotest
698 244 210 67 generare,
860 244 129 67 nisi
924 244 162 67 hominem,

214 302 131 44 dato,
302 302 117 44 quod
375 302 190 44 humanitas
521 302 102 44 sit
579 302 117 44 sibi
653 302 204 44 principium
813 302 204 44 generandi,
974 302 102 44 sic
1018 302 58 44 &c

208 340 90 43 Si
253 340 135 43 autem
343 340 135 43 talis
432 340 194 43 generatio
582 340 135 43 esset
671 340 209 43 aequiuoca,
836 340 120 43 tunc
911 340 135 43 pater
985 340 90 43 esse

203 381 193 45 nobilior,
351 381 74 45 &
381 381 163 45 dignior
499 381 148 45 filio:
603 381 119 45 quia
677 381 89 45 in
722 381 119 45 omni
796 381 222 45 generatione
973 381 148 45 aequi¬

209 423 136 49 uoca,
300 423 91 49 in
345 423 106 49 qua
405 423 166 49 gignens
526 423 106 49 est
587 423 151 49 totale
692 423 211 49 principium
858 423 166 49 geniti,
964 423 121 49 semper

219 459 169 58 gignens
342 459 108 58 est
403 459 184 58 nobilius
526 459 138 58 genito.

234 509 76 45 3
264 509 212 45 Praeterea,
430 509 91 45 si
476 509 212 45 paternitas
642 509 136 45 esset
732 509 91 45 in
778 509 136 45 patre
868 509 212 45 principium
1020 509 60 45 ge

208 537 180 46 nerandi,
343 537 120 46 tunc
418 537 180 46 formalis
553 537 180 46 terminus
689 537 240 46 generationis
884 537 150 46 genito
989 537 75 46 a
1004 537 75 46 ge-

207 578 178 51 nerante
337 578 260 51 communicatus
548 578 211 51 excederet
710 578 260 51 perfectione,
921 578 81 51 &
937 578 146 51 dignita

203 622 95 48 re
251 622 142 48 ipsum
345 622 221 48 principium
519 622 205 48 generandi
677 622 221 48 consequens
851 622 111 48 est
914 622 174 48 falsum,
1025 622 63 48 er

217 656 91 56 go
262 656 76 56 &
293 656 227 56 antecedens,
474 656 182 56 falsitas
610 656 242 56 consequentis
807 656 182 56 apparet:
943 656 121 56 quia
1003 656 76 56 qui

209 697 132 53 quid
292 697 165 53 genito
408 697 116 53 per
474 697 264 53 generationem
689 697 281 53 communicatur,
920 697 116 53 hoc
969 697 116 53 totum

200 738 103 48 Tel
259 738 221 48 formaliter,
436 738 103 48 vel
495 738 221 48 virtualiter
673 738 207 48 continetur
835 738 89 48 in
879 738 192 48 principio
1012 738 74 48 pro

213 778 183 43 ductiuo,
350 778 122 43 siuc
426 778 92 43 in
472 778 183 43 potentia
609 778 229 43 generatiua,
792 778 107 43 qua
853 778 183 43 generans
975 778 107 43 gene-

219 821 120 42 rat.
294 821 105 42 Sed
354 821 120 42 quod
430 821 211 42 formaliter
595 821 105 42 vel
655 821 226 42 virtualiter
836 821 90 42 in
881 821 151 42 aliquo
972 821 120 42 conti-

203 863 159 42 netur,
314 863 111 42 non
378 863 111 42 est
441 863 222 42 perfectius
615 863 111 42 eo,
679 863 254 42 consequentia
885 863 174 42 apparet
996 863 95 42 imme

217 892 149 48 diate:
321 892 119 48 quia
396 892 179 48 essentia
530 892 149 48 diuina
634 892 104 48 per
693 892 238 48 generationem
887 892 134 48 filio
961 892 119 48 commu-

212 936 194 41 nicatur,
357 936 129 41 quae
438 936 194 41 secundum
584 936 129 41 suam
665 936 194 41 formalem
810 936 194 41 rationem
956 936 113 41 est
1004 936 81 41 per

207 969 192 51 fectionis
355 969 207 51 infinitae,
517 969 118 51 quod
591 969 89 51 de
635 969 221 51 paternitate
812 969 148 51 dicere
916 969 103 51 non
960 969 118 51 possu-

200 1011 131 48 mus,
282 1011 115 48 cum
347 1011 197 48 secundum
495 1011 131 48 suam
577 1011 197 48 formalem
724 1011 213 48 rationem,
888 1011 115 48 uel
954 1011 115 48 sit
1003 1011 82 48 per

201 1058 185 48 fectionis
343 1058 171 48 finitae,
471 1058 85 48 vt
513 1058 142 48 aliqui
613 1058 156 48 dicunt,
727 1058 99 48 vel
784 1058 85 48 ad
826 1058 128 48 minus
911 1058 99 48 non
968 1058 99 48 est
1011 1058 71 48 por

201 1090 190 50 sectionis
348 1090 205 50 infinitae,
509 1090 88 50 vt
552 1090 117 50 alij
611 1090 117 50 dicunt

213 1130 81 50 4
245 1130 211 50 Praeterea
408 1130 114 50 id,
473 1130 130 50 quod
554 1130 114 50 non
619 1130 163 50 potest
733 1130 130 50 dare
815 1130 195 50 virtutem
945 1130 146 50 essendi

198 1178 253 41 simpliciter,
403 1178 110 41 non
467 1178 158 41 potest
577 1178 142 41 etiam
672 1178 126 41 dare
751 1178 189 41 virtutem
893 1178 158 41 agendi
987 1178 95 41 sim-

198 1216 193 46 pliciter,
346 1216 119 46 quia
421 1216 133 46 agere
510 1216 237 46 praesupponit
702 1216 133 46 esse:
791 1216 104 46 sed
851 1216 163 46 relatio
969 1216 104 46 non
1014 1216 74 46 po-

216 1257 121 37 test
291 1257 121 37 dare
367 1257 181 37 virtutem
502 1257 166 37 essendi
623 1257 241 37 simpliciter:
819 1257 106 37 cum
879 1257 106 37 non
939 1257 151 37 habeat
1030 1257 45 37 e

202 1286 95 59 se,
257 1286 95 59 sed
311 1286 82 59 ad
352 1286 123 59 esse,
434 1286 95 59 nec
488 1286 95 59 sit
543 1286 163 59 aliquid,
665 1286 95 59 sed
720 1286 82 59 ad
747 1286 136 59 aliquid.

291 1326 201 49 Praeterea,
449 1326 86 49 si
492 1326 172 49 potentia
621 1326 187 49 generandi
765 1326 129 49 esset
851 1326 115 49 ipsa
909 1326 172 49 paternitas

211 1365 122 51 tunc
287 1365 152 51 filius
393 1365 106 51 Dei
454 1365 106 51 non
515 1365 137 51 esset
606 1365 213 51 omnipotens
773 1365 213 51 consequens
940 1365 106 51 est
986 1365 91 51 hae-

200 1406 184 50 reticum:
338 1406 123 50 quia
414 1406 77 50 i
445 1406 169 50 svmbolo
567 1406 215 50 catholicae
736 1406 138 50 fidei
828 1406 184 50 dicitur,
950 1406 123 50 Omnipo

210 1453 121 38 tens
285 1453 151 38 pater,
391 1453 197 38 ommpotens
543 1453 166 38 filius,
664 1453 212 38 omnipotens
815 1453 272 38 spiritussanctus:

211 1481 129 59 probo
296 1481 257 59 consequentiam,
511 1481 114 59 quia
582 1481 114 59 ille
654 1481 100 59 non
711 1481 100 59 est
768 1481 186 59 oipotens,
911 1481 100 59 cui
953 1481 129 59 deficit

199 1530 163 47 aliqua
313 1530 212 47 potentia;
476 1530 114 47 sed
541 1530 228 47 paternitas
720 1530 114 47 non
786 1530 163 47 potest
883 1530 196 47 communicar

215 1569 159 40 filio,
326 1569 127 40 ergo
406 1569 159 40 filius
517 1569 111 40 non
581 1569 159 40 potest
692 1569 159 40 habere
804 1569 143 40 omnem
883 1569 191 40 potentiam.

224 1607 75 47 e
254 1607 210 47 Praeterea,
419 1607 90 47 si
463 1607 210 47 paternitas
628 1607 135 47 esset
718 1607 90 47 in
763 1607 135 47 patre
853 1607 180 47 potentia
972 1607 105 47 gene-

209 1644 145 48 randi,
310 1644 203 48 paternitas
470 1644 131 48 esset
557 1644 203 48 perfectior
716 1644 203 48 filiatione
876 1644 203 48 consequens
1021 1644 73 48 est

210 1683 161 47 falsum:
327 1683 117 47 quia
401 1683 117 47 tunc
474 1683 146 47 filius
576 1683 132 47 esset
664 1683 234 47 imperfectior
854 1683 146 47 patre:
956 1683 102 47 Nam
1000 1683 88 47 quam

207 1725 178 42 docunque
340 1725 104 42 duo
400 1725 192 42 supposita
547 1725 104 42 sic
607 1725 89 42 se
651 1725 163 42 habent,
769 1725 118 42 quod
843 1725 207 42 principium
991 1725 89 42 con-

211 1761 207 45 stitutiuum
374 1761 133 45 vnius
463 1761 104 45 est
522 1761 192 45 nobilius,
670 1761 74 45 &
699 1761 207 45 perfectius
862 1761 192 45 principio
995 1761 89 45 con-

206 1803 193 47 stitutiuo
355 1803 193 47 alterius,
503 1803 134 47 illud
592 1803 104 47 est
652 1803 193 47 nobilius,
800 1803 74 47 &
830 1803 223 47 perfectius,
993 1803 89 47 quod

218 1836 191 46 nobiliori
365 1836 118 46 modo
439 1836 250 46 constituitur,
644 1836 103 46 sed
703 1836 132 46 pater
791 1836 235 46 constituitur
982 1836 88 46 in
1012 1836 73 46 es-

208 1876 82 53 se
249 1876 204 53 suppositali
413 1876 218 53 paternitate,
590 1876 68 53 &
617 1876 136 53 filius
712 1876 204 53 filiatione,
876 1876 109 53 ergo
944 1876 82 53 si
971 1876 109 53 pater.

217 1912 122 50 nitas
299 1912 122 50 esset
380 1912 189 50 perfectior
529 1912 203 50 filiatione,
691 1912 135 50 filius
785 1912 122 50 esset
867 1912 216 50 imperfectior
1029 1912 54 50 pa

212 1965 128 48 tre,
292 1965 272 48 consequentiam
516 1965 144 48 probo
595 1965 208 48 dupliciter,

249 1995 164 46 Primo:
364 1995 132 46 quia
446 1995 263 46 quandocunque
660 1995 164 46 illud,
775 1995 115 46 quo
840 1995 197 46 generans
972 1995 115 46 gene-

209 2033 122 50 rat,
285 2033 106 50 non
346 2033 106 50 est
406 2033 137 50 forma
497 2033 167 50 eiusdem
619 2033 167 50 speciei
741 2033 106 50 cum
801 2033 137 50 forma
892 2033 167 50 geniti,
999 2033 91 50 tunc

207 2081 201 41 necessario
365 2081 100 41 est
422 2081 201 41 perfectior
580 2081 100 41 ea:
637 2081 115 41 quia
709 2081 172 41 continet
838 2081 100 41 cam
881 2081 201 41 virtualiter,

207 2112 102 51 sed
266 2112 219 51 paternitas,
441 2112 73 51 &
471 2112 176 51 filiatio
602 2112 102 51 non
661 2112 117 51 sunt
734 2112 146 51 formae
836 2112 161 51 eiusdem
939 2112 146 51 speciei;

212 2156 119 52 plus
287 2156 119 52 enim
361 2156 164 52 differt
481 2156 224 52 paternitas,
660 2156 75 52 &
690 2156 194 52 filiatio,
839 2156 119 52 quam
899 2156 179 52 paternitas

210 2194 75 47 &
240 2194 225 47 paternitas,
420 2194 105 47 sed
480 2194 120 47 duae
555 2194 240 47 paternitates
750 2194 195 47 differunt
900 2194 165 47 numero,
1005 2194 75 47 er-

215 2231 89 60 go
260 2231 222 60 paternitas,
437 2231 74 60 &
467 2231 177 60 filiatio
600 2231 192 60 differunt
733 2231 133 60 specie.

255 2268 171 55 Secundo:
383 2268 114 55 quia
454 2268 227 55 quandocunque
638 2268 114 55 duae
710 2268 142 55 formae
809 2268 99 55 sic
866 2268 85 55 se
908 2268 142 55 habet,
994 2268 85 55 quid

217 2309 96 50 vna
272 2309 96 50 dat
327 2309 96 50 suo
381 2309 191 50 supposito,
532 2309 109 50 quod
600 2309 123 50 agat,
682 2309 68 50 &
710 2309 137 50 altera
805 2309 109 50 non,
874 2309 109 50 dans
942 2309 96 50 est
983 2309 96 50 nobi-

209 2349 125 53 lior
287 2349 109 53 non
350 2349 156 53 dante,
458 2349 109 53 sed
521 2349 187 53 secundum
661 2349 109 53 te,
723 2349 109 53 qui
785 2349 140 53 dicis
863 2349 218 53 paternitatem

219 2389 124 45 esse
296 2389 217 45 principium
466 2389 217 45 generandi;
636 2389 217 45 paternitas
806 2389 108 45 dat
868 2389 108 45 suo
915 2389 170 45 supposito

214 2427 144 51 agere
310 2427 96 51 ad
358 2427 144 51 intra
454 2427 192 51 secundum
598 2427 256 51 nobilissimam
806 2427 256 51 operationem,
1014 2427 112 51 sed

211 2471 171 50 filiatio
339 2471 100 50 hoc
396 2471 128 50 filio
482 2471 114 50 dare
553 2471 100 50 non
610 2471 157 50 potest,
725 2471 114 50 ergo
782 2471 71 50 &c.

256 2506 163 50 Secundo
375 2506 133 50 dico,
464 2506 119 50 quod
538 2506 178 50 potentia
671 2506 193 50 generandi
819 2506 89 50 in
864 2506 178 50 diuinis,
982 2506 104 50 quan-

219 2548 107 50 tum
280 2548 92 50 ad
326 2548 122 50 suum
402 2548 214 50 principale
570 2548 259 50 significatum,
783 2548 137 50 dicit
875 2548 107 50 rem
920 2548 168 50 simplici-

224 2584 110 55 ter
287 2584 204 55 absolutam
444 2584 188 55 scilicet
585 2584 173 55 diuinam
711 2584 220 55 essentiam:
883 2584 125 55 Quia
962 2584 94 55 in
993 2584 94 55 omni

215 2629 237 53 generatione
405 2629 174 53 vniuoca
531 2629 142 53 illud
626 2629 111 53 est
690 2629 221 53 principium
864 2629 221 53 generandi,
1022 2629 63 53 in

232 2664 100 57 quo
289 2664 157 57 genitum
403 2664 215 57 assimilatur
575 2664 200 57 generanti;
733 2664 100 57 sed
790 2664 100 57 hoc
847 2664 86 57 in
890 2664 129 57 patre
976 2664 100 57 est
1019 2664 57 57 di

224 2715 116 41 uina
296 2715 188 41 essentia,
441 2715 116 41 ergo
513 2715 101 41 &c.
571 2715 130 41 Maior
658 2715 145 41 patet:
760 2715 116 41 quia
832 2715 101 41 cum
890 2715 72 41 i
905 2715 188 41 generatione

219 2743 150 52 vniuoca
329 2743 178 52 generans,
465 2743 68 52 &
493 2743 150 52 genitum
602 2743 109 52 sint
670 2743 150 52 eiusdem
780 2743 164 52 naturae,
903 2743 164 52 oportet,
1012 2743 82 52 quod

224 2781 183 51 terminus
361 2781 244 51 productionis
559 2781 229 51 assimiletur
742 2781 198 51 principio
895 2781 229 51 productiuo.

270 2822 134 48 Forte
360 2822 149 48 dices,
464 2822 119 48 quod
539 2822 119 48 illa
613 2822 194 48 generatio
762 2822 104 48 non
822 2822 104 48 sit
867 2822 149 48 vniuoca.

243 2867 73 47 2
273 2867 117 47 Item
346 2867 146 47 dices,
448 2867 132 47 sicut
536 2867 146 47 aliqui
638 2867 190 47 dixerunt,
785 2867 117 47 quod
858 2867 88 47 in
902 2867 176 47 essentia
1019 2867 73 47 non

229 2903 100 53 est
286 2903 85 53 in
328 2903 157 53 diuinis
442 2903 228 53 assimilatio,
628 2903 100 53 sed
670 2903 157 53 identitas

250 2944 95 49 Ad
298 2944 158 49 primum
409 2944 222 49 respondeo,
583 2944 127 49 quod
662 2944 111 49 sic
726 2944 158 49 dicedo
836 2944 95 49 tu
884 2944 158 49 tollis
979 2944 111 49 omnem

231 2986 234 47 aequalitatem
422 2986 132 47 inter
510 2986 176 47 gignens,
642 2986 73 47 &
671 2986 176 47 genitum,
803 2986 103 47 seu
862 2986 132 47 inter
949 2986 147 47 patre,
1052 2986 73 47 &

229 3019 141 49 filiu,
328 3019 113 49 quia
398 3019 184 49 generatio
540 3019 184 49 aequiuoca
681 3019 99 49 non
738 3019 170 49 requirit
865 3019 226 49 aequalitatem
1034 3019 57 49 in

232 3064 99 44 ter
288 3064 170 44 gignens,
416 3064 71 44 &
444 3064 170 44 genitum,
571 3064 99 44 nec
628 3064 85 44 in
670 3064 226 44 perfectione,
854 3064 99 44 nec
910 3064 85 44 in
939 3064 155 44 quacunque

215 3097 126 57 alia
294 3097 220 57 conditione
467 3097 94 57 ad
514 3097 236 57 dignitatem,
703 3097 79 57 &
734 3097 236 57 nobilitatem
907 3097 189 57 spectante

1159 255 87 62 Ad
1202 255 174 62 secundum
1332 255 130 62 dico,
1419 255 116 62 quod
1491 255 87 62 vt
1535 255 159 62 dicitur
1650 255 87 62 in
1694 255 260 62 predicamentis,
1896 255 87 62 secu

1114 313 92 49 da
1160 313 214 49 substantia
1327 313 107 49 non
1388 313 107 49 est
1449 313 107 49 hoc
1510 313 183 49 aliquid,
1648 313 107 49 sed
1709 313 137 49 quale
1800 313 137 49 quid:
1876 313 92 49 ideo

1116 354 131 36 quae
1197 354 229 36 conueniunt
1377 354 98 36 in
1426 354 229 36 substantia
1606 354 180 36 secunda
1737 354 196 36 dicuntur
1868 354 114 36 simi-

1121 393 108 42 lia:
1188 393 108 42 quia
1255 393 162 42 proprium
1376 393 94 42 est
1430 393 189 42 qualitatis
1578 393 162 42 secundum
1700 393 94 42 eam
1754 393 135 42 simile
1848 393 94 42 vel
1888 393 81 42 dis-

1118 423 132 62 simile
1210 423 106 62 dici
1276 423 93 62 Sed
1329 423 159 62 essentia
1448 423 132 62 diuina
1541 423 93 62 sic
1594 423 79 62 se
1633 423 132 62 habet,
1726 423 106 62 quod
1792 423 106 62 ipsa
1858 423 106 62 uere
1911 423 66 62 est

1123 469 118 42 hoc,
1197 469 74 42 &
1226 469 103 42 hoc
1285 469 177 42 aliquid,
1418 469 74 42 &
1447 469 88 42 in
1491 469 103 42 hoc
1550 469 177 42 conuenit
1683 469 103 42 cum
1741 469 147 42 primis
1830 469 147 42 substam-

1122 508 145 45 tiis,
1219 508 81 45 &
1251 508 145 45 tamen
1348 508 145 45 habet
1445 508 177 45 quandam
1574 508 274 45 similitudinem
1800 508 113 45 cum
1848 508 129 45 secun-

1117 544 96 43 dis
1172 544 218 43 substantiis,
1349 544 82 43 eo
1390 544 109 43 quod
1458 544 96 43 sit
1513 544 205 43 reperibilis
1677 544 82 43 in
1718 544 177 43 pluribus;
1854 544 109 43 ideo
1909 544 68 43 ra-

1108 583 143 56 tione
1203 583 159 56 primae
1315 583 254 56 conditionis,
1521 583 111 56 qua
1585 583 191 56 conuenit
1728 583 111 56 cum
1791 583 159 56 primis
1887 583 95 56 sub-

1116 621 194 53 stantus,
1261 621 210 53 supposita
1422 621 161 53 diuina
1535 621 194 53 dicuntur
1681 621 194 53 secundum
1826 621 113 53 eam
1874 621 97 53 idem

1116 665 165 51 ratione
1236 665 120 51 vero
1311 665 180 51 secundae
1446 665 240 51 conditionis,
1641 665 105 51 qua
1701 665 180 51 conuenit
1836 665 105 51 cum
1881 665 105 51 secu-

1111 706 97 45 dis
1167 706 222 45 substantijs,
1347 706 153 45 possunt
1458 706 111 45 dici
1527 706 166 45 similia:
1652 706 69 45 &
1680 706 125 45 quia,
1763 706 83 45 vt
1805 706 180 45 reperitur
1930 706 55 45 in

1113 749 208 46 generante,
1276 749 74 46 &
1306 749 163 46 genito,
1424 749 104 46 qui
1484 749 208 46 necessario
1647 749 208 46 differunt,
1810 749 119 46 ipsa
1869 749 104 46 habet

1116 785 139 57 modum
1208 785 185 57 secundae
1347 785 247 57 substantiae,
1547 785 123 57 ergo
1624 785 185 57 gignens,
1763 785 77 57 &
1794 785 170 57 genitum
1902 785 77 57 se-

1114 822 151 40 cundum
1219 822 105 40 eam
1280 822 166 40 possunt
1400 822 120 40 dici
1475 822 181 40 similia.

1135 858 74 51 2
1165 858 208 51 Praeterea,
1328 858 89 51 in
1373 858 119 51 omni
1447 858 223 51 productione
1625 858 238 51 substantiali
1804 858 178 51 principium

1109 903 200 47 productiuum
1269 903 93 47 est
1322 903 200 47 substantia,
1482 903 93 47 sed
1536 903 120 47 filij
1616 903 93 47 Dei
1669 903 187 47 generatio,
1816 903 93 47 cum
1869 903 93 47 non
1909 903 67 47 sit

1108 942 223 44 accidentalis
1289 942 167 44 oportet,
1415 942 111 44 quod
1484 942 98 44 sit
1540 942 181 44 productio
1679 942 251 44 substantialis.

1129 979 76 51 3
1159 979 212 51 Praeterea,
1326 979 91 51 in
1371 979 106 51 omi
1432 979 242 51 productione,
1629 979 106 51 ubi
1689 979 151 51 natura
1780 979 197 51 producentis

1107 1015 248 52 communicatur
1308 1015 201 52 producto,
1462 1015 108 52 ibi
1524 1015 155 52 natura
1633 1015 93 52 in
1679 1015 217 52 producente
1849 1015 108 52 est
1896 1015 77 52 ra-

1107 1059 105 52 tio
1167 1059 255 52 productionis;
1377 1059 105 52 sed
1437 1059 90 52 in
1482 1059 135 52 filii
1572 1059 105 52 Dei
1632 1059 225 52 generatione
1812 1059 150 52 natura
1902 1059 75 52 pdu

1108 1097 148 42 centis
1212 1097 237 42 communicatur
1404 1097 192 42 producto,
1552 1097 133 42 alias
1641 1097 148 42 filius
1745 1097 104 42 non
1804 1097 133 42 esset
1878 1097 89 42 Deus

1116 1133 102 47 sed
1175 1133 131 47 esset
1262 1133 175 47 creatura
1394 1133 175 47 producta
1525 1133 88 47 in
1569 1133 146 47 aliena
1671 1133 219 47 substantia;
1846 1133 131 47 maior
1919 1133 58 47 pa

1117 1176 107 44 tet
1178 1176 107 44 per
1239 1176 230 44 inductionem
1423 1176 92 44 in
1469 1176 184 44 singulis
1607 1176 168 44 talibus
1714 1176 260 44 productionibus,

1136 1216 71 44 4
1164 1216 200 44 Praeterea,
1322 1216 143 44 illud,
1422 1216 114 44 quod
1493 1216 100 44 est
1550 1216 129 44 patri
1636 1216 172 44 perfecta
1765 1216 129 44 ratio
1836 1216 143 44 intelli-

1121 1249 157 57 gendi,
1231 1249 141 57 illud
1325 1249 110 57 est
1388 1249 204 57 perfectum
1544 1249 219 57 principium
1717 1249 157 57 verbum
1811 1249 172 57 producen-

1120 1280 109 59 di,;
1189 1280 96 59 sed
1243 1280 164 59 essentia
1366 1280 96 59 est
1421 1280 109 59 sibi
1489 1280 164 59 perfecta
1613 1280 123 59 ratio
1695 1280 123 59 omnia
1763 1280 205 59 intelligendi,

1106 1333 127 42 ergo
1185 1333 111 42 &c.
1249 1333 143 42 Maior
1344 1333 158 42 patet:
1455 1333 127 42 quia
1534 1333 158 42 verbum
1645 1333 238 42 producitur,
1835 1333 111 42 cum
1882 1333 95 42 obie

1120 1371 115 47 ctum
1191 1371 172 47 perfecte
1321 1371 244 47 intelligitur,
1522 1371 129 47 minor
1608 1371 129 47 etiam
1695 1371 101 47 est
1752 1371 129 47 nota:
1838 1371 115 47 quia
1896 1371 86 47 per-

1121 1408 122 55 nihil
1203 1408 135 55 aliud,
1297 1408 108 55 quam
1365 1408 95 55 per
1419 1408 108 55 suam
1487 1408 176 55 essentiam
1622 1408 122 55 pater
1703 1408 162 55 perfecte
1812 1408 162 55 intelligit

1133 1448 72 50 3
1161 1448 200 50 Praeterea,
1319 1448 86 50 si
1362 1448 86 50 in
1405 1448 157 50 diuinis
1519 1448 129 50 esset
1605 1448 200 50 distinctio
1762 1448 157 50 naturae
1863 1448 114 50 secun-

1119 1483 114 53 dum
1184 1483 196 53 numerum,
1331 1483 82 53 &
1364 1483 163 53 vnitas
1478 1483 196 53 secundum
1625 1483 196 53 speciem,
1773 1483 147 53 ratio
1854 1483 131 53 produm

1108 1528 117 55 cedi
1181 1528 249 55 attribueretur
1386 1528 175 55 naturae,
1518 1528 73 55 &
1547 1528 102 55 non
1605 1528 205 55 relationi,
1766 1528 132 55 sicut
1854 1528 117 55 nunc
1913 1528 58 55 ap

1121 1570 122 47 paret
1203 1570 81 47 in
1243 1570 189 47 creaturis;
1392 1570 95 47 sed
1446 1570 230 47 indistinctio,
1636 1570 108 47 siue
1703 1570 135 47 vnitas
1798 1570 149 47 naturae
1906 1570 95 47 non

1117 1610 155 40 tollit
1225 1610 170 40 aliquam
1349 1610 248 40 perfectionem
1550 1610 77 40 a
1581 1610 170 40 natura,
1704 1610 124 40 ergo
1782 1610 77 40 &
1813 1610 124 40 nunc
1875 1610 108 40 ratio

1119 1642 210 53 producendi
1284 1642 120 53 sibi
1359 1642 135 53 debet
1433 1642 165 53 attribui.

1128 1690 76 45 3
1158 1690 214 45 Praeterea,
1326 1690 107 45 non
1387 1690 107 45 est
1448 1690 168 45 minoris
1571 1690 229 45 dignitatis,
1754 1690 76 45 &
1769 1690 214 45 perfectionis

1123 1723 220 49 continentia
1299 1723 205 49 productiua
1461 1723 161 49 diuinae
1578 1723 191 49 personae,
1725 1723 117 49 quam
1783 1723 191 49 continentia

1118 1763 171 44 creatiua
1246 1763 213 44 cuiuscunque
1416 1763 199 44 creaturae,
1573 1763 100 44 sed
1630 1763 156 44 secunda
1743 1763 213 44 continentia
1900 1763 71 44 con

1120 1802 130 45 uenit
1206 1802 144 45 diuino
1307 1802 188 45 supposito
1451 1802 159 45 ratione
1567 1802 202 45 essentiae,
1726 1802 72 45 &
1755 1802 101 45 non
1812 1802 159 45 ratione
1913 1802 58 45 re

1115 1840 188 46 lationis,
1259 1840 116 46 ergo
1331 1840 72 46 &
1360 1840 130 46 prima
1447 1840 116 46 sibi
1520 1840 174 46 conuenit
1650 1840 159 46 ratione
1751 1840 159 46 essentiae

1122 1884 73 58 3
1152 1884 204 58 Praeterea,
1312 1884 160 58 August.
1428 1884 131 58 dicit
1516 1884 102 58 15.
1574 1884 87 58 de
1618 1884 116 58 trin
1690 1884 146 58 filium
1792 1884 102 58 Dei
1851 1884 116 58 esse
1909 1884 58 58 na

1116 1916 147 49 tura
1189 1916 166 49 genitum

1124 1960 82 51 3
1156 1960 147 51 Item,
1254 1960 164 51 Damas:
1369 1960 98 51 1.
1418 1960 114 51 lib
1483 1960 180 51 loquens
1614 1960 98 51 de
1663 1960 245 51 generatione
1843 1960 131 51 diuina

1118 1996 112 50 nit,
1188 1996 112 50 quod
1258 1996 183 50 generatio
1399 1996 98 50 est
1455 1996 112 50 sine
1525 1996 155 50 initio,
1638 1996 70 50 &
1666 1996 169 50 aeterna,
1792 1996 155 50 naturae
1891 1996 84 50 opus

1084 2039 188 46 existens

1195 2077 116 52 Item
1267 2077 159 52 Richar.
1383 2077 87 52 8.
1426 2077 87 52 de
1470 2077 116 52 trin
1542 2077 116 52 ait.
1614 2077 174 52 Naturale
1745 2077 101 52 est
1788 2077 174 52 innascibil

1113 2110 91 50 de
1158 2110 91 50 se
1204 2110 227 50 producentem
1385 2110 167 50 habere.
1507 2110 91 50 Et
1552 2110 121 50 ait,
1628 2110 197 50 Processio
1779 2110 151 50 prolis
1885 2110 76 50 a
1900 2110 76 50 pa-

1113 2159 142 43 rente
1208 2159 95 43 in
1255 2159 110 43 Deo
1318 2159 110 43 est
1381 2159 189 43 secundum
1523 2159 237 43 principalem
1713 2159 221 43 procedendi
1870 2159 95 43 ori-

1109 2199 163 57 ginem,
1223 2199 81 57 &
1255 2199 195 57 secundum
1402 2199 179 57 naturae
1532 2199 261 57 operationem.
1744 2199 114 57 Cum
1809 2199 163 57 igitur
1907 2199 65 57 ge

1117 2240 170 38 neratio
1240 2240 108 38 non
1302 2240 154 38 possit
1410 2240 201 38 conuenire
1564 2240 185 38 naturae,
1703 2240 170 38 tanquam
1812 2240 154 38 generan-

1121 2277 93 45 ti,
1174 2277 80 45 vt
1214 2277 106 45 fuit
1280 2277 160 45 superius
1400 2277 186 45 declaratum
1546 2277 106 45 dis:
1613 2277 67 45 s
1639 2277 160 45 oportet,
1759 2277 106 45 quod
1826 2277 93 45 per
1866 2277 106 45 huius-

1114 2314 122 44 modi
1190 2314 245 44 auctoritates
1389 2314 245 44 intelligatur
1588 2314 122 44 sibi
1664 2314 214 44 conuenire,
1832 2314 168 44 tanquam

1117 2358 202 47 principio
1273 2358 233 47 productiuo,
1459 2358 124 47 ergo
1521 2358 62 47 &c

1145 2392 155 49 Tertio
1254 2392 140 49 dico,
1347 2392 124 49 quod
1425 2392 171 49 quamuis
1549 2392 186 49 potentia
1689 2392 202 49 generandi
1844 2392 93 49 in
1875 2392 93 49 diui

1114 2433 105 46 nis
1174 2433 165 46 quantum
1294 2433 90 46 ad
1339 2433 120 46 suum
1413 2433 210 46 principale
1578 2433 254 46 sigaificatum,
1787 2433 135 46 dicat
1862 2433 105 46 diui-

1105 2476 116 48 nam
1172 2476 232 48 essentiam,
1354 2476 182 48 quantum
1487 2476 149 48 tamen
1586 2476 100 48 ad
1636 2476 133 48 suum
1703 2476 265 48 cosignificatum

1113 2511 185 49 connotat
1251 2511 216 49 respectum,
1421 2511 108 49 seu
1483 2511 262 49 paternitatem,
1699 2511 123 49 sine
1776 2511 108 49 quo
1823 2511 154 49 respectu

1113 2549 213 44 nullatenus
1280 2549 228 44 progreditur
1462 2549 91 44 in
1508 2549 137 44 actum
1584 2549 243 44 generationis.,

1118 2588 90 43 Ad
1163 2588 136 43 cuius
1254 2588 211 43 ouidentiam
1419 2588 106 43 est
1480 2588 241 43 aduertendum,
1676 2588 121 43 quod
1751 2588 136 43 sicut
1841 2588 90 43 in
1872 2588 106 43 crea-

1113 2625 132 52 turis
1201 2625 147 52 aliqua
1304 2625 118 52 sunt
1378 2625 147 52 entia,
1481 2625 118 52 quae
1554 2625 220 52 philosophus
1730 2625 88 52 7.
1774 2625 118 52 meto
1833 2625 147 52 appellat

1124 2672 187 47 ccidentia
1267 2672 187 47 copulata,
1411 2672 115 47 quae
1483 2672 144 47 illius
1583 2672 215 47 conditionis
1756 2672 115 47 esse
1813 2672 158 47 videntur,

1126 2705 86 52 p,
1169 2705 115 52 quis
1241 2705 173 52 secundum
1371 2705 130 52 eorum
1457 2705 202 52 principale
1616 2705 216 52 significent
1789 2705 86 52 re
1832 2705 130 52 vnius
1904 2705 72 52 pre

1112 2744 222 46 dicamenti;
1286 2744 206 46 connotant
1445 2744 143 46 tamen
1540 2744 111 46 rem
1603 2744 190 46 alterius
1730 2744 238 46 praedicamenti

1126 2784 139 41 cuius
1218 2784 231 41 exigentiam,
1403 2784 77 41 &
1434 2784 247 41 connotatione
1635 2784 216 41 sortiuntur
1804 2784 170 41 quosdam
1912 2784 62 41 mo

1124 2823 111 55 dos,
1194 2823 70 55 a
1222 2823 139 55 quibus
1319 2823 84 55 si
1361 2823 223 55 absoluuntur,
1542 2823 125 55 etiam
1626 2823 70 55 a
1654 2823 98 55 sua
1709 2823 167 55 entitate
1821 2823 153 55 specifica

1119 2865 251 42 transmutantur,
1328 2865 125 42 verbi
1411 2865 153 42 gratia,
1523 2865 223 42 Pulchritudo,
1704 2865 97 42 cum
1759 2865 97 42 sit
1815 2865 139 42 quidam
1898 2865 70 42 ha-

1117 2901 143 43 bitus,
1217 2901 100 43 est
1274 2901 86 43 de
1317 2901 129 43 prima
1402 2901 143 43 specie
1502 2901 214 43 qualitatis,
1674 2901 71 43 &
1703 2901 100 43 per
1760 2901 200 43 consequens
1903 2901 71 43 se-

1127 2947 154 47 cundum
1234 2947 123 47 suum
1311 2947 215 47 principale
1481 2947 246 47 significatum
1681 2947 108 47 est
1742 2947 169 47 entitas
1865 2947 139 47 abso¬

1122 2981 161 39 luta;
1229 2981 232 39 concernit
1408 2981 161 39 tamen
1515 2981 197 39 quendam
1658 2981 161 39 modum
1766 2981 107 39 ex
1801 2981 179 39 connora-

1121 3019 134 58 tione
1210 3019 193 58 respectus
1359 3019 253 58 congruentiae,
1567 3019 74 58 a
1597 3019 104 58 quo
1657 3019 89 58 si
1701 3019 223 58 absoluitur,
1865 3019 119 58 mutabi

1118 3058 109 45 tur
1181 3058 93 45 in
1227 3058 202 45 oppositam
1383 3058 233 45 qualitatem,
1570 3058 124 45 dato
1647 3058 140 45 etiam
1741 3058 109 45 per
1787 3058 187 45 possibile;

1118 3103 110 60 vel
1181 3103 250 60 impossibile,
1384 3103 125 60 quod
1463 3103 203 60 absolutum
1619 3103 203 60 connotans
1776 3103 141 60 illum
1854 3103 125 60 respe
