2399 3567
392 254 172 78 tionem.
518 254 94 78 Et
564 254 141 78 licet
658 254 250 78 praedictorum
862 254 188 78 rationes
1003 254 110 78 non
1065 254 125 78 sint
1128 254 125 78 contri

396 311 103 64 me,
455 311 147 64 gratia
558 311 132 64 tamen
646 311 147 64 istius
749 311 176 64 doctoris
882 311 191 64 venerandi
1029 311 118 64 volo
1102 311 132 64 ipsis
1176 311 88 64 res

379 367 178 53 pondere.

446 367 170 81 Arguunt
569 367 124 81 enim
647 367 155 81 quidam
755 367 155 81 contra
864 367 139 81 dictu
956 367 201 81 vocabulum
1111 367 139 81 primo
1189 367 77 81 sic

438 444 87 43 Si
482 444 117 43 deus
555 444 102 43 est
613 444 189 43 subiectum
759 444 146 43 sacrae
861 444 204 43 scripturae
1021 444 87 43 vt
1050 444 204 43 glorificator

398 479 105 45 aut
458 479 90 45 Iy
503 479 90 45 vt
548 479 209 45 reduplicat
712 479 164 45 diuinam
832 479 179 45 virtutem
966 479 284 45 plorificatiuam,
1190 479 75 45 aut

399 513 182 49 effectum
535 513 182 49 causatum
671 513 91 49 in
717 513 242 49 glorificato,
914 513 106 49 aut
974 513 182 49 actionem
1111 513 106 49 dei
1156 513 106 49 glori

400 549 182 60 ficantis.
540 549 84 60 Si
582 549 126 60 primo
666 549 126 60 modo,
750 549 112 60 tunc
820 549 98 60 non
876 549 154 60 differt
988 549 70 60 a
1016 549 154 60 ratione
1114 549 140 60 infinita

402 601 102 42 cum
461 601 131 42 talis
548 601 146 42 virtus
650 601 102 42 sit
709 601 131 42 idem,
796 601 117 42 quod
869 601 146 42 diuina
971 601 190 42 essentia.
1117 601 88 42 Si
1146 601 117 42 secudo

402 636 136 47 modo,
493 636 121 47 tunc
569 636 167 47 formalc
690 636 182 47 oblectum
826 636 212 47 theologiae
993 636 121 47 erit
1069 636 167 47 aliquid
1175 636 91 47 crea

395 669 117 53 tum.
469 669 88 53 Si
513 669 147 53 tertio
615 669 132 53 modo,
703 669 103 53 aut
762 669 132 53 actio
850 669 117 53 illa
923 669 88 53 se
967 669 132 53 tenet
1055 669 88 53 ex
1099 669 132 53 parte
1172 669 88 53 dei,

396 710 75 59 &
426 710 121 59 tunc
502 710 196 59 coincidit
652 710 106 59 cum
713 710 151 59 primo,
818 710 106 59 aut
879 710 91 59 se
924 710 136 59 tenet
1015 710 91 59 ex
1060 710 136 59 parte
1135 710 121 59 glori-

394 749 164 55 ficati,
513 749 74 55 &
543 749 119 55 tunc
617 749 193 55 coincidit
766 749 104 55 cum
810 749 149 55 secundo.

418 787 71 50 2
446 787 185 50 Praeterea
589 787 143 50 ratio,
689 787 114 50 quae
760 787 200 50 inquiritur
917 787 86 50 in
960 787 185 50 scientia,
1102 787 100 50 non
1145 787 114 50 potest

398 835 112 40 esse
468 835 126 40 ratio
552 835 195 40 obiectalis
705 835 126 40 imea:
789 835 98 40 sed
844 835 126 40 ratio
928 835 251 40 glorificatoris
1123 835 140 40 inquiri-

400 874 105 45 tur
460 874 90 45 in
505 874 210 45 theologia:
669 874 120 45 ergo
744 874 135 45 maior
834 874 150 45 patet:
939 874 120 45 quia
1014 874 135 45 sicut
1088 874 165 45 subiectum

399 907 87 49 no
443 907 204 49 inquiritur
603 907 102 49 sed
662 907 277 49 praesupponitur:
895 907 102 49 sic
953 907 73 49 &
982 907 131 49 ratio
1070 907 175 49 formalis
1186 907 73 49 sub

396 953 146 43 iecti.
499 953 132 43 minor
586 953 190 43 probatur:
733 953 117 43 quia
806 953 146 43 quando
908 953 117 43 duae
981 953 175 43 rationes
1113 953 102 43 sic
1171 953 88 43 se
1201 953 58 43 ha

391 981 127 59 bent,
476 981 113 59 quod
547 981 99 59 vna
603 981 99 59 est
660 981 127 59 prior
745 981 127 59 alia,
830 981 85 59 si
872 981 127 59 prior
957 981 212 59 inquiritur,
1127 981 71 59 &
1141 981 113 59 poste-

399 1032 126 44 rior:
483 1032 98 44 sed
539 1032 126 44 ratio
623 1032 252 44 glorificatoris
833 1032 98 44 est
890 1032 182 44 posterior
1030 1032 154 44 ratione
1128 1032 126 44 bonita-

396 1077 104 40 tis
455 1077 74 40 &
485 1077 222 40 sapientiae,
663 1077 133 40 horum
752 1077 104 40 aut
811 1077 178 40 rationes
945 1077 222 40 inquirutur,
1123 1077 119 40 ergo
1182 1077 74 40 &c.

438 1107 72 54 3
466 1107 188 54 Praeterea
611 1107 231 54 glorificator
798 1107 101 54 aut
856 1107 130 54 dicit
943 1107 173 54 diuinam,
1073 1107 159 54 naturam
1174 1107 72 54 tat

392 1150 111 46 tum
456 1150 96 46 in
504 1150 191 46 Christo,
647 1150 111 46 aut
711 1150 175 46 humanam
838 1150 175 46 tantum,
965 1150 111 46 aut
1029 1150 175 46 diuinam
1156 1150 80 46 &
1172 1150 80 46 hu-

393 1182 143 49 manam
489 1182 159 49 simul.
600 1182 96 49 Si
648 1182 175 49 humanam
775 1182 175 49 tantum,
903 1182 127 49 tunc
982 1182 96 49 in
1030 1182 207 49 scriptura
1173 1182 80 49 sa-

392 1223 102 47 era
451 1223 102 47 non
509 1223 220 47 tractaretur
685 1223 102 47 ter
744 1223 88 47 se
788 1223 88 47 de
832 1223 132 47 patre
919 1223 73 47 &
949 1223 161 47 spiritu
1066 1223 161 47 sancto:
1168 1223 88 47 quia

394 1264 183 56 humanam
527 1264 183 56 naturam
660 1264 116 56 non
727 1264 283 56 assumpserunt:
960 1264 116 56 non
1026 1264 183 56 diuinam
1159 1264 83 56 &
1176 1264 83 56 hu-

391 1302 151 57 manam
492 1302 151 57 simul
592 1302 151 57 eadem
692 1302 201 57 ratione,
843 1302 134 57 ergo
927 1302 151 57 solum
1010 1302 151 57 diuinam

434 1351 70 42 4
462 1351 183 42 Praeterea
603 1351 113 42 illa
673 1351 98 42 est
729 1351 127 42 ratio
814 1351 169 42 formalis
940 1351 183 42 subiecti,
1081 1351 84 42 in
1123 1351 113 42 quam
1180 1351 70 42 om-

390 1378 103 49 nia
449 1378 220 49 considerata
625 1378 88 49 in
669 1378 190 49 scientiam
815 1378 176 49 vltimate
947 1378 234 49 resoluuntur:
1137 1378 103 49 sed
1181 1378 59 49 mu

402 1426 105 52 tae
462 1426 120 52 sunt
537 1426 180 52 rationes
672 1426 105 52 deo
732 1426 240 52 competentes,
927 1426 120 52 quae
1002 1426 120 52 sunt
1077 1426 165 52 priores
1182 1426 60 52 ra

391 1458 122 55 tione
473 1458 258 55 glorificatoris:
690 1458 122 55 sicut
771 1458 122 55 ratio
853 1458 176 55 deitatis,
989 1458 204 55 trinitatis,
1138 1458 122 55 sapien-

397 1498 113 64 tiae
467 1498 71 64 &
482 1498 169 64 bonitatis.

460 1509 183 86 Praeterea
601 1509 127 86 ratio
685 1509 254 86 glorificatoris
897 1509 99 86 est
953 1509 183 86 infinita,
1094 1509 113 86 ergo
1150 1509 99 86 inci-

396 1582 102 46 dis
455 1582 88 46 in
499 1582 102 46 id,
557 1582 117 46 quod
630 1582 146 46 vitare
733 1582 190 46 proponis,
879 1582 176 46 probatur
1011 1582 219 46 antecedens:
1172 1582 73 46 qui

383 1618 137 56 alias
474 1618 106 56 non
535 1618 152 56 posset
641 1618 152 56 beatos
732 1618 137 56 satiare

424 1659 83 47 e
458 1659 216 47 Praeterea
623 1659 133 47 idem
706 1659 116 47 sub
773 1659 149 47 eadem
872 1659 182 47 ratione
1005 1659 116 47 non
1071 1659 149 47 debet
1154 1659 83 47 ess

387 1687 192 55 subiectum
535 1687 89 55 in
580 1687 118 55 tota
654 1687 192 55 scientia,
802 1687 74 55 &
831 1687 89 55 in
876 1687 178 55 qualibet
1009 1687 133 55 parte
1098 1687 133 55 eius:
1172 1687 74 55 sec

394 1734 117 56 Deus
467 1734 102 56 sub
526 1734 175 56 speciali
657 1734 161 56 ratione
774 1734 102 56 est
833 1734 190 56 subiectum
979 1734 88 56 in
1022 1734 219 56 partialibus
1183 1734 73 56 li-

387 1776 114 57 bris
458 1776 129 57 sacri
544 1776 172 57 canonis,
673 1776 114 57 ergo
744 1776 100 57 non
801 1776 86 57 in
844 1776 114 57 tota
901 1776 172 57 scriptura,

432 1783 72 77 T
460 1783 188 77 Praeterea
605 1783 145 77 arguit
707 1783 130 77 alius
794 1783 116 77 sic:
866 1783 101 77 per
924 1783 174 77 rationem
1040 1783 203 77 glorificato.

385 1855 110 45 ris,
454 1855 96 45 aut
509 1855 220 45 intelligitur
688 1855 96 45 id,
743 1855 96 45 quo
798 1855 110 45 Deus
867 1855 193 45 formaliter
1018 1855 206 45 glorificat,
1169 1855 69 45 qui

393 1895 100 42 hoc
450 1895 100 42 est
507 1895 200 42 formaliter
664 1895 114 42 ipsa
736 1895 157 42 deitas,
850 1895 71 42 &
879 1895 100 42 sic
936 1895 114 42 erit
1007 1895 186 42 subiectum
1150 1895 100 42 sub
1193 1895 57 42 ra

390 1932 128 45 tione
475 1932 186 45 deitatis,
618 1932 100 45 aut
675 1932 228 45 intelligitur
861 1932 171 45 tespectu
989 1932 257 45 glorificantis,
1189 1932 57 45 ad

394 1974 247 51 glorificatum,
597 1974 102 51 quo
655 1974 116 51 Deus
727 1974 203 51 appellatur
887 1974 247 51 glorificator:
1090 1974 131 51 sicut
1162 1974 87 51 dici

383 2022 103 37 tur
442 2022 162 37 creator
560 2022 191 37 creatione
707 2022 191 37 existente
854 2022 88 37 in
898 2022 191 37 creatura,
1045 2022 74 37 &
1075 2022 103 37 sic
1133 2022 103 37 vna
1177 2022 74 37 de-

389 2050 194 47 nominatio
538 2050 209 47 extrinseca
702 2050 134 47 esset
791 2050 179 47 formalis
925 2050 134 47 ratio
1015 2050 179 47 subiecti
1134 2050 119 47 istius

374 2091 162 53 scientiae.

425 2125 78 48 S
457 2125 204 48 Praeterea
613 2125 110 48 sub
676 2125 125 48 illa
754 2125 172 48 ratione
880 2125 125 48 Deus
958 2125 110 48 non
1021 2125 110 48 est
1068 2125 172 48 subiectum

392 2161 143 55 istius
492 2161 200 55 scientiae,
648 2161 100 55 sub
705 2161 100 55 qua
762 2161 100 55 non
819 2161 143 55 insunt
919 2161 114 55 sibi
990 2161 185 55 veritates
1119 2161 128 55 determi

388 2213 127 48 natae
473 2213 85 48 in
515 2213 99 48 ea;
572 2213 127 48 ratio
657 2213 255 48 glorificatoris
869 2213 99 48 est
926 2213 198 48 huiusmodi:
1081 2213 113 48 ergo
1138 2213 99 48 maior

393 2248 103 50 est
452 2248 132 50 nota.
540 2248 176 50 probatur
673 2248 147 50 minor:
776 2248 103 50 non
834 2248 118 50 enim
908 2248 118 50 Deus
981 2248 103 50 est
1040 2248 147 50 trinus
1128 2248 118 50 inquam

387 2286 102 46 tum
446 2286 248 46 glorificator,
650 2286 102 46 sed
708 2286 73 46 e
737 2286 190 46 conuerso:
883 2286 88 46 ab
927 2286 160 46 aeterno
1044 2286 117 46 enim
1117 2286 117 46 fuit
1175 2286 73 46 tri

392 2336 106 45 nus
452 2336 181 45 antequam
588 2336 257 45 glorificaret.
799 2336 91 45 Et
845 2336 241 45 confirmatur:
1041 2336 121 45 quia
1116 2336 106 45 per
1162 2336 75 45 ra-

386 2365 145 49 tionem
488 2365 174 49 subiecti
619 2365 145 49 insunt
721 2365 189 49 passiones
866 2365 116 49 ipsi
939 2365 189 49 subiecto,
1084 2365 73 49 &
1113 2365 116 49 none
1171 2365 73 49 con

397 2403 148 53 uerso,
501 2403 104 53 sed
560 2403 118 53 Deus
634 2403 104 53 non
693 2403 104 53 est
753 2403 148 53 trinus
856 2403 193 53 inquantum
1004 2403 222 53 glorificat.

420 2445 104 49 Sed
480 2445 119 49 isti
554 2445 104 49 non
614 2445 224 49 concludunt.
793 2445 104 49 nam
853 2445 104 49 cum
913 2445 194 49 theologia
1062 2445 104 49 sit
1122 2445 134 49 nobis
1196 2445 45 49 a

379 2474 110 63 Deo
442 2474 173 63 tradita
568 2474 173 63 tamquam
694 2474 173 63 quoddam
820 2474 252 63 instrumentum
1024 2474 173 63 nostri,
1134 2474 110 63 dire-

394 2525 140 47 ctiuum
492 2525 84 47 in
534 2525 168 47 aeternam
661 2525 225 47 felicitatem:
843 2525 126 47 ratio
927 2525 112 47 eius
997 2525 196 47 obiectalis
1138 2525 98 47 opti-

385 2565 95 47 me
433 2565 222 47 exprimitur
607 2565 95 47 in
655 2565 159 47 ordine
766 2565 95 47 ad
814 2565 206 47 huiusmodi
972 2565 143 47 fine,
1067 2565 79 47 &
1099 2565 127 47 quia
1163 2565 79 47 hoc

379 2609 176 48 nomen
497 2609 314 48 glorificator
752 2609 137 48 est
830 2609 274 48 huiusmodi,
1046 2609 157 48 ergo
1124 2609 98 48 &c.

431 2641 90 53 Ad
476 2641 151 53 primum
582 2641 196 53 dicendum,
732 2641 120 53 quod
807 2641 211 53 reduplicat
973 2641 166 53 diuinam
1078 2641 151 53 virtutem

390 2687 122 51 quae
466 2687 107 51 est
527 2687 137 51 idem,
619 2687 122 51 quod
695 2687 153 51 diuina
802 2687 198 51 essentia,
954 2687 244 51 commensurate
1137 2687 107 51 tamen

378 2716 189 49 sumptum
515 2716 155 49 penes
619 2716 275 49 proportionem
842 2716 103 49 ad
894 2716 189 49 nostrum
1014 2716 224 49 intellectum

426 2761 89 44 Ad
471 2761 178 44 secundum
604 2761 193 44 dicendum,
752 2761 119 44 quod
826 2761 133 44 sicut
915 2761 89 44 in
960 2761 133 44 alijs
1048 2761 178 44 scientis
1167 2761 74 44 ra-

378 2803 110 49 tio
441 2803 189 49 subiecti
583 2803 220 49 supponitur
756 2803 173 49 quantum
882 2803 94 49 ad
929 2803 189 49 notitiam
1055 2803 189 49 completam,

385 2841 101 48 sic
442 2841 129 48 ratio
528 2841 259 48 glorificatoris
744 2841 201 48 supponitur
902 2841 115 48 fide
973 2841 86 48 in
1017 2841 201 48 theologia.
1160 2841 72 48 qui

383 2873 184 52 oportet
517 2873 234 52 accedentem
701 2873 100 52 ad
751 2873 134 52 Deum
834 2873 200 52 credere,
985 2873 184 52 quoniam
1101 2873 134 52 inqui-

384 2919 180 55 rentibus
519 2919 90 55 se
564 2919 225 55 remunerator
744 2919 120 55 sit,
819 2919 90 55 ad
863 2919 135 55 Hebr.
953 2919 105 55 12.
1013 2919 210 55 inquiritur
1163 2919 75 55 ta-

382 2953 118 57 men
449 2953 118 57 quo
517 2953 101 57 ad
567 2953 218 57 perfectam
718 2953 185 57 notitiam.

410 2995 101 49 Ad
461 2995 186 49 tertium
596 2995 220 49 dicendum,
765 2995 135 49 quod
849 2995 152 49 dicit
951 2995 186 49 diuinam
1069 2995 169 49 naturam.

382 3039 159 46 tamen
488 3039 124 46 cum
559 3039 141 46 illa
647 3039 282 46 restrictione
877 3039 212 46 superius
1018 3039 194 46 memorata.

407 3068 97 63 Ad
455 3068 177 63 quartum
584 3068 209 63 dicendum,
745 3068 129 63 quod
825 3068 161 63 aliqua
938 3068 145 63 ratio
1035 3068 161 63 potest
1147 3068 129 63 esse

1299 259 125 68 prior
1382 259 139 68 alijs,
1479 259 97 68 ita
1535 259 111 68 quod
1604 259 125 68 aliae
1687 259 208 68 resoluuntur
1853 259 83 68 in
1895 259 139 68 ipsam,
1992 259 97 68 vel
2033 259 125 68 simpli-

1296 313 156 50 citer,
1406 313 110 50 vel
1468 313 110 50 quo
1531 313 94 50 ad
1578 313 125 50 nos.
1656 313 94 50 Si
1703 313 141 50 primo
1797 313 125 50 modo
1875 313 172 50 sumendo
1985 313 172 50 resolutio

1298 350 128 55 nem,
1378 350 128 55 tunc
1458 350 144 55 maior
1554 350 112 55 est
1618 350 160 55 falsa.
1730 350 176 55 Secundo
1858 350 128 55 modo
1938 350 144 55 minor
2034 350 112 55 non
2082 350 80 55 est

1293 393 126 49 vera:
1377 393 126 49 licet
1461 393 112 49 enim
1531 393 126 49 ratio
1615 393 252 49 glorificatoris
1826 393 98 49 non
1882 393 98 49 sit
1938 393 210 49 simpliciter
2092 393 70 49 pri

1294 435 109 47 or,
1357 435 140 47 tamen
1450 435 156 47 potest
1559 435 125 47 dici
1637 435 140 47 prior
1731 435 94 47 in
1778 435 156 47 ordine
1887 435 94 47 ad
1934 435 218 47 theologum,
2090 435 62 47 qu

1296 477 156 56 omnia,
1406 477 125 56 quae
1484 477 219 56 considerat
1656 477 94 56 in
1703 477 219 56 theologia,
1875 477 94 56 in
1922 477 156 56 ordine
2032 477 94 56 ad
2063 477 94 56 suam

1297 509 264 58 beatitudinem
1496 509 198 58 considerat

1333 526 88 75 Ad
1377 526 162 75 quintum
1495 526 191 75 dicendum,
1642 526 118 75 quod
1716 526 132 75 ratio
1804 526 265 75 glorificatoris
2025 526 103 75 est
2069 526 88 75 bene

1291 592 168 59 infinita
1417 592 238 59 materialiter,
1613 592 70 59 &
1641 592 154 59 ratione
1754 592 196 59 substrati,
1908 592 112 59 quod
1978 592 98 59 est
2034 592 112 59 ipsa
2090 592 70 59 di-

1291 633 117 52 uina
1364 633 190 52 essentia,
1510 633 102 52 non
1569 633 131 52 tamen
1656 633 102 52 est
1714 633 175 52 infinita
1831 633 175 52 formaliter

1326 645 90 77 Ad
1371 645 150 77 sextum
1476 645 195 77 dicendum,
1627 645 120 77 quod
1702 645 135 77 licet
1792 645 105 77 Deo
1852 645 105 77 sub
1912 645 180 77 speciali
2033 645 120 77 ratio-

1295 709 86 42 ne
1338 709 216 42 subiiciatur
1511 709 86 42 in
1554 709 115 42 tota
1626 709 187 42 scriptura
1770 709 144 42 sacra,
1871 709 72 42 &
1900 709 86 42 in
1943 709 173 42 quolibet
2058 709 101 42 libro

1291 749 173 52 speciali
1420 749 159 52 eiusdem
1536 749 202 52 scripturae
1694 749 159 52 sacrae,
1810 749 130 52 illud
1896 749 130 52 tamen
1983 749 101 52 non
2041 749 101 52 fit
2084 749 72 52 se-

1296 780 155 59 cundum
1404 780 155 59 eundem
1512 780 155 59 gradum
1620 780 279 59 specialitatis:
1853 780 124 59 quia
1930 780 124 59 illa
2007 780 139 59 ratio
2085 780 77 59 est

1296 825 210 53 specialior
1461 825 75 53 &
1491 825 255 53 constrictior,
1701 825 135 53 prout
1790 825 180 53 respicit
1925 825 240 53 determinatum
2105 825 60 53 li

1294 865 131 58 brum:
1382 865 73 58 &
1411 865 102 58 est
1470 865 131 58 minus
1557 865 204 58 constricta
1718 865 73 58 &
1747 865 190 58 specialis
1893 865 131 58 prout
1981 865 175 58 respicit
2098 865 58 58 to

1299 907 112 54 tam
1363 907 224 54 scripturam
1523 907 144 54 sacram.

1328 921 99 85 Ad
1377 921 197 85 septimum
1525 921 197 85 dicendum
1673 921 148 85 sicut
1771 921 164 85 dictum
1886 921 115 85 est
1952 921 115 85 hic
2001 921 148 85 proxime

1282 980 103 58 ad
1333 980 188 58 primum,
1470 980 85 58 &
1487 980 171 58 tertium.

1332 1001 98 80 Ad
1381 1001 180 80 octauum
1511 1001 196 80 dicendum
1659 1001 147 80 sicut
1757 1001 196 80 superius
1904 1001 163 80 dictum
2018 1001 131 80 fuit
2084 1001 65 80 ad

1290 1064 184 54 tertium
1424 1064 201 54 inductum
1575 1064 167 54 contra
1692 1064 268 54 conclusionem
1910 1064 268 54 principalem,
2111 1064 50 54 &

1298 1108 115 49 per
1363 1108 131 49 idem
1445 1108 147 49 patet
1543 1108 98 49 ad
1576 1108 262 49 confirmationem

1331 1139 93 57 Ad
1377 1139 155 57 primum
1485 1139 216 57 principale
1655 1139 186 57 dicendum
1794 1139 93 57 ad
1841 1139 186 57 minorem,
1980 1139 124 57 quod
2042 1139 108 57 lices

1293 1195 134 43 ratio
1383 1195 149 43 finita
1487 1195 179 43 repugnet
1622 1195 105 43 Deo
1681 1195 224 43 intrinsece,
1860 1195 75 43 &
1890 1195 90 43 in
1935 1195 164 43 ratione
2040 1195 105 43 essen

1288 1221 109 54 di,
1351 1221 109 54 non
1413 1221 140 54 tamen
1506 1221 187 54 repugnat
1646 1221 93 54 ei
1693 1221 233 54 extrinsece,
1879 1221 78 54 &
1910 1221 187 54 secundum
2035 1221 124 54 ratio-

1295 1275 102 40 nem
1354 1275 249 40 considerandi.
1559 1275 132 40 sicut
1646 1275 117 40 enim
1719 1275 102 40 res
1778 1275 175 40 existens
1909 1275 205 40 intrinsece
2056 1275 102 40 fini-

1290 1302 92 53 ta
1336 1302 76 53 &
1366 1302 183 53 limitata
1503 1302 92 53 se
1549 1302 137 53 habet
1641 1302 214 53 extriusece
1808 1302 92 53 ad
1854 1302 259 53 terminationem
2052 1302 107 53 infi-

1278 1339 145 53 nitam:
1380 1339 102 53 sic
1438 1339 102 53 res
1497 1339 204 53 intrinsece
1657 1339 175 53 existens
1787 1339 175 53 infinita
1918 1339 87 53 se
1962 1339 145 53 habere
2049 1339 102 53 vide-

1281 1386 110 45 tur
1344 1386 94 45 ad
1391 1386 235 45 extrinsecam
1579 1386 266 45 terminationem
1799 1386 172 45 finita:
1924 1386 125 45 nunc
2002 1386 141 45 autem
2081 1386 78 45 vi-

1290 1416 149 55 demus,
1395 1416 120 55 quod
1469 1416 164 55 punctus
1589 1416 164 55 centris
1709 1416 209 55 sphaeralis
1873 1416 284 55 circumferentiae
2097 1416 60 55 in

1282 1462 173 52 trinsece
1412 1462 101 52 est
1469 1462 188 52 limitatae
1614 1462 188 52 entitatis
1758 1462 72 52 &
1787 1462 173 52 finitae,
1917 1462 202 52 extrinsece
2062 1462 101 52 tamen

1294 1499 72 55 &
1322 1499 216 55 terminatiue
1495 1499 86 55 se
1538 1499 129 55 habet
1624 1499 187 55 infinite,
1768 1499 115 55 quia
1840 1499 187 55 infinitas
1984 1499 144 55 lineas
2070 1499 86 55 cir-

1296 1545 256 49 tumferentiae
1504 1545 160 49 potest
1616 1545 208 49 terminare
1777 1545 128 49 sic,
1857 1545 128 49 ergo
1921 1545 80 49 &c.

1320 1550 98 81 Ad
1369 1550 196 81 secundum
1516 1550 212 81 dicendum,
1679 1550 131 81 quod
1761 1550 98 81 ad
1810 1550 212 81 veritatem
1973 1550 163 81 illius
2071 1550 82 81 pro

1299 1625 187 47 ositonis
1440 1625 93 47 2.
1486 1625 156 47 metaph
1595 1625 187 47 sufficit
1736 1625 125 47 quod
1813 1625 109 47 id,
1876 1625 125 47 quod
1938 1625 218 47 intelligitur

1294 1656 128 53 vere,
1379 1656 100 53 sit
1436 1656 86 53 in
1479 1656 100 53 re,
1536 1656 71 53 &
1565 1656 114 53 vere
1636 1656 143 53 habeat
1736 1656 128 53 esse,
1822 1656 100 53 non
1879 1656 128 53 tamen
1964 1656 157 53 oportet
2064 1656 86 53 quod

1289 1694 148 50 modus
1387 1694 181 50 essendi
1519 1694 247 50 vniformiter
1717 1694 165 50 semper
1832 1694 280 50 correspondeat
2046 1694 99 50 modo

1288 1740 253 46 intelligendi:
1496 1740 119 46 quia
1570 1740 119 46 tunc
1645 1740 223 46 quidditates
1823 1740 149 46 rerum,
1927 1740 119 46 quae
1987 1740 163 46 seperatim

1277 1780 279 43 intelliguntur,
1510 1780 202 43 separatim
1665 1780 140 43 etiam
1758 1780 186 43 haberent
1898 1780 140 43 esse.
1991 1780 124 43 quod
2053 1780 93 43 erat

1286 1812 130 51 error
1372 1812 187 51 Platonis,
1516 1812 187 51 videlicet
1660 1812 86 51 in
1703 1812 144 51 multis
1804 1812 130 51 locis
1890 1812 158 51 logicae
2005 1812 72 51 &
2019 1812 130 51 philoso

1288 1852 146 52 phiae.
1391 1852 131 52 Sicut
1478 1852 146 52 igitur
1580 1852 160 52 videmus
1697 1852 117 52 quod
1770 1852 233 52 mathematicus
1959 1852 102 52 id,
2018 1852 117 52 quod
2076 1852 73 52 se-

1282 1896 145 46 cundum
1383 1896 116 46 esse
1455 1896 116 46 vere
1528 1896 101 46 est
1586 1896 145 46 quale,
1687 1896 174 46 concipit
1818 1896 101 46 non
1876 1896 261 46 qualificatiue,
2079 1896 72 46 sic

1292 1930 188 58 theologus
1436 1930 101 58 id,
1494 1930 115 58 quod
1566 1930 115 58 vere
1638 1930 101 58 est
1696 1930 188 58 infinitum
1840 1930 173 58 concipit
1970 1930 159 58 finite,
2071 1930 72 58 q&o

1271 1970 134 54 non
1328 1970 210 54 infinite.

1315 2010 127 55 Forte
1400 2010 156 55 dicetur
1513 2010 113 55 mihi
1584 2010 113 55 quod
1655 2010 99 55 non
1711 2010 99 55 est
1768 2010 156 55 simile:
1881 2010 113 55 quia
1952 2010 170 55 qualitas
2079 2010 99 55 non

1285 2050 106 56 est
1346 2050 91 56 de
1391 2050 213 56 intrinseca
1558 2050 167 56 ratione
1679 2050 243 56 quantitatis,
1877 2050 152 56 igitur
1968 2050 182 56 mathemati-

1284 2092 124 41 cus,
1362 2092 140 41 cuius
1455 2092 186 41 proprium
1595 2092 186 41 obiectum
1735 2092 109 41 est
1797 2092 186 41 quantum,
1936 2092 155 41 potest
2029 2092 109 41 quan-

1276 2128 100 64 tum
1333 2128 215 64 considerare
1505 2128 114 64 sine
1576 2128 143 64 quali,
1676 2128 100 64 sed
1733 2128 172 64 secundum
1862 2128 86 64 te
1905 2128 186 64 infinitas
2048 2128 100 64 est
2091 2128 57 64 de

1287 2164 201 61 intrinseca
1444 2164 158 61 ratione
1545 2164 143 61 deitatis

1319 2204 210 60 Respondeo
1481 2204 129 60 quod
1562 2204 97 60 in
1610 2204 113 60 hoc
1675 2204 113 60 est
1740 2204 178 60 simile:
1869 2204 129 60 quia
1950 2204 113 60 non
1998 2204 146 60 oporte:

1281 2250 149 43 modum
1381 2250 182 43 essendi
1513 2250 165 43 semper
1628 2250 248 43 vniformiter
1826 2250 231 43 respondere
2008 2250 132 43 modo
2074 2250 66 43 in

1272 2288 210 42 telligendi,
1440 2288 112 42 dato
1510 2288 126 42 etiam
1594 2288 112 42 quod
1664 2288 168 42 qualitas
1789 2288 126 42 esset
1873 2288 84 42 de
1915 2288 196 42 intrinseca
2055 2288 112 42 ratio.

1288 2329 87 52 ne
1331 2329 231 52 quantitatis,
1519 2329 130 52 adhuc
1605 2329 130 52 licet
1692 2329 101 52 non
1750 2329 217 52 intrinsece,
1923 2329 130 52 tamen
1996 2329 144 52 extrinse

1275 2368 92 52 ce
1321 2368 153 52 posset
1428 2368 215 52 quantitati
1596 2368 199 52 competere
1750 2368 138 52 ratio
1842 2368 107 52 non
1903 2368 169 52 qualis,
2025 2368 123 52 ergo
2087 2368 61 52 &c

1315 2412 100 50 Sed
1372 2412 129 50 forte
1458 2412 143 50 iterum
1558 2412 129 50 dices
1644 2412 172 50 secundum
1772 2412 114 50 hunc
1844 2412 143 50 modum,
1944 2412 114 50 quen
2015 2412 86 50 tu
2044 2412 100 50 ponis

1282 2448 126 47 ratio
1366 2448 154 47 obiecti
1478 2448 140 47 nostri
1575 2448 210 47 intellectus
1743 2448 126 47 esset
1827 2448 210 47 extrinseca,
1994 2448 70 47 &
2022 2448 98 47 non
2064 2448 70 47 in-

1283 2483 169 53 trinseca
1410 2483 155 53 ipsirei
1522 2483 225 53 intellectae.
1705 2483 169 53 Respodeo
1832 2483 98 53 que
1888 2483 127 53 ratio
1972 2483 155 53 obiecti
2071 2483 70 53 est

1283 2525 117 51 sibi
1357 2525 147 51 aliquo
1460 2525 117 51 modo
1533 2525 220 51 intrinseca,
1709 2525 73 51 &
1739 2525 147 51 aliquo
1841 2525 117 51 mon,
1915 2525 220 51 extrinseca.
2076 2525 59 51 In

1285 2569 156 47 rinseca
1398 2569 142 47 quidem
1498 2569 114 47 dici
1569 2569 128 47 dent,
1654 2569 114 47 quia
1725 2569 114 47 vere
1796 2569 156 47 sumitur
1910 2569 71 47 a
1938 2569 85 47 re
1981 2569 170 47 obiecta,
2094 2569 57 47 cu

1274 2604 97 48 ius
1329 2604 97 48 est
1385 2604 138 48 ratio,
1481 2604 97 48 sed
1536 2604 193 48 extrinseca
1688 2604 110 48 dici
1757 2604 110 48 pot,
1826 2604 110 48 quia
1895 2604 166 48 conuenit
2020 2604 97 48 rei
2061 2604 69 48 non

1274 2645 265 47 quomodocunque
1493 2645 109 47 sed
1555 2645 187 47 secundum
1695 2645 172 47 quandam
1820 2645 312 47 commensurationem
2070 2645 62 47 ac

1277 2682 245 41 extrinsecum,
1476 2682 122 41 puta
1552 2682 92 41 ad
1598 2682 245 41 intellectum.
1797 2682 122 41 Vnde
1874 2682 138 41 eriam
1965 2682 122 41 ipse
2027 2682 122 41 beatus

1271 2717 215 54 intelligens
1443 2717 172 54 deitatem
1572 2717 201 54 intelligit
1730 2717 230 54 infinitatem,
1917 2717 115 54 quae
1988 2717 100 54 est
2046 2717 86 54 de
2075 2717 57 54 in

1275 2760 174 43 trinseca
1405 2760 159 43 ratione
1521 2760 188 43 deitatis,
1666 2760 203 43 intelligit
1825 2760 130 43 tamen
1912 2760 130 43 illam
1985 2760 159 43 infinita-

1270 2800 103 52 tem
1329 2800 162 52 finite,
1447 2800 162 52 ratione
1564 2800 206 52 praedictae
1726 2800 294 52 conmensurationis
1962 2800 176 52 necessario

1272 2844 200 44 requisitae
1429 2844 129 44 inter
1515 2844 172 44 obiectum
1644 2844 72 44 &
1672 2844 200 44 potentiam,
1829 2844 129 44 sicut
1915 2844 114 44 enim
1987 2844 129 44 anima
2073 2844 100 44 no

1274 2875 126 54 stra
1353 2875 142 54 motum
1447 2875 142 54 caeli
1542 2875 220 54 intelligit
1715 2875 220 54 indiuisum,
1888 2875 157 54 &tamen
1983 2875 157 54 concipit

1269 2909 106 50 eum
1329 2909 151 50 diuise
1435 2909 121 50 vera
1511 2909 273 50 intellectione,
1738 2909 136 50 alias
1829 2909 106 50 non
1890 2909 151 50 posset
1981 2909 151 50 complere

1278 2954 193 53 rationem
1422 2954 209 53 temporis,
1583 2954 112 53 sic
1647 2954 112 53 &c.
1711 2954 96 53 Et
1760 2954 145 53 licet
1856 2954 209 53 huiusmodi
2000 2954 145 53 exempla

1274 3000 109 59 non
1337 3000 125 59 sint
1415 3000 109 59 per
1477 3000 141 59 omnia
1571 3000 94 59 ad
1618 3000 234 59 propositum,
1805 3000 141 59 tamen
1899 3000 172 59 possunt
2024 3000 109 59 nos
2071 3000 62 59 ma

1272 3038 187 54 nuducere
1413 3038 94 54 in
1460 3038 234 54 cognitionem
1647 3038 219 54 propositae
1804 3038 187 54 veritatis.
