2416 3539
205 220 162 81 aliquid
323 220 118 81 vero
397 220 192 81 pducitur,
545 220 118 81 puta
618 220 207 81 proprietas
781 220 148 81 filij,
884 220 162 81 oportet
987 220 89 81 prin

217 288 142 52 cipium
316 288 227 52 generationis
500 288 156 52 taliter
614 288 198 52 assignari,
769 288 113 52 quod
840 288 156 52 aliquid
954 288 85 52 ex
982 288 99 52 parti

218 326 190 54 principn
361 326 269 54 correspondeat
582 326 111 54 ei,
645 326 127 54 quod
724 326 158 54 genito
835 326 111 54 per
898 326 221 54 generatio¬

216 367 117 50 nem
283 367 284 50 communicatur,
517 367 84 50 &
550 367 184 50 aliquid
684 367 117 50 ei,
751 367 134 50 quod
834 367 100 50 in
885 367 134 50 ipso
951 367 134 50 genito

213 407 277 51 producitur,
434 407 148 51 quod
526 407 203 51 probant
655 407 111 51 fic.

221 447 82 52 1
253 447 98 52 In
302 447 229 52 generante,
482 447 82 52 &
515 447 164 52 genito
630 447 245 52 principium,
826 447 82 52 &
859 447 196 52 terminus
990 447 98 52 sibi

215 486 165 45 inuicem
335 486 254 45 correspondet,
544 486 105 45 sed
604 486 90 45 in
649 486 150 45 genito
754 486 135 45 aliud
844 486 120 45 est,
918 486 105 45 quo
963 486 120 45 produm

222 525 113 43 ctio
292 525 211 43 terminatur,
461 525 169 43 scilicet
588 525 113 43 ipsa
659 525 183 43 filiatio,
799 525 70 43 &
828 525 141 43 aliud,
926 525 99 43 quo
968 525 113 43 commu-

220 567 169 46 nicatio
342 567 230 46 terminatur,
527 567 123 46 puta
603 567 153 46 natura
711 567 169 46 diuina,
833 567 123 46 ergo
895 567 184 46 proportio-

216 604 201 45 nabiliter
370 604 93 45 in
417 604 217 45 produrente
587 604 217 45 paternitas
757 604 124 45 erit
834 604 217 45 principium
989 604 93 45 pro-

218 645 222 40 ductionis,
393 645 79 40 &
424 645 190 40 essentia
567 645 222 40 principium
725 645 270 40 communicationis

232 675 78 56 2
264 675 204 56 Preterea,
421 675 235 56 emanationes
609 675 173 56 diuinae
735 675 94 56 in
782 675 141 56 talia
876 675 204 56 principia
1017 675 63 56 de

216 718 120 41 bent
291 718 166 41 reduci,
412 718 151 41 quibus
517 718 181 41 positis,
652 718 196 41 immediate
803 718 166 41 apparet
923 718 151 41 status
1014 718 75 41 di-

222 762 179 46 uinarum
352 762 227 46 emationum,
530 762 114 46 sed
595 762 130 46 modo
676 762 195 46 predicto
822 762 195 46 apparent
952 762 130 46 statim

210 797 119 45 duae
284 797 237 45 emanationes,
477 797 74 45 &
507 797 104 45 non
566 797 163 45 plures;
685 797 104 45 vna
744 797 193 45 scilicet,
892 797 133 45 cuius
966 797 119 45 princi

226 839 116 51 pium
299 839 116 51 erit
372 839 218 51 paternitas,
547 839 73 51 &
576 839 131 51 alia,
663 839 131 51 cuius
750 839 204 51 principium
910 839 116 51 erit
969 839 116 51 spira-

228 877 94 42 tio
281 877 148 42 actiua;
389 877 94 42 sed
443 877 81 42 si
484 877 108 42 sola
551 877 175 42 essentiam
686 877 121 42 esset
767 877 202 42 principium,
929 877 94 42 qua
983 877 135 42 ratio¬

221 913 94 49 ne
268 913 109 49 vna
331 913 187 49 existens
471 913 109 49 non
534 913 141 49 esset
627 913 219 49 principium
799 913 141 49 vnius
877 913 203 49 emanationis

225 959 167 48 tantum,
346 959 106 48 sed
407 959 167 48 duarum,
528 959 136 48 eadem
619 959 167 48 ratione
740 959 151 48 posset
846 959 121 48 esse
906 959 182 48 principium

209 993 167 53 plurium
330 993 242 53 emanationum,
527 993 106 53 vel
587 993 242 53 infinitarum.
784 993 91 53 Et
830 993 151 53 addunt
936 993 136 53 isti,
1011 993 61 53 qu

208 1034 131 52 quia
290 1034 213 52 generatio
453 1034 213 52 formalius
617 1034 197 52 respicit
765 1034 279 52 productionem,
978 1034 98 52 quan

218 1075 325 44 communicationem,
494 1075 162 44 igitur
607 1075 195 44 relatio,
753 1075 130 44 quae
835 1075 146 44 habet
916 1075 162 44 rationen

210 1112 199 54 principij
363 1112 230 54 productiui,
547 1112 138 54 magis
639 1112 138 54 habet
731 1112 184 54 rationem
868 1112 199 54 potentiae
1006 1112 77 54 ge-

216 1153 182 41 nerandi,
352 1153 121 41 quam
428 1153 121 41 ipsa
503 1153 197 41 essentia,
655 1153 121 41 quae
730 1153 136 41 habet
821 1153 182 41 rationem
942 1153 136 41 princi-

216 1185 117 63 pij
267 1185 268 63 communicatiui.

254 1228 106 45 Sed
314 1228 136 45 licet
405 1228 121 45 illi
480 1228 106 45 duo
541 1228 136 45 modi,
631 1228 106 45 qui
692 1228 151 45 primis
797 1228 151 45 duabus
903 1228 211 45 conclusio¬

225 1264 129 60 nibus
311 1264 244 60 contradicunt,
512 1264 201 60 deficiant,
670 1264 86 60 ut
713 1264 172 60 apparuit
842 1264 172 60 superius
971 1264 144 60 ratio¬

217 1309 143 49 nibus
313 1309 255 49 introductis.
520 1309 128 49 Ille
600 1309 143 49 tamen
695 1309 175 49 tertius
823 1309 143 49 modus
919 1309 143 49 magis
998 1309 80 49 vi-

215 1347 136 52 detur
305 1347 121 52 esse
381 1347 241 52 defectuosus:
577 1347 121 52 quia
653 1347 151 52 qcquid
758 1347 287 52 defectuositatis
984 1347 91 52 appa

224 1382 113 47 reti
294 1382 141 47 aliis,
393 1382 98 47 hoc
449 1382 169 47 implicat
576 1382 113 47 ille
646 1382 98 47 cum
702 1382 183 47 additione
843 1382 155 47 proprij
941 1382 141 47 defectus

299 1427 175 40 Deficit
426 1427 127 40 enim
506 1427 159 40 primo:
617 1427 127 40 quia
697 1427 127 40 esse
776 1427 223 40 principium
935 1427 159 40 producen

223 1461 88 48 di
267 1461 88 48 in
312 1461 162 48 diuinis
429 1461 133 48 dicit
518 1461 250 48 perfectionem,
724 1461 103 48 sed
783 1461 177 48 secundum
915 1461 133 48 istos
989 1461 103 48 rela-

215 1508 110 51 tio
278 1508 157 51 nullam
388 1508 141 51 dicit
481 1508 266 51 perfectionem,
701 1508 125 51 ergo
779 1508 172 51 relatio
904 1508 110 51 non
951 1508 141 51 poterit

222 1551 124 42 esse
299 1551 216 42 principium
469 1551 216 42 producendi
639 1551 93 42 in
670 1551 154 42 diuinis.

226 1580 86 57 2
260 1580 240 57 Praeterea,
449 1580 189 57 propter
586 1580 137 57 quod
672 1580 257 57 vnumquodque
877 1580 154 57 tale,
980 1580 86 57 &
997 1580 86 57 ip-

203 1622 109 52 sum
266 1622 155 52 magis;
374 1622 109 52 sed
436 1622 93 52 tu
483 1622 93 52 in
529 1622 124 52 illa
607 1622 140 52 eadem
700 1622 248 52 distinctione
902 1622 155 52 dicis,
995 1622 93 52 quod

216 1663 190 51 respectus
363 1663 132 51 habet
450 1663 73 51 a
480 1663 146 51 diuina
582 1663 190 51 essentia,
728 1663 117 51 quod
801 1663 146 51 possit
904 1663 117 51 esse
962 1663 117 51 princi

215 1702 130 50 pium
296 1702 277 50 productionis,
525 1702 130 50 ergo
606 1702 114 50 non
671 1702 179 50 debebas
802 1702 196 50 rationem
932 1702 147 50 princi-

211 1740 101 53 pij
268 1740 202 53 productiui
427 1740 187 53 excludere
571 1740 87 53 ab
614 1740 187 53 essentia,
758 1740 101 53 sed
816 1740 115 53 sibi
874 1740 216 53 principaliter

220 1776 181 60 debebas
334 1776 181 60 tribuere.

299 1807 227 57 Praeterea,
477 1807 97 57 in
526 1807 243 57 productione
721 1807 114 57 non
786 1807 179 57 vniuoca
899 1807 195 57 principium

223 1858 106 53 pro
284 1858 197 53 ductionis
435 1858 197 53 nobilius,
587 1858 76 53 &
617 1858 213 53 perfectius
784 1858 106 53 est
845 1858 167 53 termino
951 1858 137 53 formali

209 1904 149 46 ipsius
313 1904 253 46 productionis,
522 1904 149 46 maxime
626 1904 89 46 si
671 1904 134 46 talis
760 1904 179 46 terminus
894 1904 104 46 est
939 1904 149 46 pductus;

209 1935 119 52 cum
277 1935 136 52 ergo
362 1935 205 52 secundum
516 1935 102 52 te
567 1935 205 52 sormalis
721 1935 205 52 terminus
857 1935 222 52 productio.-

211 1975 97 51 nis
267 1975 167 51 paternae
392 1975 97 51 sit
447 1975 181 51 filiatio;
586 1975 70 51 &
614 1975 97 51 est
670 1975 167 51 terminus
795 1975 167 51 pductus,
920 1975 70 51 &
948 1975 97 51 eta
990 1975 97 51 secu-

224 2010 97 50 dum
280 2010 83 50 te
321 2010 125 50 talis
405 2010 181 50 productio
543 2010 97 50 non
599 2010 97 50 est
655 2010 167 50 vniuoca,
780 2010 111 50 ergo
849 2010 208 50 paternitas,
1002 2010 83 50 quae

219 2052 183 46 secundum
356 2052 92 46 te
402 2052 107 46 est
463 2052 214 46 principium
631 2052 137 46 talis
723 2052 260 46 productionis,
936 2052 122 46 erit
997 2052 92 46 per-

219 2092 151 43 fectior
329 2092 206 43 filiatione,
494 2092 110 43 quod
562 2092 206 43 contradicit
727 2092 124 43 alijs
810 2092 137 43 dictis
892 2092 96 43 tuis.

214 2131 98 48 42
263 2131 229 48 Praeterea,
443 2131 98 48 in
492 2131 147 48 nullo
590 2131 164 48 genere
705 2131 246 48 oppositonis
902 2131 131 48 vnum
967 2131 115 48 oppo-

211 2170 150 54 sitorum
321 2170 96 54 est
375 2170 96 54 per
430 2170 96 54 se,
485 2170 68 54 &
512 2170 178 54 immediate
649 2170 191 54 principisu
799 2170 178 54 alterius;
936 2170 96 54 sed
977 2170 96 54 filia

210 2210 123 52 tio,
287 2210 77 52 &
318 2210 216 52 paternitas
487 2210 123 52 sunt
564 2210 201 52 opposita,
719 2210 123 52 ergo
780 2210 62 52 &c

257 2249 98 50 Ad
306 2249 164 50 primum
420 2249 164 50 igitur
535 2249 164 50 dictum
649 2249 164 50 contra
764 2249 164 50 primam
862 2249 213 50 conclusioni

215 2286 176 54 dicendum
347 2286 88 54 ad
391 2286 176 54 maiorem,
523 2286 117 54 quod
596 2286 88 54 si
640 2286 102 54 per
698 2286 176 54 rationem
830 2286 205 54 intelligis
977 2286 102 54 poten

223 2326 121 52 tiam
299 2326 213 52 generandi,
466 2326 121 52 tunc
542 2326 106 52 non
602 2326 182 52 oportet,
739 2326 121 52 quod
815 2326 137 52 talis
906 2326 137 52 actus
982 2326 106 52 insit

223 2373 208 47 supposito
383 2373 208 47 generanti
542 2373 192 47 secundum
686 2373 144 47 illam
782 2373 208 47 rationem,
941 2373 112 47 per
989 2373 96 47 quam

216 2403 163 56 differt
335 2403 74 56 a
365 2403 178 56 producto
498 2403 104 56 sed
558 2403 193 56 sufficit,
707 2403 119 56 quod
781 2403 119 56 illa
855 2403 134 56 ratio
929 2403 149 56 connotes

216 2455 168 47 aliquid
338 2455 92 47 in
384 2455 229 47 producente,
567 2455 107 47 per
628 2455 122 47 quod
705 2455 199 47 producens
858 2455 245 47 distinguitur
1041 2455 46 47 a

214 2483 205 62 producto.
372 2483 142 62 Alias
467 2483 110 62 sic
514 2483 189 62 inuenitur.

250 2515 95 62 Ad
298 2515 158 62 primum
408 2515 206 62 dicendum,
567 2515 127 62 quod
646 2515 142 62 maior
741 2515 111 62 non
804 2515 111 62 est
851 2515 222 62 vniuersalite

223 2562 128 54 vera:
308 2562 114 54 quia
380 2562 86 54 si
423 2562 114 54 illa
494 2562 186 54 supposita
637 2562 86 54 se
679 2562 143 54 habent
779 2562 86 54 vt
822 2562 200 54 producens,
979 2562 71 54 &
993 2562 86 54 pro-

222 2607 150 50 ductum,
331 2607 109 50 tunc
400 2607 95 50 non
454 2607 95 50 est
509 2607 164 50 necesse,
631 2607 109 50 quod
699 2607 123 50 talis
781 2607 123 50 actus
863 2607 123 50 insit
931 2607 150 50 supposito

208 2653 209 38 generanti
369 2653 193 38 secundum
514 2653 145 38 illam
611 2653 209 38 rationem,
772 2653 113 38 per
836 2653 129 38 quam
917 2653 177 38 differt
1030 2653 48 38 a

210 2687 177 49 producto;
347 2687 95 49 sed
401 2687 177 49 sufficit,
537 2687 109 49 quod
605 2687 109 49 illa
673 2687 123 49 ratio
755 2687 150 49 conotet
864 2687 150 49 aliquid
973 2687 82 49 in
1000 2687 82 49 pro-

221 2730 189 50 ducente,
363 2730 110 50 per
426 2730 126 50 quod
504 2730 204 50 producens
662 2730 252 50 distinguitur
866 2730 79 50 a
882 2730 157 50 producto

257 2770 96 34 Ad
305 2770 192 34 secundum
449 2770 208 34 dicendum,
609 2770 128 34 quod
689 2770 112 34 vel
753 2770 112 34 per
817 2770 144 34 actum
913 2770 160 34 primum
1009 2770 80 34 in-

217 2797 185 47 telligis
355 2797 123 47 esse
432 2797 261 47 hypostaticum,
647 2797 77 47 &
678 2797 308 47 incommunicabile,
940 2797 108 47 vel
986 2797 92 47 esse

211 2843 222 46 subsistens,
389 2843 74 46 &
419 2843 193 46 naturale;
567 2843 89 46 si
612 2843 133 46 primo
700 2843 133 46 modo,
789 2843 119 46 tunc
864 2843 133 46 maior
953 2843 104 46 est
997 2843 89 46 fal-

220 2877 103 46 sa:
279 2877 118 46 quia
353 2877 177 46 filiatio
485 2877 103 46 non
544 2877 133 46 minus
633 2877 133 46 talem
721 2877 133 46 actum
809 2877 103 46 dat
868 2877 147 46 filio,
971 2877 118 46 quam
1030 2877 59 46 pa

216 2914 182 55 ternitas
353 2914 152 55 patri,
459 2914 76 55 &
489 2914 137 55 tamen
581 2914 106 55 non
641 2914 106 55 dat
702 2914 137 55 filio
793 2914 137 55 actum
884 2914 198 55 secundum,
1021 2914 61 55 de

220 2959 107 49 quo
281 2959 198 49 loqueris,
433 2959 107 49 cum
494 2959 137 49 tamen
585 2959 183 49 filiatio
723 2959 107 49 non
784 2959 107 49 sit
844 2959 137 49 minus
921 2959 152 49 perfecta

209 2996 124 44 quam
287 2996 233 44 paternitas.
473 2996 124 44 isto
551 2996 124 44 modo
629 2996 140 44 etiam
722 2996 93 44 in
768 2996 202 44 creaturis
924 2996 140 44 maior
1001 2996 78 44 esi

219 3032 146 51 falsa:
321 3032 117 51 quia
394 3032 87 51 si
438 3032 204 51 principium
598 3032 219 51 indiuiduale
773 3032 131 51 esset
860 3032 204 51 principium
1006 3032 73 51 pro

209 3081 214 54 ductiuum,
373 3081 132 54 tunc
456 3081 231 54 indiuiduum
637 3081 231 54 produceret
818 3081 198 54 seipsum,
950 3081 132 54 Sortes

1119 238 121 66 enim
1194 238 106 66 per
1255 238 211 66 Sorteitate
1421 238 106 66 non
1481 238 211 66 produceret
1647 238 121 66 nisi
1722 238 166 66 bortem,
1843 238 75 66 &
1873 238 106 66 sic
1919 238 60 66 de

1120 297 134 50 alijs
1209 297 223 50 indiuiduis.
1388 297 89 50 Si
1432 297 163 50 secundo
1551 297 134 50 modo,
1640 297 119 50 tunc
1714 297 134 50 minor
1804 297 104 50 est
1848 297 119 50 falsa,

1111 334 118 50 quia
1185 334 206 50 paternitas
1346 334 103 50 non
1405 334 103 50 dat
1464 334 132 50 patri
1552 334 118 50 esse
1625 334 220 50 subsistens,
1802 334 73 50 &
1816 334 162 50 naturale:

1115 376 126 50 quia
1194 376 126 50 tale
1273 376 126 50 esse
1352 376 142 50 habet
1446 376 110 50 per
1509 376 126 50 suam
1573 376 173 50 deitatem.

1114 413 104 56 Ad
1166 413 190 56 tertium
1304 413 225 56 dicendum,
1477 413 139 56 quod
1564 413 121 56 non
1633 413 190 56 oportet
1772 413 156 56 actum
1858 413 104 56 pro-

1117 457 129 46 prium
1202 457 143 46 habere
1302 457 171 46 proprium
1431 457 214 46 principium,
1603 457 100 46 sed
1660 457 186 46 sufficit,
1803 457 114 46 quod
1860 457 114 46 habeat

1114 494 168 50 commune
1236 494 245 50 appropriatum
1435 494 107 50 per
1496 494 122 50 hoc,
1573 494 122 50 quod
1650 494 199 50 concernit
1803 494 92 50 in
1833 494 138 50 supposi

1113 529 99 54 to
1162 529 230 54 producente
1343 529 181 54 aliquod
1474 529 214 54 proprium,
1639 529 132 54 sine
1721 529 115 54 quo
1787 529 148 54 nullo
1869 529 99 54 modo

1116 566 92 52 in
1162 566 138 52 actum
1254 566 245 52 progreditur.

1149 607 94 46 Ad
1196 607 173 46 quartum
1322 607 188 46 dicendum
1463 607 94 46 ad
1510 607 188 46 maiorem,
1651 607 125 46 quod
1730 607 110 46 non
1792 607 110 46 est
1840 607 125 46 simile

1119 651 117 42 quia
1193 651 146 42 deitas
1295 651 102 42 est
1353 651 132 42 forma
1441 651 190 42 absoluta,
1588 651 73 42 &
1617 651 102 42 per
1675 651 205 42 consequens
1836 651 117 42 sibi
1895 651 73 42 non

1107 689 193 48 repugnat
1252 689 129 48 esse
1332 689 226 48 immediatum
1510 689 226 48 principium
1687 689 209 48 actionis,
1848 689 113 48 hoc
1896 689 81 48 au-

1118 720 110 54 tem
1181 720 189 54 repugnat
1307 720 220 54 paternitati.

1131 763 108 47 Ad
1185 763 197 47 quintum
1328 763 233 47 dicendum,
1508 763 143 47 quod
1597 763 179 47 forma,
1723 763 126 47 qua
1777 763 197 47 producens

1115 798 194 59 producit,
1264 798 104 59 non
1324 798 164 59 dicitur
1443 798 164 59 referri
1562 798 89 59 ad
1607 798 209 59 productum,
1770 798 104 59 ita
1830 798 119 59 quod
1890 798 74 59 ip-

1114 843 82 47 sa
1155 843 95 47 sit
1210 843 82 47 de
1250 843 136 47 genere
1345 843 204 47 relationis:
1509 843 95 47 sed
1563 843 95 47 pro
1617 843 122 47 tanto
1699 843 95 47 hoc
1753 843 122 47 dicit
1835 843 109 47 quia
1889 843 68 47 ip-

1109 880 95 43 sa
1157 880 110 43 est
1220 880 221 43 relationis
1393 880 252 43 fundamentum,
1598 880 110 43 qua
1661 880 205 43 producens
1803 880 158 43 refertui

1112 920 94 48 ad
1159 920 218 48 productum.
1331 920 109 48 Cum
1393 920 156 48 igitur
1502 920 187 48 essentia
1642 920 156 48 diuina
1751 920 109 48 sit
1798 920 156 48 fundamen

1107 963 102 49 tum
1166 963 247 49 paternitatis,
1369 963 102 49 qua
1427 963 131 49 pater
1514 963 174 49 refertur
1645 963 87 49 ad
1688 963 145 49 filiu,
1790 963 116 49 ergo
1848 963 116 49 melius

1103 999 186 49 saluamus
1243 999 155 49 dictum
1352 999 217 49 philosophi
1522 999 171 49 ponendo
1646 999 202 49 essentiam
1801 999 124 49 esse
1863 999 109 49 prin-

1106 1037 167 50 cipium
1223 1037 284 50 generationis,
1457 1037 134 50 quam
1540 1037 184 50 ponendo
1657 1037 217 50 relationem.

1147 1081 102 45 Ad
1198 1081 170 45 sextum
1317 1081 221 45 dicendum,
1487 1081 136 45 quod
1572 1081 153 45 omnis
1674 1081 255 45 conformitas
1861 1081 102 45 pro-

1114 1114 139 51 priae
1206 1114 186 51 actionis
1345 1114 93 51 ad
1392 1114 124 51 suum
1469 1114 186 51 proprium
1608 1114 216 51 principium
1763 1114 201 51 presupponit

1113 1162 295 39 possibilitatem,
1361 1162 109 39 ita
1423 1162 124 39 quod
1500 1162 109 39 non
1562 1162 186 39 implicet
1702 1162 248 39 repugnantiam
1888 1162 78 39 na-

1104 1197 165 45 turalem,
1228 1197 110 45 sed,
1296 1197 82 45 vt
1338 1197 137 45 dictum
1434 1197 110 45 est,
1502 1197 178 45 relationi
1639 1197 178 45 repugnat,
1777 1197 110 45 quod
1845 1197 96 45 sit
1886 1197 69 45 uir

1107 1236 103 51 tus
1166 1236 162 51 actiua:
1284 1236 74 51 &
1314 1236 103 51 cum
1373 1236 177 51 dicitur,
1506 1236 118 51 quod
1580 1236 177 51 generare
1713 1236 162 51 diuinum
1831 1236 103 51 est
1875 1236 89 51 quid

1109 1273 205 45 relatiuum,
1270 1273 132 45 dico,
1358 1273 117 45 quod
1431 1273 117 45 ideo
1505 1273 117 45 est,
1578 1273 176 45 absoluto
1710 1273 205 45 principio,
1856 1273 117 45 conno-

1115 1316 146 41 tante
1212 1316 146 41 tamen
1309 1316 259 41 proprietatem
1504 1316 194 41 relatiuam.

1135 1347 99 47 Ad
1185 1347 199 47 septimum
1334 1347 215 47 dicendum,
1500 1347 133 47 quod
1583 1347 199 47 actiones
1732 1347 232 47 diuersarum
1898 1347 66 47 ra

1121 1388 156 54 sionum
1231 1388 172 54 possunt
1355 1388 125 54 esse
1433 1388 94 54 ab
1480 1388 109 54 vno
1543 1388 172 54 communi
1668 1388 203 54 principio
1808 1388 156 54 diuersi-

1106 1426 133 50 mode
1189 1426 149 50 tamen
1289 1426 182 50 accepto
1422 1426 199 50 secundum
1571 1426 199 50 diuersos
1720 1426 149 50 modos
1803 1426 166 50 sortitos

1105 1462 76 51 &
1135 1462 212 51 connotatos
1301 1462 76 51 a
1332 1462 181 51 diuersis
1467 1462 272 51 proprietatibus
1694 1462 257 51 differentibus
1890 1462 76 51 ra-

1112 1506 140 45 tione,
1210 1506 182 45 videlicet
1350 1506 70 45 a
1378 1506 224 45 paternitate,
1561 1506 70 45 &
1589 1506 140 45 actiua
1673 1506 182 45 spiratione.

1139 1549 99 53 Ad
1189 1549 182 53 octauum
1322 1549 215 53 dicendum,
1487 1549 132 53 quod
1570 1549 149 53 maior
1669 1549 116 53 est
1735 1549 132 53 vera
1801 1549 166 53 loquendo

1113 1584 93 46 de
1159 1584 140 46 forma
1252 1584 202 46 naturali,
1407 1584 78 46 &
1438 1584 279 46 communicabili,
1671 1584 78 46 &
1702 1584 109 46 non
1764 1584 93 46 de
1810 1584 140 46 forma
1888 1584 78 46 in-

1116 1621 204 51 diuiduali,
1277 1621 73 51 &
1306 1621 277 51 incomunicabili,
1539 1621 73 51 &
1568 1621 116 51 tunc
1641 1621 131 51 minor
1728 1621 102 51 est
1786 1621 146 51 falsa:
1874 1621 87 51 quia

1125 1671 127 47 ater
1204 1671 174 47 deitate
1331 1671 111 47 est
1395 1671 174 47 tanquam
1521 1671 143 47 forma
1616 1671 206 47 naturali,
1775 1671 79 47 &
1791 1671 174 47 communica

1113 1712 143 38 bili,
1209 1712 239 38 paternitate
1399 1712 127 38 vero
1479 1712 111 38 est
1543 1712 175 38 tanquam
1670 1712 143 38 forma
1749 1712 207 38 incommunica

1109 1740 144 46 bili,
1205 1740 80 46 &
1237 1740 96 46 ad
1285 1740 144 46 modum
1365 1740 192 46 indiuidui.

1142 1781 98 47 Ad
1191 1781 147 47 nonum
1289 1781 213 47 dicendum,
1453 1781 131 47 quod
1535 1781 131 47 quia
1617 1781 98 47 in
1666 1781 180 47 diuinis
1781 1781 180 47 generans,

1110 1819 73 46 &
1140 1819 205 46 generatio,
1300 1819 73 46 &
1330 1819 161 46 genitum
1447 1819 117 46 sunt
1520 1819 190 46 relatiua,
1666 1819 117 46 ideo
1739 1819 205 46 principisi
1885 1819 73 46 ge-

1120 1856 218 48 nerationis,
1295 1856 160 48 quamuis
1412 1856 102 48 non
1470 1856 102 48 sit
1528 1856 175 48 relatio,
1659 1856 175 48 connotat
1790 1856 131 48 tamen
1878 1856 116 48 rela

1111 1897 170 54 tionem;
1234 1897 108 54 nec
1296 1897 108 54 est
1357 1897 154 54 simile
1465 1897 123 54 quod
1542 1897 200 54 assumitur
1696 1897 93 54 de
1743 1897 200 54 absoluto:
1881 1897 93 54 quia

1111 1937 101 45 cum
1168 1937 188 45 absolutum
1313 1937 116 45 sit,
1385 1937 101 45 vel
1443 1937 145 45 possit
1545 1937 116 45 esse
1617 1937 174 45 actiuum,
1747 1937 116 45 sibi
1819 1937 101 45 non
1863 1937 101 45 repu-

1112 1981 130 57 gnat
1193 1981 130 57 esse
1274 1981 228 57 principium
1453 1981 260 57 productiuum,
1665 1981 114 57 hoc
1730 1981 146 57 autem
1811 1981 163 57 repugnat

1111 2012 213 48 relationi,
1278 2012 106 48 cum
1339 2012 106 48 non
1400 2012 106 48 sit
1445 2012 122 48 actiua

1133 2055 96 46 Ad
1181 2055 287 46 confirmationem
1420 2055 143 46 dico,
1516 2055 128 46 quod
1595 2055 96 46 in
1643 2055 112 46 hoc
1707 2055 175 46 captiuo
1819 2055 143 46 intelle

1116 2091 123 57 ctum
1193 2091 123 57 meum
1270 2091 92 57 in
1316 2091 200 57 obsequium
1470 2091 154 57 fidei:
1577 2091 123 57 quia
1654 2091 139 57 fides
1747 2091 200 57 catholica
1885 2091 77 57 po-

1114 2138 110 50 nit
1177 2138 220 50 trinitatem
1350 2138 220 50 personarum
1523 2138 110 50 cum
1586 2138 173 50 vnitate
1712 2138 220 50 essentiae,
1870 2138 94 50 quod

1112 2169 142 45 nullo
1207 2169 126 45 modo
1286 2169 174 45 saluare
1412 2169 205 45 possumus,
1570 2169 126 45 nisi
1649 2169 174 45 ponendo
1775 2169 158 45 diuina
1869 2169 95 45 sup-

1119 2211 147 53 posita
1222 2211 191 53 constitui
1370 2211 265 53 proprietatibus
1590 2211 206 53 relatiuis.
1752 2211 88 53 Si
1796 2211 118 53 enim
1855 2211 118 53 sancti

1119 2256 148 42 patres
1223 2256 208 42 potuissent
1386 2256 163 42 saluare
1505 2256 163 42 diuinae
1623 2256 193 42 essentiae
1771 2256 178 42 vnitatem
1890 2256 74 42 cum

1108 2295 147 46 tribus
1211 2295 206 46 suppositis
1373 2295 206 46 absolutis,
1535 2295 162 46 nunquam
1652 2295 118 46 ipsi
1726 2295 206 46 posuissent
1873 2295 88 46 ali-

1110 2330 124 51 quam
1187 2330 216 51 relationem
1357 2330 124 51 esse
1434 2330 185 51 supposit
1573 2330 278 51 constitutiuam.
1805 2330 108 51 Sed
1851 2330 108 51 posi-

1106 2367 106 50 to,
1166 2367 121 50 quod
1242 2367 166 50 relatio
1363 2367 106 50 non
1423 2367 106 50 sit
1484 2367 227 50 productiua,
1665 2367 106 50 non
1725 2367 136 50 minus
1816 2367 121 50 bene
1876 2367 91 50 sal-

1110 2406 142 45 uamus
1205 2406 158 45 omnia,
1315 2406 126 45 quae
1394 2406 173 45 saluare
1520 2406 189 45 debemus,
1662 2406 173 45 quantum
1788 2406 95 45 ad
1819 2406 142 45 diuinas

1115 2450 243 37 productiones,
1315 2450 115 37 siue
1387 2450 115 37 sint
1458 2450 86 37 ad
1501 2450 143 37 intra,
1602 2450 115 37 siue
1673 2450 86 37 ad
1716 2450 143 37 extra:
1816 2450 72 37 &
1845 2450 115 37 ideo
1902 2450 72 37 non

1103 2488 175 48 debemus
1230 2488 143 48 eadem
1326 2488 175 48 ratione
1453 2488 159 48 negare
1564 2488 223 48 relationem
1739 2488 95 48 in
1787 2488 175 48 diuinis
1898 2488 64 48 es

1109 2523 97 45 se
1157 2523 194 45 supposit
1302 2523 290 45 constitutiuam,
1545 2523 113 45 qua
1609 2523 177 45 negamus
1738 2523 113 45 eam
1787 2523 177 45 producti.

1114 2568 122 44 uam:
1190 2568 122 44 quia
1266 2568 152 44 primum
1372 2568 106 44 est
1433 2568 91 44 in
1479 2568 198 44 obsequium
1631 2568 152 44 fidei,
1737 2568 182 44 secundum
1859 2568 106 44 auten

1103 2602 94 46 ad
1150 2602 173 46 nihilum
1276 2602 235 46 deseruiret,
1464 2602 78 46 &
1496 2602 126 46 ideo
1559 2602 78 46 &c.

1132 2642 100 44 Ad
1182 2642 184 44 decimum
1316 2642 250 44 dicendumque
1516 2642 117 44 per
1583 2642 117 44 hoc
1650 2642 134 44 vult
1733 2642 134 44 Aug.
1817 2642 134 44 quod
1884 2642 83 44 per

1122 2683 189 43 otentiam
1264 2683 205 43 generandi
1422 2683 110 43 non
1485 2683 110 43 sit
1548 2683 221 43 progressus
1721 2683 95 43 in
1768 2683 142 43 actum
1847 2683 126 43 genera

1111 2726 160 35 tionis,
1227 2726 131 35 nisi,
1314 2726 131 35 prout
1401 2726 189 35 concernit
1546 2726 87 35 in
1589 2726 189 35 supposito
1734 2726 189 35 generante
1865 2726 102 35 patet

1103 2761 102 41 nam
1161 2761 247 41 proprietatem,
1364 2761 131 41 quod,
1451 2761 87 41 si
1494 2761 102 41 sic
1552 2761 102 41 non
1610 2761 261 41 intelligeretur
1828 2761 131 41 illud
1900 2761 58 41 di

1114 2795 114 52 ctum
1185 2795 114 52 Aug.
1256 2795 114 52 tunc
1328 2795 114 52 ipse
1399 2795 114 52 sibi
1470 2795 114 52 ipsi
1542 2795 157 52 saepius
1656 2795 257 52 contradiceret,
1869 2795 71 52 &
1884 2795 71 52 spi

1104 2835 179 55 cialiter
1238 2835 104 55 1s.
1298 2835 89 55 de
1342 2835 119 55 trin
1417 2835 104 55 vbi
1476 2835 134 55 dicit
1566 2835 149 55 filium
1670 2835 104 55 Dei
1730 2835 149 55 natura
1819 2835 134 55 genitum

1142 2877 128 43 Forte
1227 2877 143 43 dices,
1327 2877 86 43 si
1370 2877 114 43 sine
1441 2877 185 43 relatione
1584 2877 100 43 non
1641 2877 143 43 potest
1741 2877 114 43 esse
1798 2877 157 43 generatio

1103 2903 122 57 ergo
1179 2903 167 57 relatio
1300 2903 106 57 est
1361 2903 213 57 principium
1513 2903 228 57 generationis.

1147 2943 141 56 Dico,
1242 2943 126 56 quod
1320 2943 141 56 sicut
1414 2943 94 56 in
1461 2943 204 56 creaturis
1618 2943 141 56 damus
1713 2943 173 56 causam,
1823 2943 141 56 propter

1124 2993 105 49 uam
1184 2993 120 49 sic,
1259 2993 75 49 &
1289 2993 135 49 etiam
1378 2993 150 49 causam
1483 2993 120 49 sine
1558 2993 105 49 qua
1618 2993 120 49 non,
1693 2993 120 49 ista
1767 2993 135 49 tamen
1842 2993 120 49 verius

1104 3034 168 48 negatur
1226 3034 122 48 esse
1302 3034 153 48 causa,
1409 3034 122 48 quam
1486 3034 229 48 affirmetur,
1669 3034 183 48 absolute
1791 3034 168 48 loquendo.

1123 3071 113 53 quia
1193 3071 98 53 non
1250 3071 127 53 debet
1334 3071 113 53 dici
1404 3071 141 53 causa,
1503 3071 113 53 nisi
1573 3071 98 53 cum
1629 3071 98 53 hac
1686 3071 197 53 conditione
1826 3071 141 53 apposita
