2434 3531
454 293 315 80 RES
634 293 405 80 OLVTI
859 293 135 80 O

298 374 117 104 Hicet
376 374 156 104 spiritus
493 374 91 104 non
546 374 195 104 simpliciter
702 374 104 104 dici
767 374 169 104 videatur,
897 374 78 104 vt
936 374 117 104 tamen
1015 374 65 104 a
1028 374 143 104 spiratio-

335 434 75 67 ne
372 434 150 67 dicitur,
484 434 137 67 proprie
584 434 137 67 tertiae
684 434 150 67 personae
796 434 75 67 in
834 434 137 67 diuinis
934 434 162 67 conuenit,
1059 434 100 67 quae
1109 434 62 67 qui

338 471 104 75 dem
398 471 104 75 per
457 471 134 75 modum
546 471 208 75 valuntatis
710 471 89 75 vt
755 471 178 75 voluntas
888 471 208 75 libertatem
1037 471 134 75 compla-

344 518 140 69 tentiae
446 518 166 69 concernit
574 518 115 69 immut
650 518 127 69 abilit
739 518 76 69 ex
778 518 166 69 procedit:
905 518 102 69 vnde
969 518 89 69 cum
1020 518 76 69 in
1058 518 89 69 hac
1096 518 64 69 pro

331 551 168 74 ductiane
457 551 168 74 perfecte
583 551 168 74 alaequet
709 551 112 74 suum
780 551 168 74 proprium
906 551 196 74 principium
1046 551 112 74 prodi-

331 588 142 80 ctiuum,
435 588 168 80 sequitur,
564 588 104 80 quod
629 588 130 80 plures
720 588 155 80 spiritus
836 588 130 80 sancti
927 588 104 80 esse
992 588 155 80 nequeant
1095 588 65 80 so-

332 631 87 79 las
381 631 124 79 igitur
468 631 124 79 spirit
555 631 75 79 ut
592 631 149 79 sanctur,
704 631 87 79 cum
754 631 87 79 sit
804 631 99 79 amor
866 631 174 79 perfectus,
1002 631 99 79 erit
1052 631 112 79 proprie

325 667 122 59 nexus
406 667 135 59 patru,
500 667 68 59 &
514 667 95 59 filij

423 770 577 79 ARTICVLVS
822 770 178 79 I.

403 854 156 84 Vtrum
507 854 173 84 aliqua
628 854 173 84 diuina
749 854 190 84 persona
870 854 156 84 proprit

533 915 169 70 dicatur
656 915 184 70 spiritus
778 915 154 70 sanctus.

325 977 87 74 N
359 977 174 74 VANTVM
481 977 105 74 ad
534 977 174 74 primum
656 977 122 74 est
726 977 279 74 aduertendum,
952 977 139 74 quod
1022 977 122 74 gram

299 985 269 114 maticaliter
514 985 233 114 loquendo,
694 985 215 114 spiritus
855 985 126 114 vno
927 985 143 114 modo
999 985 143 114 dicitu

275 1062 74 55 a
305 1062 281 55 spiritualitate,
542 1062 118 55 alio
616 1062 118 55 modo
690 1062 74 55 a
704 1062 178 55 spiratione

323 1098 165 66 Primo
433 1098 147 66 modo
525 1098 129 66 est
598 1098 165 66 nomen
708 1098 202 66 commune
855 1098 129 66 non
929 1098 165 66 solum
1020 1098 129 66 omni-

281 1134 118 78 bus
349 1134 186 78 diuinis
484 1134 203 78 personis
636 1134 118 78 sed
704 1134 152 78 etiam
805 1134 186 78 omnibus
923 1134 220 78 substantiis

276 1180 239 65 separatis,
464 1180 103 65 ac
515 1180 154 65 etiam
618 1180 171 65 multis
738 1180 239 65 corporibus
926 1180 188 65 Corpora
1045 1180 103 65 enim

271 1217 184 72 subtilia
409 1217 215 72 saepissime
577 1217 92 72 in
623 1217 230 72 philosophia
808 1217 184 72 spiritus
930 1217 215 72 appellantur.

268 1255 97 72 Et
316 1255 145 72 licet
413 1255 129 72 illo
494 1255 129 72 modo
574 1255 177 72 sumptum
703 1255 113 72 hoc
768 1255 145 72 nomen
865 1255 194 72 spiritus
1010 1255 113 72 non
1058 1255 81 72 sit

276 1305 138 62 nomen
368 1305 184 62 proprium
505 1305 184 62 alicuius
643 1305 168 62 diuinae
766 1305 199 62 personae,
919 1305 107 62 est
980 1305 138 62 tamen
1056 1305 77 62 ap-

275 1342 220 59 propriatum
448 1342 94 59 ex
495 1342 110 59 vsu
558 1342 251 59 scripturarum
762 1342 173 59 tertiae
888 1342 204 59 personae.
1029 1342 110 59 Cuius

283 1373 117 69 atio
356 1373 146 69 posset
459 1373 117 69 esse
532 1373 117 69 quia
605 1373 88 69 in
648 1373 131 69 rebus
736 1373 131 69 nobis
823 1373 131 69 notis
911 1373 131 69 illud
984 1373 146 69 spiritum

275 1423 237 60 appellamus,
465 1423 95 60 in
513 1423 111 60 quo
576 1423 190 60 virtutem
718 1423 269 60 penetratiuam,
940 1423 79 60 &
956 1423 174 60 impulsius

285 1462 220 61 percipimus:
462 1462 103 61 sed
520 1462 132 61 amore
609 1462 132 61 nihil
697 1462 103 61 est
756 1462 265 61 penetratiuius,
976 1462 73 61 &
991 1462 132 61 impulsi

273 1501 131 62 uius,
361 1501 116 62 ergo
433 1501 160 62 persona
549 1501 160 62 diuina,
665 1501 116 62 quae
738 1501 102 62 est
796 1501 116 62 ipse
869 1501 116 62 amor
941 1501 189 62 productus
1072 1501 58 62 ap

265 1539 191 56 propriate
412 1539 161 56 dicitur
529 1539 191 56 spiritus.
676 1539 132 56 Etiam
764 1539 220 56 appropriate
939 1539 161 56 dicitur
1042 1539 88 56 san-

266 1578 141 53 ctus.
360 1578 109 53 Nam
423 1578 188 53 secundum
563 1578 219 53 Fustratium
735 1578 141 53 super
829 1578 78 53 1
860 1578 141 53 ethic
954 1578 156 53 iustum
1048 1578 78 53 con

267 1607 149 72 sistit
372 1607 90 72 in
416 1607 224 72 aequalitate
596 1607 90 72 ad
640 1607 179 72 alterum,
775 1607 164 72 sanctum
894 1607 134 72 autem
984 1607 90 72 in
1014 1607 119 72 ordine

264 1653 98 64 ad
313 1653 147 64 Deum.
410 1653 114 64 Cum
475 1653 130 64 ereo
557 1653 147 64 dona,
655 1653 163 64 quibus
769 1653 98 64 in
818 1653 130 64 Deum
899 1653 228 64 ordinamur,
1062 1653 65 64 at

259 1699 210 55 tribuantur
424 1699 135 55 amori
514 1699 165 55 diuino,
634 1699 120 55 ergo
710 1699 120 55 illa
785 1699 180 55 persona,
920 1699 120 55 quae
995 1699 105 55 est
1040 1699 90 55 ipse

260 1732 124 68 amor
338 1732 202 68 productus
493 1732 93 68 in
540 1732 186 68 diuinis,
680 1732 233 68 appropriate
866 1732 109 68 non
928 1732 140 68 solum
1021 1732 140 68 dici

266 1768 97 57 tur
321 1768 179 57 spiritus,
459 1768 97 57 sed
515 1768 124 57 etiam
597 1768 152 57 dicitur
708 1768 166 57 spiritus
818 1768 138 57 sanctus.

306 1804 120 65 Sed,
381 1804 90 65 si
426 1804 105 65 hoc
486 1804 135 65 nomen
577 1804 180 65 spiritus
712 1804 165 65 dicitur
832 1804 75 65 a
862 1804 226 65 spiratione,
1028 1804 90 65 tuns

260 1843 110 70 non
323 1843 142 70 solum
418 1843 252 70 appropriate,
623 1843 110 70 sed
686 1843 142 70 etiam
780 1843 173 70 proprie
906 1843 189 70 conuenit
1032 1843 95 70 per-

260 1884 124 67 sonae
343 1884 207 67 praedictae:
509 1884 110 67 quia
578 1884 110 67 illa
647 1884 152 67 persona
757 1884 152 67 proprie
868 1884 152 67 dicitur
978 1884 179 67 spiritus,

257 1926 132 54 prout
345 1926 176 54 spiritus
477 1926 161 54 dicitur
594 1926 73 54 a
623 1926 220 54 spiratione,
799 1926 132 54 cuius
887 1926 205 54 personalis
1033 1926 88 54 pro-

267 1964 159 75 prietas
382 1964 101 75 est
440 1964 130 75 ipsum
527 1964 174 75 spirare:
658 1964 101 75 sed
715 1964 159 75 persona
831 1964 145 75 diuina
933 1964 174 75 predicta
1049 1964 72 75 ess

263 1995 239 63 huiusmodi,
451 1995 136 63 ergo
519 1995 68 63 &c

379 2074 566 87 ARTICVLVS
771 2074 218 87 II.

379 2147 152 90 Vtrum
481 2147 203 90 spiritus
633 2147 186 90 sanctus
769 2147 203 90 procedat
904 2147 85 90 per

519 2211 166 67 modum
611 2211 239 67 volintatis.

281 2299 205 73 NVANTVM
430 2299 112 73 ad
486 2299 224 73 secundum
654 2299 280 73 principale,
878 2299 168 73 vtrum
971 2299 149 73 spiri-

279 2346 145 66 omtus
376 2346 178 66 sanctus
505 2346 194 66 procedat
651 2346 113 66 per
715 2346 145 66 modum
812 2346 242 66 voluntatis,
1006 2346 129 66 dice

245 2395 112 51 que
309 2395 192 51 voluntas
453 2395 160 51 diuina
565 2395 160 51 potest
677 2395 224 51 dupliciter
853 2395 240 51 considerari
1029 2395 80 51 Vno

240 2435 137 53 modo,
331 2435 92 53 vt
377 2435 198 53 concernit
530 2435 214 53 libertatem
698 2435 275 53 contingentiae,
927 2435 122 53 siue
988 2435 122 53 contra

252 2463 217 64 dictionis.
422 2463 124 64 Alio
500 2463 140 64 modo,
593 2463 93 64 vt
639 2463 202 64 concernit
794 2463 217 64 libertatem
949 2463 155 64 complace

245 2504 146 64 tiae,
342 2504 81 64 &
375 2504 244 64 dilectionis
570 2504 114 64 cum
635 2504 244 64 necessitate
814 2504 277 64 immutabilitatis

241 2541 147 56 sicut
339 2541 131 56 Deus
420 2541 114 56 cum
486 2541 163 56 maxima
600 2541 278 56 complacentia,
828 2541 82 56 &
861 2541 212 56 liberrime
1008 2541 98 56 vult

247 2580 131 77 luam
329 2580 230 77 bonitatem,
509 2580 82 77 &
542 2580 148 77 tamen
640 2580 131 77 vult
723 2580 115 77 eam
788 2580 246 77 necessitate
969 2580 131 77 immuta

239 2620 211 49 bilitatis,
405 2620 121 49 quia
480 2620 106 49 non
540 2620 151 49 potest
646 2620 106 49 eam
706 2620 106 49 non
751 2620 106 49 velle

295 2652 143 63 Primo
391 2652 127 63 modo
470 2652 191 63 spiritus
613 2652 175 63 sanctus
740 2652 111 63 non
804 2652 191 63 procedit
947 2652 111 63 per
995 2652 111 63 modum

234 2705 208 56 voluntatis:
400 2705 111 56 quia
469 2705 83 56 vt
511 2705 111 56 sic,
580 2705 125 56 solae
663 2705 180 56 creaturae
802 2705 194 56 procedunt,
954 2705 97 56 sed
995 2705 111 56 secudo

234 2743 128 53 modo
314 2743 192 53 spiritus
458 2743 176 53 sanctus
585 2743 176 53 proprie
713 2743 192 53 procedit
857 2743 112 53 per
920 2743 144 53 modum
1000 2743 96 53 voli

244 2783 145 49 tatis:
346 2783 116 49 quia
419 2783 131 49 sicut
506 2783 87 49 se
549 2783 131 49 habet
636 2783 160 49 verbum,
753 2783 102 49 seu
811 2783 102 49 sat
869 2783 131 49 entia
956 2783 145 49 genita
1043 2783 58 49 in

243 2815 161 67 diuinis
360 2815 88 67 ad
404 2815 234 67 intellectum,
594 2815 102 67 sic
653 2815 88 67 se
696 2815 132 67 habet
784 2815 175 67 spiritus
916 2815 175 67 sanctus,
1033 2815 58 67 qu

246 2857 103 65 est
305 2857 118 65 amor
379 2857 206 65 productus,
541 2857 88 65 ad
585 2857 221 65 voluntatem,
761 2857 118 65 sed,
835 2857 88 65 vt
879 2857 177 65 inferius
997 2857 103 65 pate-

232 2890 136 67 bit,
317 2890 170 67 verbum
436 2890 187 67 diuinum
572 2890 204 67 procedit
726 2890 119 67 per
794 2890 153 67 modum
879 2890 221 67 intellectus

242 2930 299 55 immutabiliter,
491 2930 133 55 ergo
558 2930 66 55 &c

239 2965 110 84 Sed
302 2965 219 84 contrarium
474 2965 157 84 istius
584 2965 251 84 conclusionis
788 2965 157 84 quidam
897 2965 157 84 doctor
991 2965 110 84 ponit

239 3007 86 55 &
273 3007 120 55 hoc
342 3007 137 55 modo
410 3007 189 55 procedit.

271 3040 140 65 Primo
365 3040 124 65 enim
443 3040 171 65 probat,
567 3040 124 65 quod
645 3040 156 65 filius
754 3040 93 65 in
800 3040 171 65 diuinis
925 3040 109 65 non
972 3040 124 65 produ-

239 3097 143 63 catur
335 3097 111 63 per
398 3097 143 63 actum
494 3097 254 63 intellectus,
700 3097 111 63 nec
764 3097 191 63 spiritus
907 3097 175 63 sanctus
1018 3097 80 63 per

1211 289 145 63 actum
1291 289 209 63 voluntatis.

1255 334 179 80 Secundo
1385 334 163 80 dicit,
1499 334 130 80 quod
1581 334 163 80 filius
1695 334 114 80 non
1760 334 196 80 procedit
1907 334 114 80 per
1956 334 114 80 modum

1212 367 241 93 intellectus,
1408 367 106 93 nec
1468 367 181 93 spiritus
1604 367 166 93 sanctus
1724 367 106 93 per
1785 367 136 93 modum
1875 367 226 93 voluntatis,

1206 413 152 85 simmo,
1312 413 91 85 vt
1358 413 152 85 dicit,
1464 413 274 85 circumscriptis
1692 413 106 85 per
1753 413 228 85 intellectum
1935 413 76 85 a
1951 413 106 85 natur

1200 452 149 78 diuina
1304 452 223 78 intellectu,
1482 452 74 78 &
1512 452 193 78 voluntate
1661 452 104 78 cum
1720 452 163 78 actibus
1839 452 134 78 suis,
1928 452 134 78 adhuc
2003 452 59 78 es

1208 486 94 82 set
1261 486 80 82 in
1301 486 147 82 diuinis
1409 486 174 82 generatio
1543 486 134 82 filij,
1637 486 67 82 &
1663 486 161 82 spiratio
1784 486 161 82 spiritus
1891 486 121 82 sancti.

1246 531 168 62 Primum
1364 531 168 62 probat
1464 531 84 62 sic

1230 570 74 87 1
1260 570 118 87 quia
1333 570 88 87 si
1378 570 118 87 sic,
1451 570 118 87 tunc
1525 570 103 87 aut
1584 570 133 87 tales
1672 570 133 87 actus
1760 570 147 87 essent
1864 570 133 87 ipsae
1937 570 118 87 produ-

1198 598 164 94 ctiones
1317 598 223 94 personarum,
1496 598 104 94 aut
1555 598 193 94 huiusmodi
1704 598 134 94 actus
1793 598 149 94 essent
1882 598 164 94 principi-

1194 653 146 69 talium
1297 653 248 69 productionum.
1501 653 146 69 Primum
1603 653 117 69 dici
1676 653 102 69 non
1735 653 146 69 potest
1837 653 161 69 propter
1939 653 88 69 tria

1264 690 166 76 Primo,
1380 690 133 76 quia
1463 690 265 76 productiones
1679 690 232 76 personarum
1861 690 133 76 sunt
1927 690 116 76 actus

1195 731 207 79 notionales;
1360 731 96 79 sed
1416 731 220 79 intelligere,
1595 731 69 79 &
1622 731 124 79 velle
1705 731 110 79 sunt
1774 731 124 79 actus
1856 731 220 79 essentiales,

1200 773 124 77 ergo
1278 773 248 77 intelligere,
1480 773 78 77 &
1511 773 140 77 velle
1604 773 109 77 non
1666 773 124 77 sunt
1743 773 140 77 ipsae
1821 773 217 77 productiones

1201 801 152 87 Vtraque
1312 801 235 87 praemissarum,
1506 801 83 87 vt
1547 801 152 87 dicunt,
1658 801 97 87 est
1714 801 180 87 proposito
1852 801 111 87 per(
1921 801 83 87 se
1949 801 97 87 nota-

1222 843 83 83 2
1256 843 199 83 Secundo,
1405 843 133 83 quia
1488 843 216 83 cuicumque
1654 843 199 83 conuenit
1803 843 182 83 aliquis
1919 843 116 83 actus

1194 886 102 80 quo
1253 886 161 80 persona
1370 886 219 80 producitur,
1545 886 117 80 sibi
1618 886 175 80 conuenit
1749 886 190 80 producere
1880 886 161 80 personam,

1191 929 84 74 ad
1233 929 111 74 quam
1303 929 125 74 talis
1386 929 125 74 actus
1470 929 209 74 terminatur:
1637 929 98 74 sed
1693 929 223 74 intelligere,
1874 929 70 74 &
1902 929 125 74 velle
1971 929 70 74 con

1181 962 160 79 ueniunt
1298 962 145 79 onibus
1399 962 160 79 diuinis
1515 962 189 79 personis,
1661 962 116 79 ergo
1733 962 189 79 quaelibet
1878 962 145 79 diuina
1965 962 73 79 per

1179 998 120 77 sona
1254 998 195 77 generaret
1404 998 165 77 filium,
1524 998 75 77 &
1554 998 180 77 spiraret
1690 998 180 77 spiritum
1810 998 135 77 sanctum

1208 1042 71 80 3
1236 1042 157 80 Tertio,
1351 1042 114 80 quia
1422 1042 229 80 productiones
1608 1042 143 80 filij,
1708 1042 71 80 &
1737 1042 172 80 spiritus
1865 1042 143 80 sancti
1951 1042 86 80 dif-

1177 1070 145 93 ferunt
1279 1070 189 93 realiter:
1424 1070 102 93 sed
1482 1070 218 93 intelligere
1657 1070 174 93 diuinum,
1787 1070 73 93 &
1816 1070 131 93 velle
1903 1070 102 93 non
1947 1070 87 93 dif-

1176 1113 140 78 ferunt
1274 1113 183 78 realiter:
1415 1113 112 78 quia
1485 1113 98 78 nec
1541 1113 84 78 re
1583 1113 183 78 absoluta,
1723 1113 98 78 nec
1780 1113 84 78 re
1808 1113 112 78 relata

1217 1154 110 81 Nec
1280 1154 157 81 potest
1390 1154 126 81 dici
1469 1154 204 81 secundum,
1626 1154 188 81 scilicet
1767 1154 126 81 quod
1846 1154 141 81 tales
1924 1154 110 81 actus

1182 1179 117 97 sint
1255 1179 190 97 principia
1401 1179 146 97 talium
1504 1179 248 97 productionum:
1708 1179 117 97 quia
1781 1179 146 97 illud,
1883 1179 131 97 cuius
1956 1179 73 97 con

1173 1236 129 79 ditio
1259 1236 101 79 est
1316 1236 172 79 opposita
1446 1236 230 79 fecunditati,
1632 1236 101 79 non
1690 1236 144 79 potest
1790 1236 115 79 esse
1848 1236 172 79 principium

1172 1275 149 67 actus,
1277 1275 105 67 quo
1336 1275 164 67 aliquid
1456 1275 224 67 producitur:
1635 1275 120 67 quia
1710 1275 135 67 omnis
1800 1275 194 67 productio
1934 1275 90 67 pro-

1176 1311 131 73 uenit
1264 1311 87 73 ex
1307 1311 145 73 saecun
1409 1311 160 73 ditate:
1526 1311 102 73 sed
1584 1311 175 73 conditio
1715 1311 145 73 actuum
1816 1311 175 73 volendi,
1947 1311 73 73 &
1962 1311 58 73 in

1174 1348 193 89 telligendi
1326 1348 97 89 est
1381 1348 166 89 opposita
1506 1348 235 89 saecunditati,
1699 1348 111 89 quia
1768 1348 83 89 ex
1810 1348 124 89 ipsis
1893 1348 124 89 nihil
1962 1348 69 89 com

1177 1387 183 63 stituitur,
1321 1387 78 63 vt
1360 1387 118 63 patet
1438 1387 78 63 9.
1465 1387 92 63 meta.

1200 1432 204 69 Secundum
1353 1432 153 69 eorum
1455 1432 170 69 dictum
1574 1432 187 69 probant
1693 1432 85 69 sic

1210 1475 79 76 1
1242 1475 190 76 Secundum
1384 1475 126 76 idem
1463 1475 348 76 proportionabiliter
1763 1475 237 76 saecunditas
1937 1475 79 76 con

1169 1499 138 92 uenit
1261 1499 123 92 Deo,
1338 1499 77 92 &
1368 1499 215 92 creaturis:
1537 1499 107 92 sed
1599 1499 230 92 saecunditas
1783 1499 215 92 producendi
1936 1499 77 92 con

1176 1542 134 82 senit
1265 1542 193 82 creaturis
1414 1542 104 82 non
1473 1542 89 82 ex
1518 1542 104 82 eo,
1577 1542 119 82 quod
1652 1542 119 82 sunt
1726 1542 267 82 intelligentes,
1949 1542 74 82 &
1964 1542 59 82 vo

1166 1581 170 87 lentes,
1289 1581 108 87 sed
1351 1581 108 87 per
1412 1581 170 87 aliquid
1536 1581 154 87 prius,
1644 1581 77 87 &
1675 1581 216 87 communius.
1844 1581 139 87 Multa
1921 1581 93 87 enim

1160 1622 218 75 intellectu
1331 1622 186 75 carentia
1471 1622 202 75 generant,
1627 1622 78 75 &
1658 1622 218 75 producunt,
1829 1622 124 75 ergo
1891 1622 124 75 natura

1161 1664 159 85 diuina,
1276 1664 130 85 licet
1363 1664 101 85 sit
1421 1664 232 85 intelligens,
1609 1664 72 85 &
1638 1664 159 85 volens,
1754 1664 87 85 ex
1798 1664 101 85 hoc
1856 1664 130 85 tamen
1928 1664 87 85 nul-

1163 1697 97 89 la
1211 1697 243 89 faecunditas
1405 1697 146 89 inest
1503 1697 129 89 sibi
1583 1697 97 89 ad
1632 1697 243 89 producendum
1810 1697 194 89 quamcumqui

1172 1736 175 87 personam.
1306 1736 81 87 Et
1346 1736 134 87 addunt
1440 1736 121 87 isti,
1521 1736 108 87 quod
1588 1736 121 87 sicut
1669 1736 121 87 calor
1750 1736 134 87 ignis,
1844 1736 81 87 si
1884 1736 121 87 esset
1951 1736 54 87 in

1171 1783 201 74 telligens,
1328 1783 72 74 &
1357 1783 158 74 volens,
1472 1783 172 74 causaret
1601 1783 158 74 calorem
1715 1783 115 74 sibi
1787 1783 172 74 similem,
1916 1783 86 74 ex
1945 1783 57 74 fa

1155 1819 185 76 cunditate
1297 1819 157 76 naturae
1411 1819 128 76 suae,
1496 1819 128 76 sicut
1582 1819 114 76 nunc
1653 1819 142 76 facit,
1753 1819 100 76 nec
1810 1819 85 76 ad
1852 1819 100 76 hoc
1895 1819 128 76 aliquid

1154 1859 205 85 cooperaret
1315 1859 117 85 suum
1388 1859 234 85 intelligere,
1578 1859 73 85 &
1608 1859 146 85 velle,
1710 1859 102 85 sic
1768 1859 146 85 natura
1871 1859 146 85 diuina
1959 1859 58 85 &c

1197 1904 74 71 2
1227 1904 178 71 Preterea
1361 1904 149 71 qualis
1465 1904 104 71 est
1524 1904 119 71 ordo
1599 1904 134 71 rerum
1688 1904 134 71 inter
1777 1904 223 71 differentia
1941 1904 74 71 rea

1151 1931 146 90 liter,
1254 1931 73 90 t
1283 1931 117 90 alis
1356 1931 102 90 est
1414 1931 117 90 ordo
1487 1931 175 90 rationum
1619 1931 131 90 inter
1706 1931 219 90 differentia
1867 1931 146 90 secundum

1155 1971 186 83 rationem:
1298 1971 100 83 sed
1355 1971 100 83 vbi
1413 1971 229 83 intellectus,
1599 1971 72 83 &
1627 1971 172 83 voluntas
1756 1971 186 83 differunt
1900 1971 72 83 a
1914 1971 86 83 natu

1157 2021 97 78 ra,
1213 2021 97 78 ibi
1268 2021 180 78 productio
1407 2021 97 78 est
1463 2021 167 78 realiter
1588 2021 83 78 vi
1629 2021 167 78 naturae,
1754 2021 69 78 &
1782 2021 97 78 non
1837 2021 83 78 vi
1865 2021 139 78 intelle-

1156 2049 133 75 ctus,
1245 2049 104 75 aut
1304 2049 222 75 voluntatis,
1482 2049 118 75 ergo
1556 2049 74 75 &
1585 2049 89 75 in
1629 2049 104 75 Deo
1674 2049 59 75 &c

1200 2095 77 79 3
1230 2095 216 79 Praeterea,
1400 2095 93 79 ex
1446 2095 154 79 dictis
1554 2095 201 79 aliquorum
1709 2095 170 79 aliorum
1832 2095 154 79 potest
1925 2095 77 79 hoc

1147 2124 115 92 idem
1219 2124 129 92 argui
1305 2124 115 92 sic.
1377 2124 158 92 Filius,
1492 2124 115 92 quia
1564 2124 101 92 est
1621 2124 288 92 consubstantialis
1866 2124 144 92 patri,
1952 2124 43 92 &

1154 2171 182 80 virtute
1286 2171 132 80 suae
1368 2171 264 80 productionis
1583 2171 132 80 sibi
1665 2171 264 80 communicatur
1863 2171 132 80 natura

1152 2208 123 81 ideo
1228 2208 169 81 dicitur
1351 2208 199 81 procedere
1504 2208 107 81 per
1566 2208 138 81 modum
1658 2208 184 81 naturae:
1796 2208 107 81 sed
1842 2208 153 81 spititus

1146 2249 161 88 sanctus
1264 2249 103 88 non
1322 2249 132 88 minus
1410 2249 103 88 est
1469 2249 132 88 patri
1557 2249 308 88 consubstantialis,
1821 2249 117 88 quam
1894 2249 161 88 filius,

1141 2290 111 85 nec
1204 2290 126 85 sibi
1283 2290 142 85 minus
1378 2290 158 85 diuina
1489 2290 158 85 natura
1599 2290 269 85 communicatur,
1821 2290 126 85 ergo
1900 2290 142 85 etiam
1979 2290 47 85 i

1150 2326 193 62 procedit
1295 2326 113 62 per
1359 2326 145 62 modum
1439 2326 145 62 naturae

1185 2372 73 77 4
1215 2372 204 77 Praeterea,
1375 2372 175 77 spiritus
1506 2372 160 77 sanctus
1623 2372 175 77 procedit
1754 2372 102 77 per
1812 2372 131 77 modum
1885 2372 102 77 alium

1156 2408 126 79 quam
1235 2408 204 79 creatura:
1392 2408 110 79 sed
1454 2408 188 79 creatura
1596 2408 188 79 procedit
1737 2408 110 79 per
1800 2408 141 79 modum
1878 2408 110 79 volun

1152 2451 144 63 tatis,
1252 2451 129 63 iuxta
1338 2451 129 63 illud
1424 2451 158 63 Hylarii
1539 2451 86 63 in
1582 2451 86 63 li
1625 2451 86 63 de
1668 2451 129 63 svno.
1754 2451 158 63 Omnibus
1869 2451 72 63 c
1884 2451 100 63 eatu-

1138 2488 95 74 ris
1193 2488 205 74 substantiam
1357 2488 164 74 voluntas
1479 2488 95 74 Dei
1534 2488 164 74 attulit,
1657 2488 123 74 filio
1738 2488 109 74 vero
1807 2488 136 74 natura
1889 2488 95 74 dedit

1173 2522 89 82 Et
1218 2522 237 82 confirmatur:
1410 2522 118 82 quia
1484 2522 192 82 productio
1632 2522 178 82 spiritus
1765 2522 148 82 sancti
1854 2522 133 82 maiotem

1139 2570 256 64 conuenientiam
1350 2570 135 64 habet
1440 2570 105 64 cum
1500 2570 226 64 productione
1681 2570 151 64 filij,
1786 2570 120 64 quam
1862 2570 105 64 cum
1907 2570 75 64 pro

1134 2600 181 80 ductione
1270 2600 212 80 creaturae:
1436 2600 121 80 quia
1512 2600 242 80 productiones
1708 2600 196 80 differunt
1844 2600 136 80 secundi

1139 2639 248 75 differentiam
1340 2639 217 75 terminorum
1510 2639 248 75 productorum:
1711 2639 139 75 maior
1804 2639 139 75 autem
1881 2639 93 75 dif-

1144 2677 145 86 erentia
1249 2677 92 86 est
1302 2677 119 86 inter
1381 2677 145 86 spiritu
1486 2677 145 86 sanctu,
1592 2677 66 86 &
1618 2677 184 86 creaturam,
1763 2677 105 86 quam
1829 2677 119 86 inter
1895 2677 79 86 spir

1131 2725 97 63 tum
1187 2725 152 63 sanctu,
1297 2725 69 63 &
1325 2725 139 63 filiu:
1422 2725 97 63 sed
1477 2725 180 63 productio
1616 2725 125 63 filij
1699 2725 97 63 est
1754 2725 97 63 per
1810 2725 125 63 modum
1879 2725 97 63 natu-

1131 2764 105 77 re,
1191 2764 75 77 &
1221 2764 194 77 productio
1370 2764 194 77 creaturae
1520 2764 105 77 per
1579 2764 135 77 modum
1669 2764 224 77 voluntatis,
1848 2764 120 77 ergo
1908 2764 60 77 &c

1188 2806 208 62 Praeterea,
1352 2806 223 62 intellectus
1530 2806 74 62 &
1560 2806 179 62 voluntas
1694 2806 89 62 se
1739 2806 134 62 habet
1828 2806 89 62 ad
1858 2806 119 62 opposi

1139 2843 97 69 ta,
1195 2843 97 69 cum
1250 2843 111 69 sint
1320 2843 181 69 potentiae
1459 2843 209 69 relationes,
1626 2843 97 69 sed
1682 2843 223 69 productiones
1849 2843 125 69 diuinae

1132 2870 128 61 sunt
1212 2870 257 61 determinatae
1421 2870 96 61 ad
1453 2870 96 61 vnum

1166 2920 75 70 e
1196 2920 209 70 Praeterea,
1360 2920 89 70 si
1405 2920 149 70 aliqua
1509 2920 224 70 determinata
1688 2920 194 70 perfectio
1837 2920 119 70 puta
1896 2920 75 70 in-

1129 2956 199 75 tellectus,
1285 2956 99 75 vel
1342 2956 170 75 voluntas
1469 2956 128 75 esset
1555 2956 128 75 ratio
1640 2956 199 75 producendi
1796 2956 156 75 aliquam
1895 2956 71 75 di-

1124 2997 120 69 uinam
1204 2997 174 69 personam,
1338 2997 107 69 tunc
1405 2997 120 69 nulla
1485 2997 174 69 perfectio
1619 2997 120 69 esset
1699 2997 80 69 in
1739 2997 107 69 illa
1806 2997 134 69 psona,
1887 2997 80 69 nisi

1126 3029 128 79 illa,
1211 3029 157 79 secudum
1325 3029 114 79 quam
1396 3029 185 79 pducitur:
1539 3029 114 79 quia
1610 3029 114 79 ipsa
1681 3029 157 79 pfectio
1781 3029 185 79 determinata

1132 3070 97 79 non
1188 3070 138 79 posset
1284 3070 111 79 esse
1354 3070 125 79 ratio
1437 3070 222 79 conmunicandi
1617 3070 125 79 alias
1700 3070 235 79 perfectiones:
1880 3070 83 79 quis

1120 3120 100 64 eas
1177 3120 100 64 nec
1234 3120 214 64 formaliter,
1405 3120 100 64 nec
1462 3120 214 64 virtualiter
1634 3120 214 64 contineret.
1805 3120 128 64 Etiam
1876 3120 86 64 qui
