2308 3538
438 263 220 53 productum
607 263 119 53 non
675 263 169 53 potest
794 263 203 53 excedere
946 263 136 53 suum
1031 263 237 53 principium
1200 263 102 53 pro-

438 304 192 60 ductiuum:
586 304 104 60 sed
645 304 207 60 consequens
808 304 104 60 est
867 304 163 60 falsum,
985 304 118 60 quia
1059 304 133 60 nulla
1133 304 163 60 perfectio

438 340 142 57 potest
537 340 170 57 deficere
665 340 142 57 alicui
764 340 156 57 diuinae
863 340 156 57 personae.

485 371 76 64 y
515 371 213 64 Praeterea,
682 371 228 64 principium,
865 371 106 64 quo
925 371 213 64 producitur
1093 371 167 64 aliquid
1199 371 91 64 natu

442 427 125 43 rale,
525 427 97 43 est
581 427 111 43 ipsa
650 427 153 43 natura:
761 427 97 43 sed
817 427 167 43 spiritus
942 427 153 43 sanctus
1053 427 97 43 est
1109 427 180 43 productum
1233 427 56 43 nm

441 460 168 52 turale,
563 460 107 52 cum
624 460 107 52 sit
685 460 213 52 producenti
852 460 244 52 connaturale,
1050 460 122 52 ergo
1111 460 61 52 &c

474 486 72 65 S
502 486 203 65 Praeterea,
662 486 130 65 actus
749 486 203 65 voluntatis
908 486 101 65 non
966 486 145 65 potest
1067 486 116 65 esse
1140 486 116 65 nisi
1198 486 101 65 respe

437 541 105 44 ctu
497 541 239 44 praecogniti,
691 541 90 44 si
736 541 120 44 ergo
811 541 180 44 spiritus
946 541 165 44 sanctus
1066 541 210 44 producitur
1215 541 75 44 per

444 573 138 47 modum
536 573 230 47 voluntatis,
720 573 123 47 ipse
796 573 138 47 prius
888 573 123 47 erit
965 573 199 47 cognitus,
1118 573 123 47 quam
1180 573 107 47 prodi

444 618 123 46 ctus,
527 618 96 46 sed
581 618 110 46 illa
650 618 165 46 cognitio
774 618 96 46 non
828 618 137 46 posset
925 618 110 46 esse
993 618 220 46 abstractiua:
1172 618 110 46 quia
1240 618 82 46 o¬

444 652 122 52 mnis
520 652 198 52 cognitio,
673 652 122 52 quam
749 652 137 52 habet
840 652 168 52 persona
963 652 153 52 diuina
1069 652 183 52 respectu
1191 652 92 52 diui

437 687 154 63 norum,
544 687 108 63 est
606 687 216 63 intuitiua.
776 687 108 63 Cum
837 687 123 63 ergo
914 687 200 63 intuitiua
1068 687 216 63 terminetur
1222 687 62 63 ac

441 739 111 49 rem,
510 739 83 49 vt
552 739 111 49 actu
621 739 152 49 existit
732 739 83 49 in
774 739 152 49 propria
884 739 152 49 natura,
995 739 111 49 ergo
1064 739 166 49 spiritus
1175 739 111 49 sanctu

443 767 135 60 ante,
533 767 120 60 quam
608 767 105 60 per
669 767 211 60 voluntatem
834 767 256 60 produceretur,
1044 767 211 60 existeret,
1195 767 90 60 quod

441 810 105 54 est
501 810 239 54 impossibile,
695 810 120 54 ergo
755 810 60 54 &c

474 841 83 69 S
508 841 232 69 Praeterea,
690 841 133 69 quae
773 841 216 69 procedunt
939 841 116 69 per
1005 841 149 69 modum
1088 841 199 69 voluntatis

441 890 108 52 sunt
509 890 217 52 artificiata,
686 890 95 52 sed
726 890 68 52 &c.

472 914 110 73 Sed
535 914 126 73 ista
614 914 158 73 opinio
724 914 79 73 a
756 914 158 73 dictis
866 914 205 73 sanctorum
1024 914 189 73 doctorum
1150 914 142 73 videtur

441 968 179 63 expresse
561 968 149 63 deuiare.

473 994 82 62 1
505 994 164 62 Deatus
621 994 132 62 enim
703 994 132 62 Aug.
785 994 181 62 saepius
917 994 197 62 spiritum
1065 994 181 62 sanctum
1180 994 115 62 nomi-

442 1034 98 60 nat
498 1034 155 60 amorem,
611 1034 113 60 siue
681 1034 197 60 caritatem,
836 1034 127 60 iuxta
920 1034 127 60 illud
1005 1034 84 60 e.
1047 1034 84 60 de
1089 1034 113 60 tri.
1145 1034 141 60 spiritus

434 1091 169 47 sanctus
557 1091 108 47 est
618 1091 169 47 aliquid
741 1091 169 47 commune
864 1091 169 47 patris,
987 1091 77 47 &
1018 1091 154 47 filij,
1125 1091 123 47 quae
1187 1091 92 47 com-

440 1126 137 52 munio
531 1126 321 52 consubstantialis,
806 1126 76 52 &
837 1126 214 52 coaeterna,
1005 1126 92 52 si
1051 1126 183 52 amicitia
1173 1126 122 52 conue-

425 1157 163 65 nienter
544 1157 118 65 dici
618 1157 163 65 potest)
736 1157 178 65 dicatur:
869 1157 104 65 sed
928 1157 148 65 aptius
1032 1157 163 65 dicitur
1150 1157 178 65 caritas,

412 1198 230 59 ergo
527 1198 144 59 &c.

412 1232 123 61 ltem
488 1232 107 61 15.
550 1232 92 61 de
596 1232 123 61 tri.
672 1232 123 61 ait.
749 1232 107 61 Non
810 1232 169 61 frustra
933 1232 92 61 in
979 1232 123 61 illa
1056 1232 199 61 trinitate
1194 1232 92 61 solu

417 1279 182 48 spiritus
553 1279 167 48 sanctus
675 1279 167 48 caritas
781 1279 197 48 nuncupatur.

478 1297 134 83 Item,
567 1297 119 83 idem
642 1297 104 83 Aug
701 1297 89 83 in
745 1297 89 83 de
790 1297 208 83 cognitione
953 1297 134 83 verae
1043 1297 134 83 vitae
1132 1297 119 83 ait.
1191 1297 104 83 Nihil

420 1354 134 56 aliud
510 1354 179 56 spiritus
644 1354 179 56 sanctus,
778 1354 119 56 quam
853 1354 119 56 amor
927 1354 119 56 Dei,
987 1354 209 56 intelligitur

473 1398 90 50 Et
518 1398 135 50 Hiero
608 1398 135 50 super
697 1398 105 50 Ps.
757 1398 105 50 15.
817 1398 120 50 ait.
892 1398 179 50 Spiritus
1026 1398 164 50 sanctus
1146 1398 105 50 nec
1190 1398 105 50 pater

450 1439 99 57 nec
506 1439 155 57 filius,
619 1439 99 57 sed
676 1439 183 57 dilectio,
817 1439 113 57 quam
887 1439 127 57 habet
972 1439 127 57 pater
1056 1439 85 57 in
1099 1439 155 57 filium,
1211 1439 71 57 &
1225 1439 71 57 fi-

435 1479 123 53 lius
511 1479 92 53 in
542 1479 138 53 patrem.

473 1490 127 70 ldem
552 1490 158 70 posset
663 1490 158 70 deduci
774 1490 95 70 ex
821 1490 158 70 dictis
932 1490 222 70 ceterorum,
1106 1490 174 70 dimitto
1217 1490 79 70 ta-

431 1563 113 51 men
496 1563 146 51 causa
593 1563 243 51 breuitatis.
787 1563 113 51 Sed
852 1563 194 51 constat,
998 1563 130 51 quod
1079 1563 130 51 amor
1159 1563 113 51 per
1208 1563 81 51 mo-

432 1588 110 57 dum
495 1588 221 57 voluntatis
669 1588 205 57 procedit,
826 1588 126 57 ergo
889 1588 79 57 &c.

476 1606 73 79 2
506 1606 190 79 Praeterea
652 1606 117 79 isti
725 1606 88 79 in
769 1606 234 79 declaratione
959 1606 176 79 secundae
1091 1606 190 79 positonis
1223 1606 73 79 as-

433 1667 146 55 sumunt
536 1667 146 55 aliqua
638 1667 132 55 minus
726 1667 132 55 vera:
814 1667 117 55 quia
887 1667 146 55 illud,
990 1667 88 55 in
1034 1667 132 55 cuius
1122 1667 161 55 ratione
1224 1667 59 55 fo

440 1712 113 48 mali
511 1712 198 48 includitur
666 1712 170 48 notitia,
794 1712 113 48 quae
864 1712 99 48 est
921 1712 212 48 expressiua,
1091 1712 71 48 &
1105 1712 184 48 declaratiua

438 1761 164 40 notitiae
561 1761 191 40 simplicis,
712 1761 96 40 non
766 1761 96 40 est
821 1761 178 40 possibile
958 1761 164 40 produci,
1081 1761 109 40 nisi
1136 1761 150 40 principio

435 1786 243 51 intellectiuo,
635 1786 72 51 &
664 1786 114 51 actu
735 1786 257 51 intellectuali:
950 1786 100 51 sed
1007 1786 157 51 verbum,
1121 1786 114 51 quod
1193 1786 100 51 est
1236 1786 57 51 fi

432 1824 109 50 lius
500 1824 95 50 Dei
555 1824 149 50 patris,
663 1824 95 50 est
717 1824 190 50 huiusmodi,
867 1824 81 50 vt
907 1824 122 50 patet
989 1824 109 50 per.
1056 1824 122 50 Rich.
1138 1824 81 50 2.
1178 1824 81 50 de
1206 1824 81 50 tri-

429 1871 104 48 vbi
489 1871 104 48 sic
548 1871 119 48 ait.
623 1871 134 48 Recte
712 1871 149 48 verbum
816 1871 104 48 Dei
875 1871 149 48 patris
980 1871 179 48 dicitur,
1113 1871 104 48 per
1173 1871 119 48 quem
1232 1871 60 48 pa

442 1917 123 40 tris,
524 1917 96 40 qui
579 1917 109 40 fons
647 1917 191 40 sapientiae
797 1917 109 40 est,
866 1917 150 40 notitia
975 1917 232 40 manifestatur.
1166 1917 82 40 Et
1193 1917 96 40 infra

438 1942 129 52 eodem
524 1942 101 52 ca.
581 1942 101 52 Dei
639 1942 144 52 filius
740 1942 144 52 verbum
840 1942 144 52 patris
941 1942 173 52 dicitur:
1070 1942 115 52 quia
1142 1942 72 52 a
1171 1942 115 52 solo
1228 1942 58 52 pa

432 1983 101 52 tre
489 1983 159 52 oritur,
605 1983 101 52 per
663 1983 116 52 quem
736 1983 159 52 paterna
852 1983 174 52 claritas
982 1983 246 52 manifestatur,
1185 1983 87 52 in
1214 1983 72 52 pa-

425 2022 106 60 tre
485 2022 136 60 omnis
576 2022 196 60 veritatis
726 2022 211 60 conceptio,
892 2022 90 60 in
937 2022 151 60 iverbo
1043 2022 136 60 omnis
1118 2022 166 60 vcritatis

428 2067 156 62 prolatio.

478 2089 71 67 3
506 2089 199 67 Praeterea,
662 2089 113 67 quod
733 2089 99 67 est
790 2089 113 67 ipse
861 2089 128 67 actus
946 2089 241 67 intelligendi,
1144 2089 99 67 vel
1187 2089 99 67 termi

438 2141 103 49 nus
497 2141 221 49 constitutus
674 2141 103 49 per
733 2141 133 49 actum
821 2141 251 49 intelligendi,
1028 2141 206 49 necessario
1190 2141 133 49 requi

436 2176 118 51 rit
504 2176 270 51 intellectum,
723 2176 186 51 tamquam
858 2176 135 51 suum
942 2176 203 51 proprium
1077 2176 203 51 principiun

442 2215 249 50 productiuum,
645 2215 156 50 verbum
754 2215 109 50 est
816 2215 218 50 huiusmodi,
987 2215 125 50 ergo
1050 2215 233 50 circumscripto

433 2262 196 44 intellectu
587 2262 98 44 non
643 2262 140 44 posset
741 2262 112 44 esse
811 2262 126 44 verbi
894 2262 196 44 generatio,
1048 2262 126 44 sicut
1132 2262 112 44 isti
1188 2262 98 44 assum

449 2296 175 62 serunt,
577 2296 96 62 Et
624 2296 143 62 eodem
720 2296 128 62 modo
800 2296 159 62 potest
911 2296 143 62 argui
1007 2296 96 62 de
1055 2296 159 62 amore,
1166 2296 112 62 qui
1214 2296 64 62 es

436 2336 169 61 spiritus
563 2336 155 61 sanctus
676 2336 169 61 respectu
789 2336 183 61 voluntatis.

478 2365 103 62 Ad
529 2365 171 62 primum
649 2365 137 62 ergo
735 2365 154 62 eorum
838 2365 240 62 argumentum
1026 2365 154 62 dico,
1129 2365 137 62 quod
1197 2365 86 62 in-

439 2415 197 52 telligere,
594 2415 70 52 &
622 2415 127 52 velle
706 2415 155 52 possunt
819 2415 113 52 dici
889 2415 225 52 productiones
1072 2415 141 52 verbi,
1170 2415 70 52 &
1185 2415 98 52 spiri

434 2462 108 44 tus
495 2462 170 44 sancti.
619 2462 93 44 Ad
665 2462 155 44 primam
774 2462 232 44 probationem
959 2462 139 44 dico,
1052 2462 124 44 quod
1114 2462 170 44 intellige

431 2501 103 41 re,
490 2501 74 41 &
520 2501 133 41 velle
608 2501 162 41 diuinum
726 2501 162 41 possunt
844 2501 118 41 sumi
918 2501 103 41 vel
977 2501 265 41 essentialiter,
1198 2501 74 41 &
1212 2501 74 41 pro

426 2535 88 53 ut
470 2535 175 53 sumuntur
601 2535 248 53 essentialiter
806 2535 117 53 sunt
879 2535 131 53 actus
966 2535 233 53 essentiales,
1156 2535 131 53 prout
1229 2535 58 53 au

434 2567 109 50 tem
497 2567 188 50 sumuntur
638 2567 266 50 notionaliter,
856 2567 125 50 sunt
934 2567 141 50 actus
1013 2567 188 50 notionales

473 2608 95 54 Ad
521 2608 190 54 secundum
663 2608 205 54 dicendum,
821 2608 126 54 quod
900 2608 126 54 soli
979 2608 142 54 patri
1074 2608 190 54 conuenit
1200 2608 79 54 in-

429 2643 199 54 telligere
582 2643 214 54 notionale,
750 2643 107 54 quo
811 2643 230 54 intelligere
995 2643 153 54 verbum
1087 2643 199 54 producitur;

426 2690 75 49 &
456 2690 120 49 soli
531 2690 149 49 patri,
635 2690 75 49 &
665 2690 135 49 filio
755 2690 179 49 conuenit
889 2690 135 49 velle
979 2690 209 49 notionale,
1143 2690 105 49 quo
1188 2690 90 49 amor

437 2718 236 65 personaliter
629 2718 206 65 subsistens
776 2718 192 65 producitur.

471 2748 93 69 Ad
517 2748 170 69 tertium
641 2748 201 69 dicendum,
795 2748 124 69 quod
872 2748 232 69 intellipere
1058 2748 216 69 notionale,
1212 2748 62 69 qo

436 2806 140 47 velle
530 2806 217 47 notionale,
700 2806 202 47 differunt
855 2806 186 47 realiter
995 2806 140 47 eodem
1088 2806 124 47 modo
1165 2806 109 47 quo
1212 2806 62 47 ij

432 2844 105 51 sae
492 2844 226 51 emanationes
673 2844 211 51 differunt.
838 2844 135 51 Etiam
928 2844 150 51 falsum
1033 2844 180 51 assumunt
1169 2844 90 51 in
1199 2844 75 51 pro

433 2882 162 60 batione
551 2882 177 60 alterius
684 2882 162 60 partis,
802 2882 103 60 cum
861 2882 162 60 dicunt,
979 2882 118 60 quod
1053 2882 177 60 conditio
1171 2882 118 60 actuum

437 2924 232 47 intelligendi,
628 2924 68 47 &
656 2924 150 47 volendi
765 2924 95 47 est
819 2924 164 47 opposita
942 2924 232 47 faecunditati:
1133 2924 109 47 quia
1188 2924 95 47 etiam

424 2957 198 56 secundum
573 2957 248 56 philosophum
772 2957 99 56 ex
821 2957 264 56 frequentatis
1036 2957 182 56 actibus
1152 2957 132 56 genera

425 2998 112 58 tur
489 2998 192 58 habitus,
633 2998 160 58 quauis
744 2998 128 58 enim
824 2998 112 58 per
888 2998 144 58 actus
984 2998 239 58 immanentes,
1159 2998 112 58 maxim

434 3031 84 61 vt
476 3031 211 61 speculatiui
645 3031 127 61 sunt,
729 3031 98 61 non
786 3031 225 61 constituatur
969 3031 155 61 aliquid
1081 3031 84 61 ad
1123 3031 141 61 extra,
1208 3031 70 61 ta-

420 3090 108 51 men
481 3090 93 51 ad
528 3090 139 51 intra
621 3090 155 51 potest
729 3090 170 51 aliquid
853 3090 217 51 constitui,
1023 3090 139 51 sicut
1116 3090 108 51 iam
1162 3090 124 51 patuit

1324 244 104 67 de
1358 244 139 67 habitu

1372 284 111 67 Est
1436 284 143 67 tamen
1531 284 111 67 hic
1595 284 254 67 aduertendum,
1801 284 127 67 quod
1881 284 238 67 intelligere
2056 284 111 67 notio

1328 350 125 39 nale
1406 350 203 39 aliqualem
1562 350 265 39 similitudinem
1781 350 140 39 habet
1874 350 109 39 cum
1937 350 125 39 actu
1999 350 156 39 transeun

1330 379 111 55 te,
1394 379 79 55 &
1425 379 111 55 cum
1489 379 127 55 actu
1568 379 222 55 immanente.
1743 379 111 55 Nam
1806 379 95 55 in
1854 379 111 55 eo,
1917 379 127 55 quod
1981 379 174 55 terminatu

1319 421 95 43 ad
1367 421 190 43 terminum
1509 421 285 43 suppositaliter
1747 421 222 43 existentem
1921 421 142 43 extra
2000 421 158 43 personan

1324 463 258 50 producentem,
1533 463 97 50 in
1582 463 113 50 hoc
1646 463 177 50 aliquam
1775 463 274 50 similitudinem
2001 463 145 50 habet
2081 463 81 50 cum

1326 499 111 51 actu
1396 499 209 51 transeunte:
1563 499 97 51 sed
1618 499 83 51 in
1660 499 97 51 eo,
1716 499 111 51 quod
1785 499 125 51 talis
1869 499 167 51 terminus
1994 499 97 51 est
2036 499 125 51 eiusdem

1322 538 173 47 naturae
1448 538 110 47 cum
1511 538 236 47 producente,
1700 538 157 47 aliquo
1810 538 126 47 modo
1889 538 189 47 conuenit
2030 538 110 47 cum
2078 538 94 47 actu

1321 573 228 45 simmanente:
1503 573 121 45 quia
1579 573 182 45 quicquid
1716 573 106 45 per
1776 573 137 45 actum
1867 573 228 45 intellectus
2035 573 121 45 consti

1330 614 156 47 tuitur,
1443 614 85 47 vt
1486 614 99 47 est
1543 614 156 47 manens,
1657 614 128 47 totum
1742 614 128 47 manet
1827 614 85 47 in
1870 614 213 47 intellectu,
2040 614 71 47 &
2069 614 99 47 est
2111 614 57 47 in

1325 651 216 48 tellectualis
1500 651 162 48 naturae,
1622 651 108 48 siue
1689 651 95 48 sit
1743 651 149 48 verbum,
1851 651 108 48 siue
1919 651 162 48 habitus,
2040 651 108 48 siue
2094 651 81 48 quic

1326 693 120 49 quid
1401 693 136 49 aliud
1492 693 120 49 sit,
1567 693 75 49 &
1597 693 136 49 eodem
1687 693 120 49 modo
1763 693 105 49 est
1823 693 90 49 de
1868 693 136 49 uelle
1943 693 181 49 notionali.

1368 728 99 55 Ad
1417 728 165 55 primum
1532 728 198 55 secundae
1680 728 132 55 suae
1763 728 214 55 positonis
1927 728 214 55 dicendum,
2075 728 99 55 quod

1322 770 177 41 quamuis
1451 770 209 41 creaturis
1612 770 113 41 non
1676 770 209 41 conueniat
1837 770 209 41 producere
1998 770 113 41 per
2046 770 145 41 intelle

1319 808 143 45 ctum,
1414 808 79 45 &
1446 808 222 45 voluntatem
1621 808 159 45 talia,
1732 808 127 45 quae
1811 808 111 45 non
1875 808 159 45 habent
1986 808 175 45 ordinem
2097 808 95 45 peri

1319 850 95 49 se
1367 850 95 49 ad
1414 850 254 49 intellectum,
1621 850 79 49 &
1653 850 238 49 voluntatem:
1843 850 143 49 tamen
1939 850 238 49 impossibile
2114 850 79 49 est

1326 887 177 48 aliquam
1455 887 210 48 creaturam
1616 887 194 48 generare
1762 887 161 48 verbum
1874 887 274 48 intellectuale
2084 887 97 48 sine

1326 927 240 48 intellectu,
1518 927 112 48 vel
1582 927 208 48 producere
1742 927 160 48 amorem
1855 927 288 48 perfectissimum
2079 927 80 48 sin

1339 966 194 46 voluntate:
1491 966 97 46 sic
1547 966 83 46 in
1588 966 194 46 proposito:
1741 966 111 46 quia
1810 966 138 46 filius
1907 966 97 46 Dei
1962 966 97 46 est
2018 966 138 46 verbum
2101 966 69 46 in-

1320 1002 223 41 tellectuale,
1501 1002 70 41 &
1529 1002 167 41 spiritus
1655 1002 153 41 sanctus
1766 1002 167 41 caritas,
1892 1002 98 41 vel
1948 1002 112 41 amor
2018 1002 112 41 siue
2073 1002 98 41 dile-

1325 1042 147 46 ctio,
1423 1042 131 46 ideo
1504 1042 147 46 eorum
1602 1042 261 46 productiones
1814 1042 163 46 debent
1928 1042 131 46 esse
2010 1042 114 46 per
2059 1042 114 46 modum

1332 1080 228 44 intellectus,
1517 1080 71 44 &
1545 1080 214 44 voluntatis.
1716 1080 114 44 Vnde
1787 1080 85 44 si
1830 1080 128 44 calor
1916 1080 128 44 ignis
2001 1080 157 44 haberet
2101 1080 71 44 in-

1325 1123 213 39 tellectum,
1492 1123 76 39 &
1522 1123 228 39 voluntatem,
1704 1123 91 39 vt
1750 1123 91 39 tu
1795 1123 152 39 ponis,
1902 1123 167 39 quamuis
2008 1123 167 39 caleface-

1333 1162 104 46 ret
1393 1162 134 46 tunc,
1482 1162 134 46 sicut
1572 1162 134 46 nunc,
1661 1162 134 46 tamen
1751 1162 89 46 si
1795 1162 164 46 verbum,
1915 1162 104 46 vel
1974 1162 149 46 amorem
2064 1162 119 46 produm

1331 1201 144 42 ceret,
1432 1201 130 42 certe
1518 1201 101 42 non
1576 1201 202 42 produceret
1735 1201 130 42 sicut
1821 1201 130 42 nunc:
1908 1201 101 42 sed
1966 1201 202 42 necessario
2110 1201 58 42 in

1326 1239 157 48 talium
1436 1239 235 48 productione
1624 1239 251 48 intellectus,
1827 1239 78 48 &
1859 1239 188 48 voluntas
2000 1239 157 48 essent
2094 1239 78 48 sib

1334 1275 220 44 principium,
1511 1275 73 44 &
1540 1275 132 44 ratio
1628 1275 220 44 producendi,
1804 1275 103 44 sic
1848 1275 59 44 &c

1351 1312 95 57 Ad
1399 1312 191 57 secundum
1542 1312 206 57 dicendum,
1701 1312 127 57 quod
1780 1312 143 57 etiam
1875 1312 95 57 in
1923 1312 127 57 his,
2002 1312 111 57 vbi
2050 1312 127 57 intel-

1327 1357 172 60 lectus,
1453 1357 78 60 &
1484 1357 188 60 voluntas
1625 1357 204 60 differunt
1782 1357 78 60 a
1813 1357 172 60 natura,
1939 1357 172 60 verbum,
2064 1357 78 60 &
2080 1357 94 60 amo-

1327 1399 204 47 procedunt
1484 1399 94 47 ab
1531 1399 220 47 intellectu
1704 1399 78 47 &
1720 1399 188 47 voluntate.

1362 1434 95 52 Ad
1410 1434 175 52 tertium
1537 1434 207 52 dicendum,
1696 1434 127 52 quod
1776 1434 175 52 quamuis
1903 1434 111 52 tam
1966 1434 175 52 filius,
2094 1434 127 52 quam

1323 1465 171 50 spiritus
1451 1465 157 50 sanctus
1565 1465 186 50 procedant
1708 1465 71 50 a
1737 1465 157 50 natura:
1851 1465 114 50 quia
1922 1465 228 50 intellectus,
2108 1465 71 50 &
2122 1465 57 50 vt

1319 1512 155 44 luntas
1428 1512 109 44 per
1490 1512 155 44 modum,
1599 1512 109 44 quo
1661 1512 218 44 procedunt,
1832 1512 124 44 sunt
1910 1512 186 44 identice
2050 1512 124 44 ipsa
2112 1512 62 44 di

1320 1554 121 53 uina
1395 1554 166 53 natura,
1516 1554 151 53 filius
1622 1554 136 53 tamen
1713 1554 136 53 magis
1803 1554 166 53 dicitur
1924 1554 196 53 procedere
2075 1554 106 53 per
2121 1554 60 53 mo

1320 1592 104 45 dum
1380 1592 163 45 nature,
1498 1592 119 45 quam
1573 1592 178 45 spiritus
1706 1592 178 45 sanctus.
1840 1592 149 45 Primo:
1944 1592 119 45 quia
2019 1592 149 45 filius
2108 1592 74 45 ge-

1319 1630 180 50 neratur,
1454 1630 195 50 generatio
1604 1630 135 50 autem
1694 1630 105 50 est
1754 1630 120 50 opus
1829 1630 180 50 naturae,
1964 1630 90 50 vt
2009 1630 105 50 ait
2069 1630 120 50 Dam.
2129 1630 60 50 Se

1328 1670 161 40 cundo:
1440 1670 128 40 quia
1521 1670 161 40 natura
1633 1670 112 40 est
1697 1670 241 40 determinata
1890 1670 96 40 ad
1938 1670 145 40 vnum,
2034 1670 80 40 &
2067 1670 128 40 ideo
2131 1670 64 40 in

1320 1708 240 56 generatione
1512 1708 160 56 filij,
1624 1708 112 56 qui
1688 1708 192 56 procedit
1832 1708 96 56 ab
1880 1708 112 56 vna
1944 1708 176 56 persona
2056 1708 128 56 tantum

1322 1751 150 58 magis
1423 1751 234 58 obseruatur
1606 1751 150 58 modus
1707 1751 200 58 naturae,
1857 1751 134 58 quam
1940 1751 100 58 in
1974 1751 217 58 productione

1314 1787 172 57 spiritus
1443 1787 158 57 sancti,
1557 1787 100 57 qui
1615 1787 172 57 procedit
1744 1787 72 57 a
1758 1787 129 57 duabus.

1351 1819 91 55 Ad
1396 1819 168 55 quartum
1518 1819 198 55 dicendum,
1671 1819 122 55 quod
1747 1819 152 55 aliter
1854 1819 183 55 procedit
1991 1819 183 55 creatura
2113 1819 76 55 por

1323 1863 137 50 modum
1414 1863 229 50 voluntatis,
1597 1863 76 50 &
1628 1863 153 50 aliter
1735 1863 183 50 spiritus
1872 1863 183 50 sanctus:
2009 1863 122 50 quia
2070 1863 122 50 volun-

1319 1906 109 43 tas
1382 1906 156 43 diuina
1491 1906 109 43 est
1553 1906 218 43 principium
1725 1906 203 43 creaturae
1880 1906 187 43 secundum
2021 1906 125 43 quod
2083 1906 109 43 habet

1315 1945 215 46 libertatem
1484 1945 276 46 contingentiae,
1714 1945 77 46 &
1745 1945 307 46 contradictionis,
2006 1945 92 46 vt
2052 1945 108 46 est
2098 1945 92 46 domi

1316 1987 93 45 na
1362 1987 108 45 sui
1424 1987 155 45 actus,
1532 1987 108 45 ita
1594 1987 124 45 quod
1672 1987 155 45 potest
1780 1987 217 45 producere,
1950 1987 77 45 &
1981 1987 108 45 non
2028 1987 170 45 producere

1317 2024 137 39 iuxta
1408 2024 243 39 beneplacitum
1605 2024 228 39 voluntatis:
1787 2024 106 39 sed
1848 2024 91 39 vt
1893 2024 106 39 est
1954 2024 212 39 principium
2106 2024 91 39 spi-

1313 2062 133 61 ritus
1402 2062 162 61 sancti,
1520 2062 103 61 est
1579 2062 147 61 libera
1682 2062 192 61 libertate
1829 2062 265 61 complacentiae,
2050 2062 118 61 quae
2109 2062 74 61 con

1316 2102 152 46 cernit
1422 2102 244 46 necessitatem
1605 2102 274 46 immutabilitatis.

1346 2139 107 45 Ad
1400 2139 320 45 confirmationem
1666 2139 160 45 dico,
1773 2139 142 45 quod
1861 2139 195 45 maiorem
1986 2139 213 45 conuenien-

1322 2180 127 53 tiam
1401 2180 142 53 habet
1496 2180 206 53 productio
1654 2180 190 53 spiritus
1797 2180 158 53 sancti
1907 2180 111 53 cum
1971 2180 237 53 productione
2145 2180 47 53 f

1317 2219 119 59 lij,
1391 2219 119 59 quam
1466 2219 104 59 cum
1525 2219 223 59 productione
1703 2219 208 59 creaturae:
1867 2219 119 59 quia
1941 2219 193 59 productio
2089 2219 148 59 filij,

1321 2258 75 45 &
1351 2258 196 45 productio
1502 2258 181 45 spiritus
1637 2258 151 45 sancti
1743 2258 121 45 sunt
1818 2258 136 45 ambae
1909 2258 241 45 necessariae,
2105 2258 75 45 &
2120 2258 75 45 im-

1316 2300 229 42 mutabiles;
1496 2300 131 42 quia
1577 2300 180 42 quamuis
1708 2300 196 42 spiritus
1855 2300 180 42 sanctus
1986 2300 196 42 procedat
2117 2300 82 42 por

1317 2339 138 45 modum
1409 2339 230 45 voluntatis,
1592 2339 138 45 tamen
1684 2339 92 45 ea
1730 2339 245 45 necessitate,
1929 2339 77 45 &
1944 2339 245 45 immutabilitati

1321 2374 187 69 procedit,
1464 2374 101 69 qua
1522 2374 129 69 pater
1608 2374 158 69 diligit
1723 2374 158 69 filium,
1838 2374 72 69 &
1867 2374 144 69 filius
1967 2374 158 69 diligit
2082 2374 144 69 patrem

1316 2411 187 58 creatura
1456 2411 124 58 vero
1534 2411 249 58 contingenter
1721 2411 171 58 procedit.

1353 2442 101 61 Ad
1404 2442 186 61 quintum
1539 2442 152 61 patet
1640 2442 118 61 per
1708 2442 118 61 iam
1775 2442 152 61 dicta
1876 2442 118 61 vel
1944 2442 219 61 dicendum,
2096 2442 101 61 quod

1316 2494 167 49 quamuis
1437 2494 197 49 potentiae
1589 2494 212 49 rationales
1755 2494 121 49 sint
1831 2494 182 49 opposita
1968 2494 182 49 respectu
2089 2494 121 49 eorum,

1320 2542 124 47 quae
1398 2542 124 47 sunt
1476 2542 93 47 ad
1523 2542 156 47 finem,
1632 2542 233 47 determinate
1818 2542 140 47 tamen
1911 2542 156 47 volunt
2020 2542 140 47 ipsum
2098 2542 109 47 sine,

1347 2574 100 50 Ad
1397 2574 166 50 sextum
1514 2574 216 50 dicendum,
1680 2574 133 50 quod
1764 2574 100 50 si
1813 2574 266 50 intellectus,
2030 2574 83 50 &
2047 2574 166 50 voluntas

1314 2609 150 50 essent
1419 2609 195 50 huiusmodi
1568 2609 210 50 principia,
1733 2609 90 50 vt
1778 2609 239 50 praescindunt
1973 2609 75 50 a
2002 2609 165 50 natura,
2122 2609 75 50 &
2137 2609 75 50 cum

1315 2651 238 49 conclusione
1505 2651 190 49 expressa
1648 2651 158 49 ipsius
1759 2651 190 49 naturae,
1901 2651 111 49 tuc
1965 2651 127 49 bene
2028 2651 190 49 procederet

1307 2692 254 44 argumentum.
1511 2692 136 44 Sedi
1595 2692 119 44 sic
1663 2692 119 44 non
1731 2692 204 44 dicimus,
1884 2692 136 44 immo
1952 2692 271 44 praesupponimus

1306 2723 264 57 intellectum,
1520 2723 83 57 &
1553 2723 231 57 voluntatem
1735 2723 99 57 in
1784 2723 182 57 diuinis
1916 2723 132 57 esse
1999 2723 182 57 penitus
2114 2723 99 57 idem

1310 2778 205 41 realiter,
1468 2778 126 41 quod
1546 2778 126 41 insa
1625 2778 157 41 diuina
1735 2778 173 41 natura,
1861 2778 110 41 nec
1924 2778 142 41 ipsam
2018 2778 173 41 naturam
2128 2778 79 41 ex-

1316 2811 187 53 cludimus
1457 2811 93 53 in
1503 2811 218 53 praedictis
1675 2811 296 53 productionibus,
1924 2811 125 53 immo
2002 2811 187 53 dicimus,
2127 2811 93 53 quod

1308 2838 121 54 ipsa
1384 2838 151 54 natura
1489 2838 106 54 est
1550 2838 212 54 principium
1717 2838 197 54 vtriusque
1868 2838 257 54 productionis,
2080 2838 136 54 vnius
2155 2838 61 54 ta

1310 2891 126 52 men,
1389 2891 94 52 vt
1436 2891 142 52 habet
1531 2891 142 52 modum
1625 2891 252 52 intellectus,
1829 2891 94 52 eo
1877 2891 126 52 quod
1955 2891 142 52 talis
2034 2891 173 52 productis

1309 2927 237 55 terminatur
1495 2927 101 55 ad
1546 2927 186 55 verbum,
1681 2927 85 55 &
1715 2927 220 55 alterius,
1884 2927 101 55 vt
1935 2927 152 55 habet
2036 2927 152 55 modum
2121 2927 101 55 volb

1314 2969 147 50 tatis,
1417 2969 88 50 eo
1461 2969 117 50 quoe
1535 2969 132 50 talis
1623 2969 191 50 productio
1770 2969 206 50 terminatur
1931 2969 88 50 ad
1961 2969 117 50 amorem

1345 2997 131 62 Forte
1433 2997 160 62 dicetur
1549 2997 131 62 mihi,
1636 2997 87 62 tu
1679 2997 145 62 dicis,
1781 2997 116 62 quod
1853 2997 174 62 spiritus
1984 2997 160 62 sanctus
2085 2997 131 62 produci

1314 3037 102 55 tur
1373 3037 146 55 amore,
1475 3037 102 55 quo
1534 3037 132 55 pater
1621 3037 161 55 diligit
1738 3037 161 55 filium,
1855 3037 73 55 &
1885 3037 146 55 filius
1987 3037 146 55 patre,
2089 3037 73 55 &
2104 3037 117 55 iterum

1314 3081 152 58 dicis,
1420 3081 121 58 quod
1496 3081 197 58 productio
1647 3081 182 58 spiritus
1784 3081 152 58 sancti
1890 3081 212 58 terminatur
2056 3081 91 58 ad
2087 3081 136 58 amorem,
