2263 3535
377 227 185 68 supposit
516 227 247 68 producentis,
717 227 77 68 &
747 227 201 68 producti,
902 227 139 68 quale
995 227 155 68 medium
1103 227 108 68 est
1149 227 93 68 ipse

389 284 129 49 filius
479 284 77 49 in
518 284 155 49 diuinis.

409 324 102 41 Ad
460 324 186 41 quartum
595 324 220 41 ditendum,
764 324 135 41 quod
849 324 186 41 quamuis
984 324 152 41 maior
1086 324 118 41 sit
1137 324 102 41 vera

380 362 92 49 de
426 362 107 49 eo,
487 362 122 49 quod
563 362 153 49 nectit
670 362 245 49 efficienter,
869 362 76 49 &
900 362 107 49 per
961 362 138 49 modum
1053 362 153 49 causae
1144 362 92 49 mout

374 399 130 45 tis:
455 399 113 45 non
520 399 146 45 tamen
617 399 113 45 est
682 399 130 45 vera
763 399 97 45 de
812 399 243 45 connectente
1006 399 113 45 per
1071 399 146 45 modum
1152 399 81 45 ame

380 438 118 61 ris,
454 438 103 61 quo
513 438 118 61 modo
587 438 192 61 nectuntur
734 438 162 61 spiritu
852 438 147 61 sancto
955 438 147 61 pater,
1058 438 74 61 &
1087 438 162 61 filius.

417 480 102 47 Ad
468 480 239 47 argumentum
656 480 239 47 principale
843 480 136 47 nego
928 480 307 47 consequentiam:
1167 480 68 47 Ad

385 519 248 49 probationem
584 519 149 49 dico,
683 519 132 49 quod
766 519 198 49 voluntas
915 519 116 49 non
981 519 116 49 est
1031 519 198 49 principium

376 566 190 40 spiritus
519 566 175 40 sancti,
646 566 143 40 prout
741 566 270 40 apprehenditur
963 566 222 40 quaecunque
1122 566 111 40 forma

387 598 114 42 ted
452 598 229 42 tantummodo
632 598 98 42 ad
681 598 294 42 apprehensionem
926 598 147 42 vnius
1024 598 180 42 formae,
1138 598 98 42 quae

385 635 107 44 est
446 635 168 44 bonitas
568 635 107 44 Dei
629 635 198 44 infinita:
781 635 168 44 quamuis
903 635 229 44 consecutiue
1086 635 91 44 ad
1116 635 122 44 appre-

384 674 214 51 hensionem
548 674 164 51 illius
663 674 181 51 diuinus
794 674 246 51 intellectus
992 674 246 51 apprehendit
1172 674 66 51 o-

380 717 155 56 mnem
457 717 174 56 formam.

526 791 611 59 DISTINCTIO
963 791 131 59 M

418 912 246 85 Preuissima,
614 912 98 85 &e
664 912 213 85 perspicua
828 912 180 85 diuisio
959 912 148 85 huius
1041 912 131 85 distin

472 989 185 53 ctionis,
611 989 93 53 in
657 989 108 53 qua
719 989 139 53 modus
811 989 247 53 processionis
997 989 154 53 spiritus

611 1027 157 68 fancti
721 1027 172 68 incipit
831 1027 188 68 dectarari.

684 1156 125 64 IC
747 1156 250 64 DICENDVM
934 1156 167 64 est,
1038 1156 146 64 &c.
1101 1156 125 64 Post

708 1206 122 57 quam
784 1206 182 57 magister
921 1206 198 57 tractauit
1073 1206 91 57 de
1103 1206 137 57 proces-

697 1248 143 55 honis
792 1248 143 55 modo,
888 1248 111 55 hic
951 1248 238 55 prosequitur
1142 1248 95 55 de
1173 1248 64 55 hu

705 1286 167 49 iusmodi
826 1286 242 49 processionis
1023 1286 212 49 principio,
1174 1286 61 49 Ei

708 1332 199 58 diuiditur
861 1332 92 58 in
907 1332 138 58 duas:
999 1332 123 58 quia
1076 1332 138 58 primo
1152 1332 77 58 mag

704 1356 125 67 ster
783 1356 188 67 ostendit
923 1356 172 67 quantum
1048 1356 94 67 ad
1080 1356 156 67 spiritus

698 1400 152 56 sancti
804 1400 213 56 principium
972 1400 213 56 concordiam
1124 1400 106 56 lati-

700 1442 165 65 norum,
816 1442 182 65 Secundo
948 1442 215 65 ostendit,
1113 1442 116 65 quo
1163 1442 66 65 a-

706 1479 106 65 hoc
766 1479 212 65 discordiam
933 1479 212 65 Craecorum,
1100 1479 121 65 ibi,
1160 1479 76 65 Ore

383 1514 91 60 ci
428 1514 137 60 tamen
520 1514 107 60 &c.
581 1514 137 60 Prima
672 1514 91 60 in
718 1514 137 60 duas,
809 1514 122 60 quia
885 1514 137 60 primo
976 1514 183 60 magister
1098 1514 137 60 praemit

373 1559 111 55 tit
437 1559 127 55 suam
516 1559 254 55 intentionem,
722 1559 174 55 Secundo
849 1559 158 55 probat
960 1559 127 55 eam,
1039 1559 111 55 ibi
1102 1559 127 55 Quod
1166 1559 63 55 at

377 1597 106 55 tem
438 1597 91 55 de
483 1597 167 55 vtroque
605 1597 197 55 procedat.
756 1597 91 55 Et
802 1597 121 55 haec
878 1597 152 55 posset
984 1597 152 55 diuidi
1090 1597 91 55 in
1121 1597 121 55 plures

377 1638 167 61 partes,
498 1638 182 61 secundum
635 1638 121 61 quod
710 1638 182 61 pluribus
847 1638 273 61 auctoritatibus
1059 1638 167 61 scriptura

375 1687 157 55 probat,
489 1687 114 55 quae
560 1687 200 55 praemisit.
718 1687 86 55 Et
760 1687 143 55 partes
861 1687 157 55 patent.
975 1687 129 55 Circa
1061 1687 129 55 istam
1132 1687 100 55 vnde-

378 1723 145 67 cimam
475 1723 274 67 distinctionem
700 1723 161 67 quaero
813 1723 129 67 hanc
877 1723 226 67 quaestionem.

645 1816 342 56 Quaestio.
881 1816 79 56 I

514 1941 104 80 An
566 1941 208 80 spiritus
722 1941 191 80 sanctus
861 1941 87 80 a
895 1941 139 80 solo
965 1941 121 80 patre

683 2001 213 64 procedat.

608 2524 171 52 PRVM
715 2524 257 52 SPIRITVS
908 2524 236 52 sanctus
1058 2524 171 52 produ-

627 2565 131 52 catur
715 2565 73 52 a
744 2565 116 52 solo
817 2565 146 52 patre.
919 2565 87 52 Et
962 2565 175 52 videtur,
1093 2565 116 52 quod
1152 2565 87 52 sic-

622 2607 121 51 quia
697 2607 136 51 pater
788 2607 106 51 aut
848 2607 181 51 perfecte
984 2607 166 51 spirat,
1105 2607 106 51 aut
1150 2607 76 51 non

631 2642 94 52 bi
678 2642 141 52 primo
772 2642 141 52 modo,
866 2642 125 52 tunc
944 2642 219 52 superflue,
1116 2642 78 52 &
1131 2642 94 52 fru-

621 2685 119 45 stra
696 2685 179 45 spiraret
830 2685 119 45 ipse
905 2685 164 45 filius.
1024 2685 119 45 Deus
1099 2685 149 45 autem,
1188 2685 45 45 &

590 2722 158 49 natura
701 2722 142 49 nihil
795 2722 174 49 faciunt
922 2722 190 49 frustra,
1064 2722 95 49 vt
1096 2722 142 49 dicitur

371 2767 94 50 1.
418 2767 125 50 celi
497 2767 78 50 &
528 2767 156 50 mundi.
637 2767 94 50 Si
684 2767 172 50 secundo
810 2767 141 50 modo,
903 2767 125 50 tunc
982 2767 156 50 aliqua
1076 2767 156 50 imperfe-

371 2803 107 55 ctio
438 2803 121 55 esset
518 2803 81 55 in
545 2803 94 55 patre

417 2838 91 48 in
462 2838 212 48 contrarium
629 2838 106 48 est
690 2838 121 48 Aug.
765 2838 106 48 15.
826 2838 91 48 de
871 2838 121 48 tri.
947 2838 106 48 Hic
1008 2838 136 48 primo
1084 2838 136 48 videndi

369 2878 104 52 est
428 2878 89 52 de
473 2878 104 52 eo,
532 2878 119 52 quod
606 2878 208 52 quaeritur:
769 2878 163 52 Secundo
888 2878 133 52 dato,
977 2878 119 52 quod
1051 2878 148 52 pater,
1155 2878 74 52 &
1170 2878 59 52 fi

372 2921 130 45 lius
453 2921 211 45 producant
615 2921 195 45 spiritum
761 2921 195 45 sanctum,
907 2921 195 45 videndum
1053 2921 130 45 est,
1118 2921 114 45 vtrum

363 2959 124 58 sint
440 2959 124 58 vnum
517 2959 217 58 principium
687 2959 186 58 respectu
827 2959 155 58 illius
935 2959 263 58 productionis.
1136 2959 93 58 Ter-

363 2997 121 50 tio,
439 2997 121 50 dato
514 2997 121 50 quod
590 2997 121 50 sic,
666 2997 182 50 videndum
802 2997 121 50 est,
878 2997 136 50 vtrum
969 2997 106 50 hoc
1029 2997 106 50 non
1075 2997 151 50 obstante

371 3038 115 57 ipsi
443 3038 158 57 possint
558 3038 115 57 dici
630 3038 144 57 plures
731 3038 216 57 spiratores.
904 3038 86 57 Et
947 3038 158 57 quarto,
1062 3038 130 57 vtrum
1134 3038 101 57 poten

371 3086 101 57 tia
428 3086 188 57 spiratiua
573 3086 130 57 dicat
660 3086 130 57 quid,
746 3086 101 57 vel
804 3086 87 57 ad
833 3086 130 57 aliquid

1430 278 346 70 RE
1546 278 577 70 SOLVTIO.

1278 403 159 68 Spiritum
1397 403 146 68 sanctum
1503 403 172 68 procedent
1635 403 66 68 a
1662 403 132 68 patve.
1754 403 66 68 &
1781 403 66 68 a
1807 403 119 68 ftlio
1887 403 172 68 tatholite
2006 403 106 68 fartmi

1306 457 91 42 tur
1358 457 155 42 asanttis
1474 457 130 42 viris.
1565 457 78 42 at
1604 457 91 42 tum
1656 457 130 42 pater,
1746 457 65 42 &
1772 457 130 42 filius
1863 457 78 42 in
1902 457 91 42 hac
1954 457 142 42 product
2044 457 65 42 oni

1314 491 109 43 sint
1383 491 137 43 plures
1479 491 219 43 prodirtentes
1656 491 96 43 non
1711 491 96 43 tam
1766 491 68 43 n
1793 491 82 43 vt
1834 491 151 43 plures,
1944 491 96 43 sed
1999 491 82 43 vt
2026 491 82 43 vnun

1317 531 189 44 principium
1466 531 203 44 pvoductiuum
1629 531 176 44 pvodutum,
1764 531 108 44 vnde
1832 531 135 44 plures
1927 531 189 44 spiratorei
2062 531 54 44 di

1307 576 83 45 ci
1349 576 125 45 nullo
1432 576 125 45 pacto
1515 576 167 45 possunt,
1640 576 97 45 cum
1696 576 167 45 vtrisque
1821 576 125 45 tadem
1904 576 180 45 conueniat
2029 576 83 45 viri

1306 607 90 66 tus
1345 607 154 66 spiratiua.

1386 680 588 90 ARTICVLVS
1793 680 181 90 I.

1400 792 144 78 Vtrum
1496 792 192 78 spiritus
1640 792 176 78 sanctus
1767 792 80 78 a
1799 792 128 78 solo
1863 792 112 78 patrt

1586 860 200 68 procedat.

1338 953 174 52 VANTVM
1459 953 104 52 ad
1511 953 191 52 primum,
1650 953 156 52 vtrum
1755 953 208 52 spiritus
1911 953 191 52 sanctus
2050 953 122 52 pro
2102 953 52 52 (

1318 995 184 51 ducatur
1452 995 84 51 a
1485 995 134 51 solo
1569 995 167 51 patre,
1686 995 117 51 sic
1753 995 217 51 procedam.
1920 995 150 51 Primo
2020 995 150 51 ponam
2104 995 50 51 F

1262 1032 137 59 vnam
1348 1032 240 59 catholicam
1537 1032 292 59 conclusionem,
1777 1032 189 59 Secundo
1915 1032 189 59 indueam
2035 1032 120 59 ali

1273 1070 114 55 qua
1338 1070 163 55 motiua
1452 1070 229 55 Oraecorum,
1632 1070 163 55 quibus
1746 1070 163 55 moueri
1861 1070 196 55 poterant
2008 1070 98 55 ad
2040 1070 82 55 ne-

1275 1118 149 46 gandam
1379 1118 193 46 huiusmodi
1528 1118 253 46 conclusionem,
1736 1118 74 46 &
1765 1118 149 46 tertio
1869 1118 89 46 ad
1914 1118 89 46 ea
1944 1118 178 46 respodebo.

1311 1150 135 47 Primo
1401 1150 150 47 igitur
1506 1150 135 47 dico,
1596 1150 120 47 quod
1671 1150 180 47 spiritus
1806 1150 165 47 sanctus
1926 1150 180 47 procedit
2061 1150 75 47 a
2076 1150 60 47 pa

1270 1193 109 42 tre
1333 1193 78 42 &
1364 1193 156 42 filio:
1473 1193 124 42 quia
1550 1193 140 42 pater
1644 1193 202 42 generando
1799 1193 156 42 filium
1908 1193 140 42 omnia
1986 1193 140 42 communi

1272 1228 101 51 cat
1329 1228 144 51 filio,
1430 1228 86 51 in
1473 1228 144 51 quibus
1573 1228 86 51 ad
1616 1228 144 51 filium
1717 1228 101 51 non
1774 1228 129 51 habet
1860 1228 244 51 oppositionem.
2047 1228 72 51 Il-

1275 1268 88 46 la
1319 1268 133 46 patet
1408 1268 103 46 per
1467 1268 118 46 Aug.
1541 1268 88 46 15
1585 1268 88 46 de
1629 1268 147 46 trini.
1732 1268 103 46 vbi
1791 1268 118 46 ait.
1865 1268 133 46 Pater
1953 1268 103 46 non
1997 1268 133 46 integre

1273 1309 85 44 se
1315 1309 211 44 persecteque
1484 1309 183 44 dixisset,
1625 1309 85 44 si
1667 1309 155 44 aliquid
1780 1309 141 44 minus,
1879 1309 99 44 vel
1935 1309 155 44 amplius
2033 1309 99 44 esset

1275 1350 91 45 in
1320 1350 121 45 eius
1396 1350 151 45 verbo,
1502 1350 121 45 quam
1578 1350 91 45 in
1623 1350 136 45 ipso.
1714 1350 106 45 Sed
1775 1350 151 45 nullam
1881 1350 242 45 oppositionem
2062 1350 61 45 h-

1277 1389 108 48 bet
1338 1389 139 48 pater
1431 1389 93 48 ad
1477 1389 170 48 filium,
1601 1389 108 48 nec
1663 1389 185 48 secundum
1802 1389 185 48 virtutem
1925 1389 201 48 spiratiuam.

1269 1430 128 50 quae
1349 1430 112 50 est
1413 1430 160 50 diuina
1525 1430 208 50 essentia,
1685 1430 112 50 nec
1748 1430 192 50 secundum
1892 1430 224 50 respectum,
2052 1430 80 50 sub

1275 1467 103 49 quo
1334 1467 132 49 talis
1422 1467 147 49 virtus
1526 1467 88 49 in
1570 1467 132 49 actum
1658 1467 221 49 spirationis
1835 1467 206 49 prorumpit,
1997 1467 103 49 qui
2041 1467 88 49 res-

1275 1502 146 50 pectus
1378 1502 102 50 est
1436 1502 176 50 spiratio
1568 1502 161 50 actiua;
1685 1502 117 50 ergo
1758 1502 132 50 pater
1846 1502 190 50 generando
1993 1502 146 50 filium
2080 1502 59 50 il

1267 1546 98 46 li
1316 1546 228 46 communicat
1494 1546 195 46 virtutem
1641 1546 244 46 spiratiuam,
1836 1546 114 46 cum
1901 1546 195 46 respectu
2031 1546 98 46 pro-

1265 1582 152 56 posito
1371 1582 91 56 ad
1417 1582 213 56 spirandum,
1585 1582 122 56 puta
1661 1582 107 56 cum
1722 1582 213 56 spiratione
1874 1582 137 56 actiua.

1310 1622 114 47 Sed
1375 1622 163 47 contra
1489 1622 147 47 illam
1587 1622 196 47 rationem
1734 1622 179 47 arguunt
1864 1622 163 47 quidam
1962 1622 98 47 sic-

1300 1666 80 44 1
1332 1666 129 44 Omne
1412 1666 129 44 quod
1493 1666 145 44 habet
1589 1666 177 44 filius,
1718 1666 96 44 vt
1766 1666 193 44 genitus,
1911 1666 145 44 habet
2007 1666 113 44 cum
2056 1666 80 44 op-

1274 1701 154 51 posito
1381 1701 184 51 respectu
1519 1701 92 51 ad
1566 1701 230 51 generantem:
1750 1701 108 51 sed
1811 1701 138 51 omne,
1904 1701 123 51 quod
1980 1701 138 51 habet
2057 1701 77 51 fi-

1262 1744 121 49 lius
1338 1744 76 49 a
1368 1744 151 49 patre,
1474 1744 136 49 habet
1565 1744 91 49 vt
1610 1744 182 49 genitus,
1746 1744 121 49 ergo
1822 1744 136 49 etiam
1913 1744 136 49 ipsam
1989 1744 151 49 virtutem

1264 1782 219 50 spiratiuam
1437 1782 172 50 habebit
1562 1782 125 50 ipse
1640 1782 157 50 filius
1750 1782 110 50 cum
1812 1782 188 50 opposito
1953 1782 188 50 respectu
2078 1782 63 50 ad

1270 1820 236 54 spirandum,
1456 1820 152 54 sicut
1557 1820 152 54 etiam
1658 1820 202 54 virtutem
1810 1820 253 54 generatiuam
2012 1820 118 54 cum
2063 1820 84 54 op-

1265 1868 154 52 posito
1373 1868 185 52 respectu
1512 1868 93 52 ad
1558 1868 216 52 generandum
1728 1868 170 52 accipit
1851 1868 77 52 a
1867 1868 123 52 patre-

1309 1894 74 49 2
1339 1894 207 49 Praeterea,
1501 1894 162 49 instant
1619 1894 148 49 quidam
1722 1894 118 49 alij
1796 1894 118 49 sic.
1870 1894 89 49 Si
1914 1894 89 49 in
1958 1894 162 49 diuinis
2062 1894 103 49 produ

1270 1936 163 49 ducens
1384 1936 131 49 omne
1465 1936 147 49 illud
1563 1936 228 49 communicat
1743 1936 212 49 producto,
1906 1936 98 49 in
1955 1936 114 49 quo
2020 1936 131 49 sibi
2085 1936 82 49 non

1268 1977 223 40 opponitur,
1444 1977 128 40 tunc
1523 1977 144 40 pater
1619 1977 255 40 communicaret
1827 1977 192 40 spiritui
1970 1977 160 40 sancto
2066 1977 80 40 ip-

1271 2016 104 47 sum
1331 2016 178 47 generare
1464 2016 178 47 actiuum:
1598 2016 119 47 quia
1672 2016 89 47 in
1717 2016 89 47 eo
1761 2016 134 47 patet
1850 2016 178 47 spiritui
1984 2016 148 47 sancto
2073 2016 74 47 non

1265 2055 206 53 opponitur,
1427 2055 74 53 &
1457 2055 103 53 sic
1516 2055 177 53 spiritus
1649 2055 162 53 sanctus
1767 2055 147 53 filium
1870 2055 206 53 generaret,
2032 2055 74 53 &
2047 2055 103 53 etiam

1270 2096 157 47 filius
1380 2096 251 47 communicaret
1584 2096 189 47 spiritui
1726 2096 157 47 sancto
1836 2096 251 47 generationem
2024 2096 126 47 passi-

1265 2143 124 41 uam:
1343 2143 124 41 quia
1421 2143 93 41 in
1467 2143 93 41 ca
1514 2143 124 41 sibi
1591 2143 109 41 non
1653 2143 217 41 opponitur.
1824 2143 109 41 Sed
1886 2143 124 41 illa
1964 2143 109 41 non
2010 2143 140 41 infrin-

1274 2176 128 51 gunt
1354 2176 192 51 rationem
1482 2176 224 51 supradictam,

1297 2208 105 52 Ad
1349 2208 175 52 primum
1472 2208 140 52 ergo
1559 2208 158 52 dico,
1664 2208 140 52 quod
1752 2208 175 52 filius
1874 2208 158 52 habet
1979 2208 158 52 omnia
2067 2208 88 52 cum

1269 2255 185 51 opposito
1407 2255 185 51 respectu
1546 2255 93 51 ad
1593 2255 231 51 generantem,
1778 2255 93 51 vt
1824 2255 185 51 gencrans
1963 2255 123 51 est:
2040 2255 108 51 Sed
2086 2255 62 51 op

1278 2292 163 49 positus
1397 2292 193 49 respectus
1545 2292 89 49 ad
1590 2292 223 49 generantem,
1768 2292 89 49 vt
1813 2292 178 49 generans
1946 2292 119 49 est,
2020 2292 104 49 est
2065 2292 89 49 sola

1266 2338 192 40 filiatio:
1414 2338 118 40 quia
1488 2338 207 40 propositus
1651 2338 192 40 respectus
1799 2338 222 40 generantis,
1976 2338 89 40 vt
2006 2338 148 40 generans

1272 2375 119 40 est,
1346 2375 104 40 est
1406 2375 119 40 sola
1480 2375 223 40 paternitas,
1659 2375 119 40 siue
1733 2375 193 40 generatio
1882 2375 164 40 actiua.
2000 2375 104 40 Non
2045 2375 119 40 conclu

1271 2410 99 50 dit
1328 2410 142 50 igitur
1427 2410 185 50 instantia
1569 2410 114 50 tua,
1640 2410 114 50 quod
1711 2410 185 50 intendis,
1854 2410 171 50 scilicet
1981 2410 114 50 quod
2038 2410 114 50 filius

1268 2451 96 46 vt
1316 2451 192 46 genitus,
1460 2451 160 46 capiat
1573 2451 144 46 velle
1669 2451 128 46 siue
1749 2451 208 46 potentiam
1909 2451 225 46 spiratiuam
2070 2451 80 46 cum

1267 2491 184 46 opposito
1405 2491 184 46 respectu
1543 2491 92 46 ad
1589 2491 230 46 spirationem
1773 2491 184 46 actiuam,
1911 2491 123 46 quae
1987 2491 107 46 est
2049 2491 92 46 in
2079 2491 77 46 pa-

1264 2528 124 51 tre:
1341 2528 124 51 quia
1419 2528 109 51 per
1481 2528 202 51 potentiam
1636 2528 217 51 spiratiuam
1806 2528 140 51 pater
1899 2528 109 51 non
1961 2528 171 51 dicitur
2070 2528 78 51 ge-

1258 2568 166 44 nerans.
1379 2568 136 44 Etiam
1470 2568 197 44 instantia
1621 2568 106 44 tua
1681 2568 106 44 est
1742 2568 151 44 contra
1848 2568 106 44 te:
1908 2568 121 44 quia
1984 2568 91 44 tu
2029 2568 106 44 mer
2074 2568 76 44 po-

1262 2610 127 44 nis,
1342 2610 127 44 quod
1421 2610 143 44 pater
1517 2610 223 44 communicat
1692 2610 143 44 filio
1787 2610 207 44 potentiam
1946 2610 191 44 sprrandi
2073 2610 80 44 cum

1276 2649 190 47 proposito
1422 2649 190 47 respectu:
1568 2649 117 47 quia
1641 2649 131 47 alias
1729 2649 146 47 filius
1831 2649 102 47 non
1889 2649 175 47 spiraret
2006 2649 160 47 sparieuns

1263 2690 198 40 sanctum,
1411 2690 132 40 quod
1493 2690 148 40 error
1575 2690 198 40 Sraecorum.

1302 2716 108 56 Ad
1356 2716 216 56 secundum
1518 2716 234 56 dicendum,
1698 2716 144 56 quod
1788 2716 198 56 persona
1932 2716 234 56 producens
2094 2716 72 56 in

1255 2764 185 55 diuinis
1390 2764 202 55 personae
1541 2764 219 55 productae
1709 2764 235 55 communicat
1894 2764 151 55 omnia
1995 2764 101 55 in
2029 2764 134 55 quibus

1262 2805 94 50 ci
1309 2805 110 50 non
1372 2805 220 50 opponitur,
1545 2805 125 50 quae
1623 2805 125 50 sunt
1701 2805 298 50 communicabilia:
1952 2805 110 50 sed
1999 2805 157 50 proprie-

1267 2844 108 47 tas
1328 2844 215 47 personalis
1497 2844 108 47 tam
1559 2844 92 47 in
1605 2844 215 47 creaturis,
1774 2844 123 47 quam
1851 2844 92 47 in
1897 2844 169 47 diuinis
2021 2844 108 47 est
2067 2844 92 47 com-

1269 2886 236 49 municabilis:
1461 2886 118 49 quia
1535 2886 89 49 ex
1580 2886 103 49 quo
1639 2886 177 49 personam
1772 2886 89 49 in
1816 2886 118 49 esse
1890 2886 192 49 personali
2023 2886 133 49 consti-

1264 2922 142 53 tuit,
1359 2922 95 53 si
1406 2922 300 53 communicaretur,
1658 2922 126 53 tunc
1737 2922 142 53 esset
1832 2922 189 53 confusio
1958 2922 205 53 personarum.

1259 2959 114 48 Cum
1324 2959 163 48 igitur
1438 2959 212 48 generatio
1601 2959 163 48 actiua
1715 2959 195 48 personam
1861 2959 163 48 patris
1959 2959 212 48 constituae-

1262 2999 80 49 &
1294 2999 207 49 generatio
1453 2999 175 49 passiua
1581 2999 191 49 personam
1724 2999 159 49 filij,
1836 2999 191 49 spiratio
1980 2999 144 49 autem
2059 2999 96 49 com-

1251 3047 152 60 munis
1352 3047 118 60 non
1420 3047 253 60 constituat,
1622 3047 135 60 ideo
1707 3047 202 60 spiratio
1858 3047 202 60 communis
2010 3047 118 60 est
2061 3047 101 60 com-

1246 3075 255 61 municabilis,
1453 3075 112 61 non
1517 3075 144 61 autem
1613 3075 207 61 generate,
1773 3075 112 61 vel
1820 3075 160 61 generari
