2368 3569
381 243 108 71 ens
442 243 123 71 inqu
519 243 139 71 antum
612 243 108 71 ens
674 243 108 71 est
735 243 200 71 subiectum
889 243 262 71 metaphysicae,
1105 243 93 71 vt
1136 243 108 71 dicit

363 304 265 53 Philolophus
575 304 106 53 4.
628 304 177 53 metaph
752 304 88 53 &
787 304 159 53 tamen
894 304 124 53 non
964 304 159 53 habet
1053 304 194 53 passiones

369 342 90 51 ab
414 342 90 51 eo
459 342 239 51 differentes:
653 342 119 51 quia
727 342 119 51 quod
802 342 179 51 realiter
936 342 164 51 differt
1056 342 90 51 ab
1101 342 134 51 ente,
1175 342 75 51 est

371 386 199 51 formaliter
527 386 100 51 non
584 386 100 51 ens
641 386 71 51 &
669 386 142 51 nihil,
769 386 85 51 &c
812 386 142 51 passio
911 386 128 51 entis
996 386 128 51 esset
1082 386 142 51 nihil.
1167 386 71 51 Si-

369 425 111 46 eut
432 425 158 46 igitur
543 425 142 46 damus
638 425 95 46 in
685 425 237 46 metaphysica
875 425 174 46 aliquid
1001 425 111 46 non
1048 425 190 46 differens;

363 463 224 56 subiecto,
535 463 138 56 quod
621 463 155 56 tamen
724 463 155 56 habet
828 463 103 56 se
879 463 121 56 per
948 463 155 56 modum
1034 463 207 56 passionis;

362 503 137 45 sic
420 503 78 45 &c

400 538 74 51 3
430 538 192 51 Praeterea
578 538 148 51 qualis
681 538 104 51 est
741 538 118 51 ordo
815 538 148 51 realis
918 538 133 51 inter
1007 538 148 51 aliqua
1096 538 148 51 differen

368 584 111 40 tia
432 584 191 40 secundum
575 584 111 40 rem
639 584 143 40 talis
734 584 143 40 manet
830 584 127 40 ordo
910 584 207 40 eorundem,
1069 584 111 40 vbi
1117 584 127 40 distin

375 624 168 52 guuntur
497 624 183 52 secundum
634 624 198 52 rationem:
787 624 107 52 sed
848 624 229 52 substantia,
1031 624 168 52 virtus,
1153 624 76 52 &
1169 624 76 52 ope

375 663 152 50 ratio,
481 663 107 50 vbi
542 663 259 50 distinguuntur
755 663 198 50 realiter,
907 663 152 50 habent
1014 663 167 50 ordinem
1120 663 122 50 essen-

368 703 157 49 tialem
478 703 172 49 prioris
603 703 78 49 &
634 703 250 49 posterioris:
838 703 125 49 quia
916 703 125 49 vnum
995 703 235 49 demostratur
1167 703 78 49 per

367 743 182 47 alterum
500 743 182 47 tamquam
632 743 83 47 a
665 743 182 47 priori:
797 743 132 47 ergo
880 743 149 47 etiam
979 743 99 47 in
1028 743 116 47 Deo
1094 743 132 47 vnum
1160 743 83 47 por

384 781 179 46 alterum
514 781 179 46 poterit
628 781 211 46 demonstrari

404 818 110 56 Sed
467 818 141 56 illud
561 818 110 56 non
624 818 141 56 valet
718 818 125 56 quia
796 818 188 56 loquendo
937 818 94 56 de
984 818 141 56 scire
1078 818 172 56 proprie
1188 818 47 56 d

383 859 113 46 cto,
454 859 85 46 de
496 859 99 46 quo
553 859 113 46 isti
624 859 184 46 intendunt
766 859 142 46 loqui,
865 859 113 46 tunc
936 859 99 46 sic
993 859 199 46 diffinitur
1149 859 85 46 1.
1177 859 57 46 po

381 899 131 45 ster.
469 899 131 45 Scire
556 899 102 45 est
615 899 102 45 per
673 899 146 45 causam
775 899 102 45 rem
833 899 233 45 inuestigare.
1022 899 73 45 &
1052 899 160 45 ibidem,
1154 899 87 45 Tun-

364 940 206 40 opinamur
518 940 154 40 scire
621 940 274 40 vnumquodque,
844 940 120 40 cum
912 940 171 40 causam
1032 940 137 40 eius
1101 940 137 40 cogno-

374 976 163 44 scimus,
493 976 74 44 &
523 976 163 44 quoniam
641 976 148 44 illius
745 976 104 44 est
805 976 148 44 causa,
909 976 74 44 &
938 976 223 44 impossibile
1116 976 104 44 est
1161 976 89 44 ali-

366 1018 107 47 ter
427 1018 92 47 se
473 1018 169 47 habere.
596 1018 107 47 Dei
657 1018 153 47 autem,
764 1018 77 47 &
795 1018 199 47 diuinorum
948 1018 138 47 nulla
1040 1018 169 47 poterit
1147 1018 92 47 esse

379 1060 143 50 causa,
479 1060 114 50 ergo
550 1060 100 50 &c.
607 1060 100 50 Nec
664 1060 143 50 valet,
764 1060 86 50 si
807 1060 171 50 dicatur,
935 1060 114 50 quod
1007 1060 86 50 in
1049 1060 186 50 theologia
1178 1060 57 50 so

378 1097 100 45 tur
435 1097 129 45 causa
521 1097 100 45 per
578 1097 186 45 effectum.
722 1097 115 45 quia
793 1097 172 45 effectus
923 1097 158 45 proprie
1037 1097 158 45 faciens
1138 1097 100 45 scire

372 1130 163 51 causam,
491 1130 134 51 debet
580 1130 119 51 esse
654 1130 208 51 adaequatus
817 1130 163 51 causae.
936 1130 104 51 Sed
996 1130 148 51 nullus
1085 1130 148 51 effectus

373 1181 222 55 adaequatur
547 1181 174 55 virtuti
674 1181 222 55 Dei.lgitur
848 1181 190 55 breuiter
991 1181 95 55 ad
1038 1181 143 55 eorum
1117 1181 127 55 motiua

357 1214 218 49 respondebo

419 1235 98 67 Ad
468 1235 163 67 primum
582 1235 212 67 dicendum,
745 1235 131 67 quod
827 1235 180 67 studens
957 1235 147 67 talis
1055 1235 196 67 acquirit
1186 1235 65 67 ha

372 1288 143 44 bitum
467 1288 254 44 nobilissimum
674 1288 111 44 non
738 1288 222 44 nobilitate
912 1288 254 44 scientificae
1103 1288 143 44 euiden-

379 1326 130 69 tiae,
465 1326 101 69 sed
523 1326 202 69 nobilitate
682 1326 188 69 subiecti:
826 1326 101 69 qui
884 1326 116 69 etsi
956 1326 101 69 non
1014 1326 144 69 omnino
1101 1326 144 69 proprie,

382 1377 156 42 aliquo
492 1377 140 42 tamen
585 1377 125 42 modo
663 1377 156 42 potest
773 1377 125 42 dici
835 1377 156 42 scientia

416 1397 96 61 Ad
464 1397 192 61 secundum
608 1397 207 61 dicendum,
767 1397 128 61 quod
847 1397 128 61 illa
927 1397 112 61 non
991 1397 112 61 est
1054 1397 128 61 tota
1118 1397 128 61 causa,

373 1453 121 50 quam
448 1453 181 50 assumis:
584 1453 106 50 sed
644 1453 106 50 pro
705 1453 136 50 tanto
795 1453 196 50 theologia
946 1453 151 50 nostra
1052 1453 106 50 non
1112 1453 106 50 est
1157 1453 91 50 scie

378 1490 102 52 tia
437 1490 160 52 proprie
553 1490 145 52 dicta:
655 1490 116 52 quia
727 1490 102 52 non
786 1490 160 52 reducit
902 1490 87 52 ad
946 1490 189 52 principia
1091 1490 102 52 per
1149 1490 87 52 se
1178 1490 73 52 no-

394 1533 101 44 ta,
451 1533 101 44 nec
509 1533 173 44 supponit
639 1533 87 44 ea
683 1533 87 44 in
726 1533 144 44 aliqua
827 1533 116 44 alia
899 1533 188 44 scientia,
1044 1533 130 44 cuius
1116 1533 130 44 capaces

381 1567 141 49 sumus
475 1567 94 49 in
507 1567 94 49 via-

418 1604 93 55 Ad
465 1604 171 55 tertium
589 1604 109 55 per
651 1604 109 55 iam
713 1604 140 55 dicta
806 1604 155 55 patet.
915 1604 109 55 vel
977 1604 202 55 dicendum,
1132 1604 124 55 quod
1194 1604 62 55 si

381 1638 168 52 aliqua
499 1638 185 52 totalis
633 1638 269 52 demonstratio
851 1638 101 52 de
902 1638 117 52 Deo
969 1638 252 52 formaretur,
1153 1638 101 52 quia

382 1684 110 47 hoc
445 1684 188 47 praecise
586 1684 157 47 fieret
696 1684 94 47 in
743 1684 157 47 lumine
852 1684 204 47 naturali)
1009 1684 141 47 magis
1087 1684 157 47 generare

385 1724 199 49 notitiam
535 1724 282 49 metaphysicam,
767 1724 133 49 quam
850 1724 266 49 theologicam,

431 1755 125 52 Alij
510 1755 110 52 hoc
572 1755 125 52 idem
651 1755 173 52 arguunt
776 1755 125 52 sic.
855 1755 110 52 Non
918 1755 125 52 plus
996 1755 188 52 repugnat
1122 1755 125 52 obscu-

391 1795 128 56 ritas
476 1795 128 56 fidei
561 1795 184 56 scientiae
703 1795 85 56 de
745 1795 241 56 credibilibus,
943 1795 113 56 quam
1014 1795 213 56 incertitudo
1170 1795 85 56 pham

387 1849 180 40 tasmatum
522 1849 195 40 scientiae
671 1849 90 40 de
716 1849 254 40 sensibilibus:
926 1849 120 40 sed,
1001 1849 105 40 non
1060 1849 180 40 obstante
1180 1849 60 40 in

386 1878 237 48 certitudine
576 1878 269 48 phantasmatum,
798 1878 174 48 habetur
924 1878 190 48 scientia
1067 1878 95 48 de
1099 1878 142 48 sensibi

380 1919 159 55 libus,
492 1919 127 55 ergo
555 1919 64 55 &c

420 1961 77 44 2
450 1961 201 44 Praeterea
605 1961 108 44 non
667 1961 124 44 plus
745 1961 186 44 repugnat
884 1961 201 44 euidentia
1039 1961 217 44 scientiae,
1194 1961 46 44 u

382 1995 227 50 ineuldentia
564 1995 151 50 fidei,
670 1995 121 50 quam
745 1995 182 50 claritas
882 1995 182 50 notitiae
1018 1995 136 50 rerum
1109 1995 91 50 in
1139 1995 106 50 verbo

378 2040 73 42 &
408 2040 205 42 obscuritas
568 2040 175 42 notitiae
700 2040 88 42 in
744 2040 161 42 proprio
861 2040 146 42 genere
963 2040 73 42 :
992 2040 102 42 sed
1051 2040 102 42 hae
1109 2040 132 42 simul
1183 2040 58 42 si

386 2075 261 51 compatiuntur
598 2075 98 51 in
646 2075 147 51 eodem
744 2075 244 51 intellectu,
940 2075 130 51 ergo
1005 2075 65 51 &c

459 2111 196 61 Praeterea
610 2111 121 61 Deus
685 2111 151 61 semper
791 2111 181 61 prouidet
927 2111 196 61 Ecclesiae
1078 2111 121 61 suae
1153 2111 91 61 de
1184 2111 75 61 ali

388 2126 158 80 quibus
499 2126 205 80 hominibus
657 2126 221 80 perfectis,
831 2126 111 80 qui
894 2126 174 80 possunt
1020 2126 142 80 fidem
1099 2126 158 80 defende-

386 2202 98 44 re:
442 2202 98 44 sed
498 2202 98 44 hoc
554 2202 98 44 non
609 2202 168 44 possent,
735 2202 112 44 nisi
805 2202 168 44 haberent
931 2202 154 44 habitum
1029 2202 210 44 scientificum.

399 2235 76 53 4
429 2235 198 53 Praeterea
581 2235 198 53 theologia
733 2235 106 53 est
794 2235 167 53 notitia
916 2235 228 53 nobilissima
1083 2235 167 53 regulanm;

394 2266 113 59 oens
464 2266 127 59 alias
549 2266 197 59 scientias,
703 2266 113 59 ergo
774 2266 113 59 erit
844 2266 225 59 scientifica.
1027 2266 98 59 Sed
1083 2266 113 59 quia
1139 2266 113 59 tantam

383 2316 238 55 euidentiam,
574 2316 175 55 quantam
701 2316 190 55 requirit
843 2316 206 55 scientia,
1002 2316 159 55 habere
1113 2316 111 55 non
1161 2316 95 55 pos-

386 2353 140 47 sumus
480 2353 93 47 de
527 2353 125 47 his,
604 2353 93 47 de
651 2353 156 47 quibus
760 2353 171 47 tractat
885 2353 202 47 theologia
1041 2353 93 47 in
1087 2353 156 47 lumine
1181 2353 62 47 na

393 2394 158 51 turali,
508 2394 101 51 nec
565 2394 86 51 in
608 2394 115 51 solo
680 2394 144 51 lumine
780 2394 144 51 sidei:
881 2394 115 51 ideo
953 2394 144 51 ponunt
1053 2394 187 51 praedicti
1183 2394 57 51 lu

383 2432 112 46 men
447 2432 177 46 quoddam
576 2432 273 46 supernaturale
800 2432 177 46 clarius
929 2432 161 46 lumine
1041 2432 161 46 fidei,
1138 2432 112 46 obscu

391 2477 133 44 rius
474 2477 149 44 tamen
574 2477 166 44 lumine
690 2477 199 44 gloriae,
839 2477 133 44 quod
922 2477 149 44 lumen
1021 2477 83 44 a
1054 2477 116 44 Deo
1104 2477 149 44 communi

392 2519 136 48 catur
482 2519 151 48 sacrae
588 2519 211 48 theologiae
754 2519 226 48 doctoribus,
935 2519 166 48 tamquam
1055 2519 211 48 perfectis,
1206 2519 45 48 &

397 2551 202 52 communem
548 2551 168 52 statum
666 2551 185 52 fidclum
800 2551 269 52 excedentibus
1019 2551 84 52 &
1052 2551 185 52 ceteris
1170 2551 84 52 pre

389 2591 245 38 existentibus
588 2591 138 38 fidem
680 2591 169 38 sanctum
803 2591 245 38 confirmando,
1002 2591 77 38 &
1032 2591 169 38 iugiter
1140 2591 107 38 deset

387 2624 173 46 dendo.
508 2624 104 46 Et
559 2624 190 46 addunt,
698 2624 138 46 quod
784 2624 155 46 lumen
887 2624 207 46 meridiei
1043 2624 121 46 non
1095 2624 155 46 compati

385 2660 111 55 tur
449 2660 143 55 secum
544 2660 175 55 aliquam
671 2660 159 55 noctis
782 2660 270 55 obscuritatem:
1004 2660 159 55 lumini
1115 2660 143 55 tamen
1195 2660 63 55 au

395 2708 135 44 rorae
485 2708 105 44 hoc
545 2708 105 44 non
604 2708 194 44 repugnat.
754 2708 105 44 Sic
814 2708 135 44 licet
903 2708 135 44 clare
993 2708 149 44 videre
1098 2708 90 44 in
1127 2708 120 44 lumind

398 2749 174 51 gloriae
525 2749 143 51 fidem
620 2749 206 51 excludat,
779 2749 79 51 &
810 2749 143 51 omnem
905 2749 254 51 obscuritatem
1096 2749 158 51 euacuet,

388 2788 230 45 intelligere
571 2788 138 45 tamen
663 2788 230 45 scientifice
847 2788 92 45 in
893 2788 122 45 isto
969 2788 138 45 medio
1061 2788 153 45 lumini
1153 2788 92 45 fide

388 2825 110 41 non
451 2825 204 41 repugnat.
608 2825 172 41 Propter
733 2825 110 41 hoc
796 2825 110 41 ait
858 2825 110 41 Aug
921 2825 141 41 super
1015 2825 141 41 loan.
1109 2825 125 41 quod
1172 2825 78 41 lux

401 2862 179 57 increata
535 2862 164 57 duplici
654 2862 149 57 lumine
759 2862 164 57 fideles
878 2862 209 57 illuminat,
1042 2862 179 57 paruulos
1161 2862 89 57 qui-

395 2899 102 47 dem
454 2899 146 47 lumine
556 2899 146 47 fidei,
658 2899 87 47 vt
702 2899 131 47 lacte
789 2899 219 47 nutriantur:
964 2899 160 47 maiores
1081 2899 117 47 vero
1139 2899 102 47 lumin

386 2941 221 57 sapientiae,
563 2941 103 57 quo
622 2941 192 57 vescantur
770 2941 148 57 solido
859 2941 103 57 vibo.

441 2972 102 54 Sed
500 2972 102 54 nec
558 2972 102 54 noc
616 2972 145 54 valet,
718 2972 116 54 quia
790 2972 145 54 signum
892 2972 102 54 est
950 2972 174 54 scientis
1081 2972 131 54 posse
1154 2972 87 54 doce

397 3019 91 46 re,
449 3019 78 46 vt
488 3019 117 46 patet
566 3019 78 46 t.
605 3019 117 46 elec,
683 3019 91 46 sed
735 3019 91 46 ea,
787 3019 104 46 quae
851 3019 104 46 sunt
916 3019 130 46 fidei,
1007 3019 130 46 nullus
1098 3019 130 46 potest
1176 3019 65 46 sci

383 3054 169 55 tifice
502 3054 220 55 infidelem
671 3054 186 55 docere,
807 3054 136 55 ergo
874 3054 85 55 &c.

377 3095 94 69 Et
424 3095 173 69 sidicis
550 3095 110 69 que
613 3095 204 69 infidelis
770 3095 157 69 doceri
879 3095 94 69 no
926 3095 173 69 potest,
1052 3095 126 69 quia
1115 3095 141 69 oportet

1277 268 213 55 doctorem,
1440 268 82 55 &
1473 268 229 55 difcipulum
1653 268 98 55 in
1702 268 164 55 fumine
1816 268 229 55 conuenire:
1996 268 115 55 non
2045 268 115 55 turo,

1277 317 125 43 quia
1356 317 109 43 nec
1418 317 156 43 vmquam
1527 317 172 43 aliquis
1652 317 172 43 fidelis
1777 317 156 43 potuit
1887 317 172 43 doceri,
2012 317 94 43 vt
2043 317 125 43 euiden

1280 356 114 51 ter
1345 356 163 51 sciret
1459 356 114 51 ea,
1525 356 131 51 quae
1606 356 147 51 fides
1704 356 163 51 sancta
1802 356 147 51 ponit.R

1303 397 84 40 2
1337 397 234 40 Praeterea,
1520 397 117 40 vel
1587 397 150 40 lumen
1687 397 150 40 fidei
1788 397 150 40 manet
1888 397 117 40 cum
1955 397 134 40 illo
2021 397 134 40 lumine

1261 431 189 40 secundum
1403 431 126 40 esse
1482 431 221 40 perfectum,
1655 431 268 40 velremittitur
1876 431 95 40 ab
1923 431 110 40 eo,
1986 431 79 40 &
2017 431 142 40 manet
2096 431 63 40 se

1278 477 146 38 cundum
1381 477 117 38 esse
1454 477 190 38 remissum.
1600 477 88 38 Si
1644 477 102 38 des
1703 477 161 38 primum,
1820 477 102 38 hoc
1878 477 102 38 non
1937 477 102 38 est
1980 477 176 38 possibile;

1280 500 127 54 quia
1360 500 143 54 sicut
1455 500 111 54 duo
1519 500 175 54 extrema
1646 500 191 54 secundum
1790 500 127 54 suas
1869 500 255 54 excellentias
2060 500 96 54 si-

1268 542 110 56 mul
1331 542 126 56 esse
1410 542 110 56 non
1473 542 189 56 possunt,
1615 542 110 56 sic
1678 542 110 56 nec
1741 542 189 56 extremum
1882 542 110 56 cum
1945 542 157 56 medio.
2056 542 94 56 Si
2087 542 63 56 se

1268 578 181 49 cundum,
1399 578 132 49 tunc
1481 578 165 49 habens
1597 578 148 49 illud
1695 578 165 49 lumen,
1810 578 148 49 esset
1909 578 148 49 minus
1991 578 165 49 fidelis:

1272 620 136 51 quia
1357 620 153 51 minus
1459 620 221 51 crederet,
1629 620 136 51 quam
1714 620 119 51 non
1765 620 136 51 habens

1306 663 80 43 3
1338 663 208 43 Praeterea
1498 663 144 43 sicut
1594 663 144 43 etiam
1690 663 192 43 secundum
1833 663 112 43 te,
1897 663 144 43 lumen
1993 663 192 43 gloriae,

1272 702 101 49 cum
1329 702 101 49 sit
1387 702 231 49 clarissimum,
1575 702 188 49 totaliter
1720 702 145 49 tollit
1821 702 217 49 lumenfidei:
1994 702 101 49 sic
2038 702 101 49 istus

1276 742 156 40 lumen
1380 742 329 40 intelligentiae,
1656 742 190 40 tamquam
1795 742 190 40 quoddam
1933 742 156 40 maius
2020 742 121 40 lumen

1275 777 155 45 saltem
1383 777 232 45 remitteret,
1569 777 77 45 &
1600 777 217 45 obfuscaret
1770 777 139 45 lumen
1847 777 124 45 fidei.

1309 816 72 55 4
1337 816 186 55 Praeterea
1481 816 86 55 tu
1524 816 143 55 dicis,
1624 816 115 55 quod
1696 816 86 55 de
1739 816 158 55 ratione
1853 816 129 55 fidei
1939 816 100 55 est
1982 816 158 55 ineuidem-

1274 861 125 59 tia:
1352 861 109 59 sed
1415 861 140 59 illud
1508 861 140 59 lumen
1601 861 140 59 facit
1695 861 234 59 euidentiam,
1882 861 125 59 ergo
1960 861 140 59 erunt
2037 861 125 59 incom

1276 896 161 55 possibilia,

1304 923 81 66 3
1336 923 211 66 Praeterea
1498 923 243 66 philosophus
1693 923 162 66 contra
1806 923 195 66 Platonem
1952 923 162 66 dicit,
2050 923 97 66 quos

1272 976 242 60 impossibile
1466 976 113 60 est
1530 976 113 60 nos
1595 976 161 60 habere
1708 976 258 60 nobilissimos
1918 976 194 60 habitus,
2063 976 81 60 &
2079 976 81 60 nos

1278 1014 143 52 latere
1378 1014 100 52 sic
1435 1014 214 52 impossibile
1606 1014 114 52 est,
1664 1014 71 52 &c.

1301 1049 110 47 Sed
1364 1049 141 47 forte
1458 1049 157 47 dices,
1568 1049 125 47 quod
1646 1049 235 47 philosophus
1834 1049 188 47 loquitur
1976 1049 94 47 de
2007 1049 141 47 habiti-

1274 1097 112 38 bus
1338 1097 257 38 naturalibus:
1547 1097 144 38 illud
1643 1097 144 38 autem
1740 1097 112 38 est
1804 1097 144 38 lumen
1884 1097 289 38 supernaturaliter

1282 1137 165 43 infusum,
1406 1137 124 43 sicut
1489 1137 165 43 existens
1613 1137 83 43 in
1655 1137 165 43 caritate
1779 1137 138 43 nescit
1875 1137 83 43 se
1917 1137 110 43 esse
1986 1137 83 43 in
2013 1137 138 43 caritate

1280 1174 100 48 sic
1323 1174 57 48 &c

1322 1191 136 73 lstud
1413 1191 106 73 non
1473 1191 182 73 videtur,
1610 1191 121 73 quia
1685 1191 136 73 lumen
1776 1191 167 73 faciens
1897 1191 242 73 scientificam
2079 1191 91 73 eunt

1277 1248 186 55 dentiam,
1417 1248 109 55 est
1479 1248 109 55 sui
1541 1248 155 55 ipsius
1650 1248 295 55 manifestatiuum,
1899 1248 124 55 ideo
1976 1248 155 55 latere
2069 1248 78 55 non

1276 1304 162 41 potest
1389 1304 211 41 habentem.
1552 1304 178 41 Caritas
1681 1304 146 41 autem
1779 1304 114 41 non
1844 1304 114 41 est
1909 1304 178 41 habitus
2022 1304 130 41 cogni-

1278 1330 155 54 tiuus,
1386 1330 124 54 ideo
1463 1330 155 54 latere
1572 1330 155 54 potest
1665 1330 170 54 habentem.

1310 1364 79 58 4
1342 1364 206 58 Praeterea
1501 1364 143 58 sicut
1596 1364 127 58 vnum
1675 1364 143 58 lumen
1770 1364 190 58 naturale
1913 1364 190 58 sufficit
2056 1364 95 58 ad
2088 1364 63 58 om

1281 1408 102 48 nia
1340 1408 218 48 naturaliter
1514 1408 189 48 scibilia:
1660 1408 102 48 sic
1718 1408 116 48 vnum
1791 1408 131 48 lumen
1878 1408 131 48 fidei
1951 1408 189 48 supernatur.

1278 1448 92 47 le
1324 1448 183 47 sufficit
1461 1448 92 47 ad
1507 1448 138 47 omnia
1599 1448 290 47 supernaturalia,
1843 1448 122 47 quae
1920 1448 138 47 scire
1996 1448 153 47 possumus

1275 1486 91 60 in
1305 1486 76 60 via

1306 1526 83 55 3
1340 1526 215 55 Praeterea
1505 1526 132 55 tale
1587 1526 149 55 lumen
1686 1526 165 55 medium
1802 1526 149 55 inter
1901 1526 149 55 lumen
1984 1526 165 55 gloriae,

1274 1567 79 46 &
1306 1567 143 46 lumen
1401 1567 159 46 fidei,
1512 1567 111 46 aut
1575 1567 111 46 est
1639 1567 159 46 medium
1750 1567 111 46 per
1813 1567 317 46 participationem,
2067 1567 79 46 aut

1282 1607 178 47 medium
1407 1607 125 47 per
1478 1607 285 47 abnegationem
1710 1607 267 47 extremorum:
1923 1607 125 47 non
1995 1607 160 47 primo
2084 1607 71 47 mo

1289 1645 115 54 do:
1354 1645 131 54 quia
1436 1645 147 54 medio
1534 1645 115 54 per
1600 1645 311 54 participationem
1861 1645 245 54 commiscetur
2041 1645 115 54 vtrum

1283 1694 114 41 que
1348 1694 245 41 extremorum,
1544 1694 82 41 &
1576 1694 179 41 neutrum
1707 1694 179 41 ponitur
1837 1694 98 41 in
1886 1694 114 41 sua
1951 1694 179 41 propria
2065 1694 82 41 na-

1282 1722 128 48 tura:
1367 1722 128 48 sicut
1452 1722 128 48 patet
1538 1722 85 48 in
1580 1722 156 48 viridi,
1694 1722 100 48 vel
1751 1722 128 48 rubro
1836 1722 156 48 colore,
1950 1722 85 48 in
1993 1722 142 48 quibus
2078 1722 71 48 ex-

1282 1769 152 35 tremi
1383 1769 185 35 colores
1518 1769 287 35 permiscentur:
1754 1769 84 35 &
1788 1769 118 35 sic
1855 1769 169 35 habens
1974 1769 135 35 tale
2041 1769 118 35 lumen

1282 1804 117 49 non
1349 1804 184 49 haberet
1483 1804 184 49 habitum
1616 1804 150 49 fidei
1716 1804 200 49 secundum
1866 1804 133 49 suam
1950 1804 200 49 propriam
2083 1804 67 49 na

1277 1843 178 48 turam:
1402 1843 124 48 Nec
1473 1843 195 48 secundo
1615 1843 142 48 modo
1703 1843 195 48 propter
1845 1843 178 48 eandem
1952 1843 195 48 rationem,

1290 1880 128 51 quia
1370 1880 160 51 medium
1482 1880 256 51 abnegationis
1690 1880 176 51 abijcit
1818 1880 192 51 extrema,
1962 1880 80 51 &
1994 1880 160 51 posset
2090 1880 64 51 lu

1290 1919 103 51 men
1349 1919 118 51 tale
1423 1919 162 51 infundi
1541 1919 192 51 infideli,
1688 1919 88 51 ex
1732 1919 103 51 quo
1791 1919 88 51 ab
1836 1919 162 51 ijceret
1939 1919 103 51 fidem

1304 1957 179 45 Motiua
1430 1957 161 45 etiam
1537 1957 161 45 eorum
1645 1957 126 45 non
1717 1957 269 45 concludunt.
1932 1957 143 45 Vnde
2021 1957 108 45 ad
2057 1957 90 45 pri

1280 2005 125 43 mum
1352 2005 232 43 dicendum,
1530 2005 143 43 quod
1619 2005 161 43 minor
1726 2005 125 43 non
1797 2005 125 43 est
1869 2005 161 43 vera:
1976 2005 143 43 quia
2047 2005 125 43 omnis

1281 2038 183 55 scientia
1418 2038 183 55 requirit
1555 2038 229 55 phantasmata
1723 2038 107 55 certa

1322 2064 109 60 Sed
1385 2064 156 60 obijci
1494 2064 109 60 hic
1557 2064 156 60 potest
1666 2064 94 60 de
1713 2064 141 60 sole,
1806 2064 94 60 de
1853 2064 109 60 quo
1916 2064 156 60 certam
2009 2064 141 60 habemus

1285 2112 239 52 scientiam,
1473 2112 137 52 eius
1558 2112 273 52 magnitudinem
1780 2112 205 52 excedere
1934 2112 154 52 totam
2019 2112 154 52 tetram,

1281 2162 140 44 cuius
1375 2162 140 44 tamen
1468 2162 202 44 phantasma
1623 2162 109 44 quo
1685 2162 93 44 ad
1731 2162 109 44 hoc
1793 2162 109 44 est
1855 2162 155 44 multum
1964 2162 186 44 incertu,
2103 2162 78 44 &

1291 2199 197 48 obscurum:
1442 2199 106 48 cum
1503 2199 227 48 representet
1685 2199 242 48 magnitudinem
1882 2199 106 48 vix
1942 2199 136 48 vnius
2018 2199 121 48 pedis.

1308 2235 215 51 Respondeo
1473 2235 99 51 in
1522 2235 182 51 talibus
1654 2235 248 51 phantasmata
1852 2235 182 51 incerta
1968 2235 182 51 resoluun-

1282 2275 108 48 tur
1343 2275 139 48 vsque
1436 2275 93 48 ad
1482 2275 231 48 phantasmata
1667 2275 154 48 certa:
1775 2275 123 48 puta
1852 2275 200 48 astrologi
2006 2275 108 48 per
2052 2275 93 48 geo-

1283 2322 187 44 metriam,
1424 2322 78 44 &
1455 2322 250 44 perspectiuam
1658 2322 312 44 experimentaliter
1908 2322 234 44 inuestigarum;

1285 2355 134 48 quod
1369 2355 201 48 secundum
1520 2355 185 48 aliquam
1654 2355 268 48 determinatam
1873 2355 252 48 distantiam,
2057 2355 84 48 de-

1285 2397 159 49 crescit
1400 2397 203 49 apparentia
1560 2397 232 49 magnitudinis
1748 2397 101 49 rei
1806 2397 145 49 visae:
1908 2397 72 49 &
1937 2397 101 49 sic
1995 2397 101 49 per
2038 2397 116 49 repli-

1290 2435 185 54 cationem
1428 2435 215 54 distantiae
1597 2435 231 54 peruenerunt
1782 2435 92 54 ad
1828 2435 138 54 certa
1920 2435 138 54 talia
1997 2435 154 54 phantas-

1287 2470 132 47 mata,
1375 2470 132 47 vsqne
1463 2470 88 47 ad
1507 2470 147 47 certam
1610 2470 176 47 notitiam
1742 2470 235 47 magnitudinis
1933 2470 147 47 ipsius
2036 2470 147 47 solis.

1293 2511 100 43 Ad
1343 2511 199 43 secundum
1492 2511 216 43 dicendum,
1658 2511 133 43 quod
1741 2511 149 43 maior
1841 2511 116 43 non
1907 2511 116 43 est
1974 2511 149 43 vera:
2056 2511 100 43 quia

1287 2548 122 52 plus
1363 2548 183 52 repugnat
1500 2548 244 52 ineuidentia,
1699 2548 76 52 &
1729 2548 198 52 euidentia
1882 2548 183 52 respectu
2019 2548 168 52 eiusdem

1284 2593 195 45 obiecti,
1430 2593 130 45 quam
1512 2593 179 45 clarum,
1642 2593 81 45 &
1675 2593 195 45 obsturum
1821 2593 195 45 respectu
1952 2593 195 45 diuersorum

1288 2630 233 42 obiectorum:
1474 2630 109 42 sed
1536 2630 109 42 cum
1598 2630 109 42 tes
1660 2630 202 42 noscuntur
1815 2630 93 42 in
1861 2630 155 42 verbo,
1954 2630 186 42 principali

1290 2673 179 42 obiectum
1425 2673 105 42 est
1484 2673 179 42 essentia
1619 2673 164 42 diuina,
1738 2673 105 42 cum
1798 2673 90 42 in
1843 2673 164 42 proprio
1963 2673 149 42 genere
2052 2673 90 42 obio

1290 2708 118 47 ctum
1364 2708 103 47 est
1423 2708 118 47 ipsa
1497 2708 192 47 creatura:
1644 2708 133 47 fides
1733 2708 148 47 autem,
1836 2708 74 47 &
1866 2708 133 47 illud
1954 2708 133 47 lumen
2028 2708 118 47 respi-

1289 2738 144 57 ciunt
1385 2738 128 57 idem
1449 2738 177 57 obiectum;

1282 2782 99 54 Ad
1331 2782 181 54 tertium
1463 2782 214 54 dicendum,
1627 2782 132 54 quod
1709 2782 115 54 non
1775 2782 197 54 oportet,
1923 2782 148 54 tales
2005 2782 132 54 perfe-

1281 2828 120 44 ctos
1356 2828 150 44 habere
1461 2828 135 44 aliud
1550 2828 135 44 lumen
1640 2828 75 44 a
1670 2828 165 44 ceteris
1790 2828 210 44 fidelibus,
1954 2828 90 44 vt
1984 2828 165 44 obiectio-

1281 2867 133 46 nibus
1370 2867 148 46 contra
1474 2867 133 46 fidem
1562 2867 237 46 respondeant:
1755 2867 104 46 sed
1814 2867 192 46 sufficit,
1962 2867 118 46 quod
2036 2867 118 46 sint
2095 2867 59 46 in

1284 2906 147 43 studio
1387 2906 206 43 theologiae
1549 2906 221 43 exercitati,
1726 2906 206 43 cooperante
1887 2906 103 43 eis
1946 2906 147 43 gratia
2034 2906 118 43 diuina

1286 2944 119 46 ipsi
1361 2944 179 46 poterunt
1495 2944 89 46 ad
1540 2944 164 46 singula
1659 2944 194 46 contraria
1793 2944 179 46 respondero

1320 2978 93 50 Ad
1366 2978 170 50 quartum
1490 2978 201 50 dicendum,
1644 2978 124 50 quod
1721 2978 170 50 poterit
1845 2978 124 50 esse
1922 2978 232 50 nobilissima
2092 2978 62 50 ex

1278 3023 203 45 nobilitate
1437 3023 159 45 luminis
1553 3023 145 45 fidei,
1654 3023 72 45 &
1683 3023 203 45 nobilitate
1843 3023 174 45 obiecti,
1973 3023 159 45 praeter
2075 3023 72 45 hoc

1282 3063 143 51 quod
1372 3063 125 51 sit
1443 3063 269 51 simpliciter
1640 3063 251 51 scientifica.

1312 3098 94 67 In
1359 3098 203 67 additione
1515 3098 140 67 autem
1609 3098 94 67 de
1655 3098 171 67 lumine,
1780 3098 218 67 peccauerut
1951 3098 109 67 per
1998 3098 156 67 fallacia
