2424 3555
265 260 238 69 Praedictam
452 260 153 69 etiam
554 260 272 69 conclusionem
776 260 204 69 confirmo
912 260 102 69 sic.

268 315 83 53 2
302 315 216 53 Vbicunque
467 315 166 53 aliqua
584 315 149 53 plura
683 315 133 53 sunt
766 315 133 53 sine
849 315 133 53 omni
915 315 216 53 consusione.

268 350 94 55 ibi
321 350 187 55 necessario
468 350 120 55 inter
548 350 107 55 illa
615 350 94 55 est
668 350 120 55 ordo,
749 350 94 55 vel
802 350 174 55 originis,
936 350 120 55 puta,
1016 350 107 55 quod
1069 350 67 55 hoc

260 396 102 47 est
319 396 88 47 ab
363 396 117 47 hoc,
436 396 102 47 vel
494 396 117 47 ordo
567 396 175 47 prioris,
698 396 73 47 &
727 396 233 47 posterioris,
917 396 131 47 puta,
1005 396 117 47 quod
1063 396 73 47 hoc

267 430 99 55 est
324 430 113 55 post
394 430 113 55 hoc.
465 430 99 55 Sed
522 430 128 55 pater
607 430 71 55 &
636 430 142 55 filius
735 430 71 55 &
763 430 170 55 spiritus
891 430 156 55 sanctus
1004 430 113 55 sunt
1061 430 71 55 plu

254 477 89 48 ra
299 477 194 48 supposita
448 477 149 48 absque
552 477 119 48 omni
627 477 223 48 confusione,
805 477 119 48 siue
880 477 149 48 ordine
984 477 179 48 prioris,

261 505 73 66 &
291 505 233 66 posterioris,
480 505 102 66 quo
538 505 102 66 hoc
597 505 160 66 dicitur
713 505 117 66 esse
786 505 117 66 post
859 505 117 66 hoc,
932 505 87 66 vt
976 505 146 66 patuit
1063 505 73 66 su-

258 555 164 59 perius,
377 555 119 59 ergo
452 555 134 59 inter
541 555 194 59 quaslibet
690 555 119 59 duas
765 555 164 59 diuinas
884 555 179 59 personas
1018 555 119 59 erit
1077 555 60 59 or

252 585 105 52 do
286 585 192 52 originis.

272 631 81 50 3
304 631 227 50 Praeterea,
483 631 146 50 pater
580 631 227 50 communicat
759 631 146 50 filio
856 631 130 50 omne
937 631 162 50 illud,
1035 631 97 50 quod

253 665 131 61 filio
341 665 102 61 non
399 665 189 61 repugnat,
544 665 102 61 sed
602 665 160 61 spirare
718 665 102 61 non
776 665 174 61 repugnat
906 665 145 61 filio,
1008 665 116 61 ergo
1066 665 58 61 &c

248 702 144 61 Maior
344 702 160 61 patet:
456 702 128 61 quia
537 702 225 61 quaecunque
713 702 112 61 res
777 702 112 61 non
841 702 144 61 nabet
938 702 160 61 omnia,
1034 702 96 61 quae

255 744 119 56 sibi
329 744 104 56 non
389 744 208 56 repugnant,
552 744 119 56 illa
627 744 104 56 non
686 744 104 56 est
746 744 149 56 omnino
850 744 193 56 perfecta:
998 744 119 56 quia
1058 744 74 56 non

257 777 113 61 dum
321 777 145 61 habet
418 777 193 61 aliquid,
563 777 129 61 quod
644 777 145 61 tamen
740 777 209 61 possibile
901 777 113 61 est
966 777 145 61 ipsam
1046 777 81 61 ha-

259 821 130 56 bere:
345 821 101 56 sed
403 821 145 56 filius
504 821 87 56 in
548 821 159 56 diuinis
664 821 101 56 est
721 821 174 56 perfecte
852 821 72 56 a
881 821 130 56 patre
953 821 159 56 productus

257 867 127 49 ergo
336 867 143 49 habet
431 867 79 49 a
463 867 143 49 patre
558 867 127 49 omne
637 867 158 49 illud,
748 867 127 49 quod
827 867 127 49 sibi
906 867 111 49 non
954 867 174 49 repugnat.

248 898 176 58 Minorem
376 898 160 58 probo:
488 898 128 58 quia
568 898 144 58 omne,
664 898 128 58 quod
743 898 192 58 repugnat
887 898 160 58 filio,
999 898 112 58 vel
1047 898 64 58 re

251 942 165 45 pugnat
366 942 99 45 ei
415 942 181 45 ratione
547 942 231 45 essentiae,
729 942 115 45 hel
795 942 181 45 ratione
910 942 198 45 relationis

250 983 131 56 puta
331 983 180 56 ratione
462 983 261 56 filiationis:
674 983 131 56 quia
756 983 147 56 omne,
854 983 131 56 quod
935 983 114 56 est
1001 983 98 56 in
1033 983 82 56 fi-

249 1019 121 59 lio,
324 1019 106 59 vel
385 1019 106 59 est
445 1019 196 59 essentia,
596 1019 106 59 vel
656 1019 181 59 relatio;
792 1019 106 59 sed
852 1019 166 59 spirare
973 1019 106 59 non
1018 1019 106 59 repu-

250 1061 122 57 gnat
326 1061 138 57 filio
418 1061 168 57 ratione
540 1061 214 57 essentiae:
708 1061 122 57 quia
785 1061 122 57 tunc
861 1061 138 57 etiam
938 1061 183 57 repugnaret

256 1100 142 57 patri,
355 1100 99 57 cum
412 1100 128 57 eadem
497 1100 184 57 essentia,
639 1100 113 57 quae
710 1100 99 57 est
767 1100 85 57 in
809 1100 142 57 filio,
908 1100 99 57 sit
965 1100 85 57 in
994 1100 113 57 patre.

246 1137 109 64 Nec
309 1137 171 64 ratione
433 1137 248 64 filiationis:
634 1137 124 64 quia
712 1137 155 64 nullam
820 1137 248 64 oppositionem
1006 1137 109 64 habet

256 1173 81 51 d
272 1173 228 51 filiationem.

251 1217 83 54 4
285 1217 231 54 Praeterea,
466 1217 149 54 illud
565 1217 198 54 firmiter
714 1217 165 54 tenere
830 1217 198 54 debemus,
978 1217 99 54 ad
1011 1217 116 54 cuius

250 1254 200 57 oppositum
403 1254 185 57 sequitur
542 1254 185 57 haeresis
680 1254 215 57 manifesta:
850 1254 108 57 Sed
911 1254 92 57 ad
942 1254 169 57 oppositum

250 1293 125 58 llius
334 1293 236 58 propositonis,
528 1293 167 58 spiritus
653 1293 153 58 sanctus
764 1293 167 58 procedit
890 1293 70 58 a
917 1293 139 58 filio,
1001 1293 111 58 sequi-

244 1338 100 47 tur
301 1338 171 47 haeresis
429 1338 200 47 manifesta:
586 1338 114 47 quia
657 1338 86 47 si
700 1338 171 47 spiritus
829 1338 157 47 sanctus
943 1338 71 47 a
971 1338 128 47 filio
1043 1338 71 47 non

243 1374 221 49 procederet,
420 1374 177 49 spiritus
553 1374 162 49 sanctus
671 1374 74 49 a
701 1374 133 49 filio
789 1374 103 49 non
848 1374 133 49 esset
937 1374 162 49 persona
1040 1374 74 49 di-

238 1414 175 44 stincta,
370 1414 88 44 vt
414 1414 161 44 patebit
530 1414 88 44 in
574 1414 204 44 quaestione
735 1414 161 44 proxima
851 1414 190 44 sequenti,
997 1414 117 44 ergo
1056 1414 58 44 se

245 1455 156 61 cundum
354 1455 140 61 fidem
448 1455 171 61 sanctam
573 1455 187 61 firmiter
713 1455 171 61 debemus
838 1455 187 61 asserere
962 1455 156 61 spiritum

248 1490 156 52 anctum
358 1490 78 52 a
389 1490 140 52 filio
467 1490 187 52 procedere.

260 1535 78 51 3
292 1535 202 51 Preterea,
447 1535 140 51 illam
540 1535 202 51 veritatem
696 1535 140 51 ponit
789 1535 186 51 expresse
929 1535 124 51 Aug.
1006 1535 109 51 15.
1053 1535 62 51 de

246 1574 104 45 tri.
311 1574 65 45 &
337 1574 78 45 in
376 1574 130 45 multis
467 1574 117 45 alijs
546 1574 130 45 locis.
637 1574 104 45 Illa
702 1574 104 45 enim
767 1574 156 45 veritas,
884 1574 104 45 quod
950 1574 156 45 spiritus
1054 1574 65 45 san

250 1607 120 50 ctus
325 1607 180 50 procedit
460 1607 75 50 a
491 1607 135 50 patre
581 1607 75 50 &
611 1607 150 50 filio,
716 1607 165 50 tempore
836 1607 120 50 Aug.
912 1607 105 50 ita
957 1607 165 50 vniformi-

241 1654 107 51 ter
302 1654 214 51 tenebatur,
470 1654 122 51 quod
546 1654 168 51 tempore
668 1654 122 51 Aug.
744 1654 183 51 opposita
881 1654 153 51 opinio
973 1654 137 51 videtur

236 1689 111 51 non
299 1689 174 51 fuisse:
426 1689 127 51 quia
505 1689 127 51 Aug.
584 1689 174 51 nusquam
711 1689 174 51 videtur
837 1689 174 51 secisse
948 1689 174 51 mentionem

238 1735 93 41 de
284 1735 186 41 opposita
423 1735 201 41 opinione.
578 1735 108 41 Cum
640 1735 155 41 igitur
748 1735 139 41 nouae
841 1735 201 41 fantasiae
981 1735 139 41 deriuan

248 1769 97 46 tes
304 1769 83 46 ab
345 1769 111 46 his,
415 1769 111 46 quae
484 1769 236 46 vniuersaliter
679 1769 111 46 tota
749 1769 97 46 Dei
804 1769 167 46 ecclesia
929 1769 153 46 tenuit,
1027 1769 83 46 sint

247 1805 160 55 penitus
364 1805 233 55 repudiandae,
553 1805 116 55 ergo
626 1805 102 55 &c.
684 1805 204 55 Praedictae
844 1805 131 55 etiam
932 1805 175 55 veritati
1048 1805 73 55 con

246 1840 179 54 sentiunt
381 1840 149 54 ceteri
485 1840 194 54 catholici
635 1840 194 54 doctores,
784 1840 120 54 quos
859 1840 179 54 magister
978 1840 135 54 allegat

244 1887 88 46 in
288 1887 176 46 littera,
420 1887 176 46 scilicet
552 1887 220 46 Athanasius,
728 1887 176 46 Didimus,
860 1887 191 46 Cvrillus,
992 1887 117 46 Chryso

242 1923 175 52 stomus,
369 1923 79 52 &
401 1923 159 52 plures
512 1923 143 52 alij.

286 1963 108 47 Sed
347 1963 217 47 contrarium
518 1963 155 47 istius
626 1963 139 47 tenet
719 1963 139 47 error
812 1963 217 47 Oraecorum,
982 1963 77 47 &
997 1963 124 47 potest

262 2002 154 51 robari
354 2002 92 51 sic.

275 2046 112 48 Non
339 2046 144 48 minus
435 2046 192 48 conuenit
580 2046 192 48 spiritus
724 2046 176 48 sanctus
852 2046 112 48 eum
917 2046 160 48 patre,
1013 2046 96 48 quam

252 2078 159 45 silius,
367 2078 101 45 sed
425 2078 174 45 spiritus
556 2078 159 45 sanctus
672 2078 101 45 non
730 2078 174 45 conuenit
860 2078 101 45 cum
918 2078 130 45 patre
1005 2078 87 45 in
1034 2078 87 45 pro-

243 2125 177 47 ductione
376 2125 147 47 filij,
479 2125 118 47 ergo
553 2125 103 47 nec
612 2125 147 47 filius
715 2125 177 47 conuenit
848 2125 103 47 cum
907 2125 133 47 patre
995 2125 88 47 in
1025 2125 88 47 pro-

252 2162 175 50 ductione
384 2162 175 50 spiritus
501 2162 131 50 sancti.

248 2202 86 45 2
282 2202 240 45 Praeterea,
471 2202 137 45 vnum
556 2202 189 45 simplex
694 2202 223 45 productum
865 2202 206 45 requirit
1002 2202 103 45 vnum

230 2242 180 40 simplex
361 2242 230 40 producens,
541 2242 98 40 da
590 2242 230 40 oppositum,
771 2242 131 40 tunc
853 2242 197 40 secundum
1000 2242 98 40 se
1033 2242 82 40 to-

245 2283 129 43 tum,
325 2283 80 43 &
358 2283 209 43 totaliter
519 2283 193 43 acceptum
663 2283 225 43 dependeret
840 2283 80 43 a
873 2283 209 43 pluribus,
1017 2283 97 43 quod

246 2321 103 47 est
305 2321 236 47 impossibile:
497 2321 103 47 sed
556 2321 162 47 persona
674 2321 177 47 spiritus
806 2321 147 47 sancti
910 2321 103 47 est
969 2321 118 47 vnum
1028 2321 88 47 sim-

234 2362 139 52 plex
321 2362 243 52 productum:
512 2362 139 52 ergo
581 2362 87 52 &c.

258 2398 73 54 3
288 2398 204 54 Praeterea,
448 2398 88 54 si
492 2398 175 54 spiritus
623 2398 160 54 sanctus
740 2398 204 54 procederet
900 2398 73 54 a
929 2398 146 54 patre,
1031 2398 73 54 &
1046 2398 73 54 fi-

242 2437 131 53 lio,
324 2437 131 53 tune
406 2437 131 53 vnum
488 2437 82 53 &
521 2437 131 53 idem
603 2437 115 53 per
669 2437 164 53 eandem
784 2437 230 53 relationem
948 2437 164 53 referre-

246 2484 104 47 tur
306 2484 89 47 ad
350 2484 119 47 duos
425 2484 193 47 terminos,
573 2484 119 47 puta
648 2484 119 47 idem
722 2484 179 47 spiritus
856 2484 164 47 sanctus
975 2484 104 47 per
1020 2484 89 47 ean-

249 2515 108 44 dem
310 2515 232 44 spirationem
496 2515 185 44 passiuam
635 2515 216 44 referretur
805 2515 93 44 ad
851 2515 170 44 patrem,
975 2515 77 44 &
1006 2515 139 44 filiu

248 2557 224 42 consequens
424 2557 112 42 est
488 2557 176 42 falsum,
617 2557 128 42 ergo
697 2557 80 42 &
713 2557 192 42 antecedens

244 2597 80 44 4
276 2597 224 44 Praeterea,
452 2597 128 44 illo
532 2597 128 44 modo
612 2597 176 44 debemus
741 2597 144 44 loqui
837 2597 96 44 de
885 2597 208 44 diuinarum
1029 2597 80 44 per

231 2636 197 48 sonarum
374 2636 268 48 emanatione,
589 2636 125 48 quo
660 2636 143 48 modo
750 2636 232 48 huiusmodi
910 2636 197 48 emanatio-

239 2673 104 44 nem
299 2673 178 44 exprimit
432 2673 193 44 scriptura
581 2673 148 44 sacra:
685 2673 104 44 sed
744 2673 193 44 scriptura
892 2673 148 44 sancta
996 2673 89 44 de
1026 2673 89 44 spi-

240 2716 119 42 ritu
315 2716 149 42 sancto
419 2716 149 42 dicit,
523 2716 119 42 quod
598 2716 179 42 procedit
732 2716 75 42 a
762 2716 149 42 patre,
866 2716 75 42 &
896 2716 164 42 nusquam
1016 2716 89 42 in
1045 2716 60 42 ea

249 2751 160 48 egimus,
366 2751 116 48 quod
438 2751 174 48 procedit
569 2751 73 48 a
598 2751 145 48 filio,
700 2751 116 48 ergo
758 2751 58 48 &c

247 2795 81 47 3
279 2795 228 47 Praeterea,
458 2795 146 47 illud
556 2795 114 47 non
621 2795 114 47 est
686 2795 211 47 tenendum,
848 2795 146 47 cuius
929 2795 179 47 oppositum

243 2829 209 58 inuenitir
404 2829 96 58 in
452 2829 161 58 dictis
564 2829 257 58 Apostolorum,
773 2829 80 58 &
806 2829 209 58 sanctorum
950 2829 161 58 doctorum

237 2870 103 46 sed
296 2870 177 46 spiritum
429 2870 162 46 sanctum
547 2870 192 46 procedere
694 2870 74 46 a
724 2870 133 46 filio
812 2870 103 46 est
871 2870 221 46 huiusneodi,
1033 2870 74 46 er-

251 2909 96 49 go
299 2909 112 49 &c.
363 2909 143 49 Maior
458 2909 159 49 patet,
570 2909 175 49 minorem
697 2909 159 49 probo:
809 2909 128 49 quia
889 2909 223 49 sacerdotes
1048 2909 64 49 A-

247 2952 152 39 chaiae
353 2952 198 39 dicebant,
505 2952 91 39 se
551 2952 122 39 hanc
627 2952 137 39 fidem
719 2952 76 39 a
749 2952 152 39 sancto
856 2952 152 39 Andrea
947 2952 152 39 apostolo

253 2984 194 59 didicisse,
406 2984 167 59 scilicet
531 2984 111 59 quod
600 2984 167 59 spiritus
725 2984 153 59 sanctus
836 2984 69 59 a
864 2984 125 59 patre
947 2984 181 59 procedit,
1072 2984 42 59 &

220 3027 211 49 in
325 3027 316 49 filio
501 3027 457 49 requiescit.

285 3061 109 49 Sed
348 3061 93 49 in
394 3061 109 49 quo
456 3061 124 49 quis
534 3061 218 49 requiescit
705 3061 93 49 ab
752 3061 93 49 eo
798 3061 109 49 non
845 3061 171 49 procedit.

284 3103 94 52 Et
331 3103 187 52 Damasce.
472 3103 125 52 lib.
550 3103 94 52 1.
597 3103 187 52 Credimus
737 3103 94 52 in
784 3103 125 52 vnum
862 3103 187 52 spiritum
987 3103 125 52 sanctu

1173 275 120 79 Deum
1248 275 256 79 viuificantem,
1459 275 90 79 ex
1504 275 135 79 patre
1594 275 241 79 procedentem,
1790 275 75 79 &
1820 275 90 79 in
1865 275 135 79 filio
1941 275 105 79 quie-

1173 324 155 62 centem
1281 324 139 62 etiam
1374 324 124 62 ait.
1451 324 186 62 Spiritum
1590 324 170 62 sanctum
1714 324 93 62 ex
1760 324 139 62 patre
1853 324 186 62 dicimus,
1993 324 77 62 &

1178 375 176 58 piritum
1306 375 160 58 patris
1417 375 223 58 nominamus.
1593 375 128 58 llle
1673 375 144 58 autem
1769 375 144 58 liber
1864 375 80 58 a
1896 375 144 58 summo
1976 375 64 58 po

1166 411 138 55 tifice
1263 411 96 55 est
1318 411 207 55 approbatus,
1483 411 83 55 vt
1524 411 124 55 patet
1607 411 83 55 in
1648 411 152 55 prologo
1759 411 152 55 eiusdem
1869 411 138 55 libri,
1951 411 83 55 ergo

1210 442 122 70 Item,
1292 442 108 70 ista
1359 442 122 70 minot
1441 442 122 70 patet
1522 442 68 70 a
1549 442 162 70 Dionysio
1671 442 81 70 2.
1711 442 81 70 de
1752 442 95 70 di,
1806 442 95 70 no,
1860 442 95 70 vbi
1914 442 108 70 ait.
1982 442 81 70 P.

1168 491 98 56 ter
1224 491 98 56 est
1280 491 154 56 fontana
1392 491 154 56 deitas,
1504 491 140 56 filius
1602 491 140 56 autem,
1699 491 70 56 &
1727 491 168 56 spiritus
1853 491 154 56 sanctus
1951 491 70 56 pul

1161 521 210 69 lulationes
1326 521 165 69 diuinae
1447 521 180 69 naturae.
1582 521 105 69 Sed
1642 521 105 69 vna
1702 521 210 69 pullulatio
1868 521 105 69 non
1913 521 120 69 proce-

1170 559 105 73 lit
1230 559 90 73 ab
1275 559 135 73 alia,
1364 559 105 73 sed
1424 559 194 73 quaelibet
1574 559 194 73 immediate
1723 559 179 73 procedit
1858 559 90 73 ab
1887 559 135 73 arbore.

1165 599 138 53 ergo
1234 599 86 53 &c.

1189 626 102 81 Sed
1248 626 131 81 istis
1335 626 204 81 pestiferis
1495 626 262 81 persuasionibus
1714 626 131 81 nulla
1801 626 117 81 mens
1860 626 160 81 catholic-

1169 677 135 69 lebet
1259 677 209 69 assentire:
1423 677 120 69 quia
1498 677 90 69 ex
1543 677 149 69 sancto
1647 677 105 69 Dei
1707 677 194 69 euangelio
1857 677 120 69 iste
1916 677 105 69 error

1172 724 158 47 poterit
1287 724 144 47 aperte
1387 724 201 47 reprobari;
1545 724 129 47 nulla
1632 724 115 47 enim
1704 724 158 47 persona
1819 724 144 47 diuina
1919 724 129 47 acci

1161 763 97 52 pit
1217 763 153 52 aliquid
1328 763 84 52 ab
1370 763 125 52 alia,
1453 763 111 52 nisi
1523 763 167 52 procedat
1648 763 84 52 ab
1690 763 97 52 ea:
1746 763 97 52 sed
1801 763 139 52 filius
1899 763 125 52 dicit
1968 763 56 52 de

1155 798 157 65 spiritu
1269 798 157 65 sancto,
1383 798 114 65 ipse
1454 798 86 65 de
1497 798 100 65 meo
1554 798 185 65 accipiet,
1697 798 143 65 igitur
1797 798 100 65 &c.
1854 798 114 65 ltem
1925 798 86 65 in
1954 798 71 65 epi

1160 843 124 57 stolis
1246 843 199 57 apostolicis,
1408 843 99 57 ipse
1470 843 174 57 saepissime
1606 843 137 57 dicitur
1706 843 149 57 spiritus
1817 843 124 57 filii:
1904 843 87 57 vel
1942 843 74 57 igi-

1151 876 96 60 tur
1206 876 110 60 ipse
1275 876 96 60 est
1329 876 164 60 spiritus
1453 876 137 60 filiij
1548 876 205 60 formaliter,
1713 876 96 60 vel
1768 876 233 60 originaliter;
1946 876 68 60 Non

1159 907 214 61 formaliter:
1330 907 114 61 quia
1401 907 114 61 tunc
1473 907 157 61 filius,
1587 907 71 61 &
1615 907 171 61 spiritus
1744 907 157 61 sanctus
1858 907 100 61 non
1901 907 114 61 essent

1163 957 212 70 personaliter
1335 957 186 70 distincti,
1481 957 106 70 ergo
1547 957 106 70 ipse
1613 957 93 70 est
1666 957 159 70 spiritus
1786 957 119 70 filij
1852 957 159 70 originali-

1153 988 125 55 ter,
1232 988 78 55 &
1247 988 204 55 productiue-

1197 1008 92 85 Ad
1243 1008 154 85 Primum
1350 1008 154 85 igitur
1458 1008 200 85 dicendum,
1612 1008 123 85 quod
1689 1008 185 85 spiritus
1827 1008 169 85 sanctus
1935 1008 77 85 non

1165 1067 135 69 otest
1255 1067 210 69 concurrere
1420 1067 90 69 ad
1465 1067 135 69 verbi
1555 1067 255 69 productionem,
1766 1067 120 69 quia
1841 1067 150 69 illud,
1931 1067 90 69 quod

1156 1115 198 53 procedit
1305 1115 116 53 per
1371 1115 149 53 modum
1470 1115 182 53 amoris,
1602 1115 264 53 praesupponit
1817 1115 165 53 illud,
1916 1115 99 53 quod

1158 1149 180 49 procedit
1293 1149 105 49 per
1353 1149 135 49 modum
1444 1149 150 49 verbi,
1549 1149 75 49 &
1579 1149 241 49 cognitionis;
1774 1149 105 49 sed
1835 1149 135 49 talis
1910 1149 105 49 prae-

1148 1190 201 58 supposito
1302 1190 108 58 non
1364 1190 186 58 impedit,
1503 1190 124 58 quin
1581 1190 155 58 filius
1689 1190 155 58 possit
1797 1190 217 58 concurrere
1952 1190 62 58 ad

1154 1226 250 78 productionem
1358 1226 188 78 spiritus
1499 1226 172 78 sancti,
1624 1226 110 78 cum
1686 1226 156 78 verbum
1796 1226 110 78 non
1843 1226 172 78 praesuppo

1149 1267 146 46 nat
1233 1267 229 46 amorem,
1399 1267 146 46 sed
1462 1267 250 46 econuerso.

1193 1299 98 72 Ad
1242 1299 197 72 secundum
1389 1299 213 72 dicendum,
1554 1299 131 72 quod
1636 1299 131 72 vnum
1718 1299 180 72 simplex
1833 1299 180 72 productum

1154 1347 188 54 cequirit
1295 1347 125 54 vnum
1373 1347 172 54 simplex
1498 1347 219 54 producens,
1670 1347 109 54 vel
1733 1347 156 54 plura,
1826 1347 188 54 conuenien-

1144 1383 113 62 tia
1208 1383 145 62 tamen
1305 1383 97 62 in
1354 1383 113 62 vno
1418 1383 194 62 simplici
1563 1383 210 62 principio
1725 1383 242 62 pruductiuo,
1918 1383 81 62 &
1934 1383 81 62 sic

1161 1424 96 59 est
1216 1424 82 59 in
1257 1424 192 59 proposito:
1408 1424 110 59 quia
1476 1424 137 59 filius
1572 1424 96 59 cum
1627 1424 123 59 patre
1709 1424 96 59 est
1764 1424 110 59 vnum
1832 1424 151 59 simplex
1928 1424 82 59 prin

1149 1467 146 58 cipium
1252 1467 175 58 spiritus
1383 1467 161 58 sancti,
1500 1467 73 58 &
1530 1467 102 58 non
1588 1467 132 58 plura
1676 1467 205 58 principia,
1837 1467 132 58 prout
1910 1467 102 58 conue

1154 1502 137 52 niunt
1245 1502 91 52 in
1291 1502 106 52 vna
1351 1502 167 52 virtute
1473 1502 213 52 spiratiua,
1640 1502 76 52 &
1671 1502 91 52 in
1716 1502 106 52 vna
1777 1502 167 52 communi
1883 1502 122 52 notio-

1152 1543 100 62 ne,
1209 1543 114 62 siue
1280 1543 143 62 actiua
1380 1543 214 62 spiratione,
1552 1543 114 62 quae
1623 1543 100 62 est
1680 1543 100 62 vna
1738 1543 71 62 &
1766 1543 157 62 penitus
1866 1543 143 62 indiuisa

1146 1585 88 57 in
1190 1585 132 57 patre
1279 1585 74 57 &
1308 1585 132 57 filio
1396 1585 74 57 :
1426 1585 162 57 propter
1543 1585 118 57 quod
1617 1585 176 57 spiritus
1749 1585 162 57 sanctus
1867 1585 74 57 a
1896 1585 132 57 patre
1970 1585 44 57 &

1150 1611 135 78 filio
1240 1611 105 78 non
1300 1611 180 78 procedit
1435 1611 180 78 pluribus
1570 1611 285 78 productionibus,
1811 1611 105 78 sed
1871 1611 105 78 vna
1916 1611 90 78 tan-

1144 1655 137 50 tum,
1229 1655 137 50 ergo
1298 1655 85 50 &c.

1186 1677 77 84 Ad
1225 1677 142 84 tertium
1328 1677 155 84 dicedum,
1444 1677 103 84 quod
1509 1677 129 84 pater,
1599 1677 65 84 &
1625 1677 129 84 filius
1715 1677 155 84 respectu
1831 1677 155 84 spiritus
1935 1677 77 84 san-

1145 1732 129 70 cti,
1225 1732 113 70 non
1290 1732 145 70 habet
1387 1732 193 70 rationem
1532 1732 177 70 plurium
1661 1732 242 70 terminorum,
1854 1732 113 70 sed
1902 1732 113 70 unius

1158 1778 153 58 antum,
1265 1778 138 58 sicut
1357 1778 122 58 enim
1433 1778 122 58 tota
1510 1778 184 58 trinitas
1648 1778 184 58 terminat
1785 1778 138 58 omnem
1862 1778 153 58 relatio-

1155 1815 102 57 nem
1214 1815 204 57 creaturae,
1374 1815 102 57 sub
1432 1815 160 57 ratione
1549 1815 131 57 tamen
1636 1815 131 57 unius
1724 1815 175 57 termini,
1855 1815 87 57 eo
1898 1815 117 57 quod
1957 1815 58 57 in

1157 1857 171 57 ominibus
1285 1857 142 57 tribus
1384 1857 171 57 personis
1512 1857 100 57 sit
1569 1857 100 57 una
1626 1857 142 57 uirtus
1725 1857 185 57 creatiua,
1868 1857 100 57 sic
1910 1857 57 57 &c

1185 1885 95 69 Ad
1233 1885 174 69 quartum
1360 1885 206 69 dicendum,
1518 1885 127 69 quod
1598 1885 159 69 filius
1709 1885 127 69 Dei,
1788 1885 111 69 qui
1851 1885 143 69 semet
1931 1885 79 69 ip-

1142 1922 109 73 sum
1205 1922 218 73 exinaniuit
1376 1922 156 73 formam
1485 1922 140 73 serui
1579 1922 218 73 accipiens,
1751 1922 156 73 uolens
1860 1922 94 73 in
1891 1922 109 73 omni-

1150 1975 112 58 bus
1214 1975 289 58 profundissimam
1455 1975 241 58 humilitatem
1647 1975 128 58 suam
1727 1975 225 58 ostendere,
1904 1975 80 58 &
1920 1975 80 58 pa-

1152 2011 119 59 tris
1227 2011 253 59 sublimissimam
1435 2011 223 59 dignitatem,
1613 2011 104 59 non
1673 2011 149 59 dicit,
1777 2011 104 59 qui
1836 2011 74 59 a
1866 2011 89 59 me
1896 2011 104 59 proce

1146 2049 113 61 dit,
1217 2049 99 61 sed
1273 2049 99 61 qui
1330 2049 71 61 a
1358 2049 127 61 patre
1443 2049 184 61 procedit;
1585 2049 127 61 dixit
1669 2049 127 61 tamen
1754 2049 184 61 implicite
1882 2049 113 61 aequi-

1149 2089 172 63 ualentem
1278 2089 158 63 istius,
1392 2089 100 63 cum
1450 2089 115 63 ait.
1521 2089 115 63 Ipse
1593 2089 86 63 me
1636 2089 244 63 clarificabit:
1837 2089 115 63 quia
1909 2089 86 63 de
1937 2089 72 63 meo

1146 2130 202 69 accipiet.
1302 2130 140 69 nihil
1395 2130 124 69 enim
1472 2130 93 69 ab
1519 2130 124 69 ipso
1597 2130 217 69 acciperet,
1767 2130 93 69 si
1814 2130 93 69 ab
1860 2130 124 69 ipso
1922 2130 78 69 non

1136 2162 197 52 procederet

1183 2206 104 59 Ad
1235 2206 191 59 quintum
1373 2206 139 59 nego
1460 2206 208 59 minorem.
1616 2206 104 59 Ad
1668 2206 277 59 probationem,
1894 2206 121 59 cum
1946 2206 69 59 di

1156 2243 125 59 titur
1240 2243 84 59 de
1281 2243 139 59 sancto
1379 2243 139 59 Andrea
1477 2243 98 59 &c.
1532 2243 125 59 dico,
1616 2243 111 59 quod
1686 2243 98 59 per
1741 2243 125 59 talia
1825 2243 125 59 uerba
1908 2243 98 59 non
1950 2243 56 59 ex

1148 2286 167 48 cluditur
1273 2286 125 48 ratio
1356 2286 181 48 principij
1495 2286 167 48 respectu
1620 2286 167 48 spiritus
1745 2286 139 48 sancti
1842 2286 83 48 ab
1884 2286 111 48 ipso
1940 2286 69 48 fi-

1152 2326 107 58 io,
1213 2326 107 58 sed
1274 2326 153 58 tantum
1381 2326 122 58 modo
1457 2326 214 58 exprimitur
1625 2326 259 58 principalitas
1823 2326 183 58 auctorita-

1148 2359 107 63 tis,
1214 2359 107 63 quae
1281 2359 94 63 est
1335 2359 80 63 in
1375 2359 134 63 patre,
1468 2359 107 63 puta
1535 2359 120 63 datur
1615 2359 187 63 intelligi,
1762 2359 107 63 quod
1829 2359 160 63 uirtutem
1936 2359 67 63 pro

1158 2404 160 51 lucendi
1275 2404 174 51 spiritum
1405 2404 145 51 sanctu
1507 2404 145 51 filius
1609 2404 131 51 habet
1696 2404 73 51 a
1725 2404 145 51 patre,
1827 2404 73 51 &
1856 2404 102 51 non
1914 2404 73 51 a
1928 2404 73 51 se,

1160 2446 126 49 ater
1239 2446 141 49 autem
1333 2446 204 49 huiusmodi
1490 2446 188 49 uirtutem
1631 2446 141 49 habet
1725 2446 78 49 a
1757 2446 94 49 se
1788 2446 110 49 ipso.

1188 2473 93 66 Et
1234 2473 108 66 cum
1296 2473 186 66 additur,
1435 2473 124 66 quod
1512 2473 186 66 quiescit
1651 2473 93 66 in
1698 2473 155 66 aliquo
1806 2473 108 66 non
1852 2473 155 66 procedit

1150 2514 82 64 ab
1191 2514 96 64 eo,
1246 2514 109 64 illa
1314 2514 96 64 est
1369 2514 191 64 falsissima
1519 2514 82 64 in
1560 2514 164 64 diuinis:
1684 2514 109 64 quia
1752 2514 82 64 in
1793 2514 137 64 sancto
1875 2514 123 64 euange-

1153 2555 84 51 io
1195 2555 140 51 silius
1293 2555 154 51 dicitur
1405 2555 182 51 quieseero
1545 2555 84 51 in
1588 2555 112 51 sinu
1658 2555 154 51 patris,
1770 2555 70 51 &
1798 2555 126 51 tamen
1882 2555 98 51 per
1924 2555 70 51 ae-

1146 2601 148 51 ternam
1250 2601 237 51 generationem
1442 2601 178 51 procedit
1576 2601 74 51 a
1605 2601 148 51 patre.
1709 2601 89 51 In
1753 2601 163 51 diuinis
1872 2601 118 51 enim
1931 2601 74 51 li-

1152 2638 107 52 cet
1213 2638 168 52 persona
1335 2638 183 52 producta
1472 2638 183 52 procedat
1609 2638 76 52 a
1639 2638 213 52 producente
1807 2638 168 52 ratione
1914 2638 91 52 ori-

1144 2677 136 49 pinis
1235 2677 197 49 huiusmodi
1386 2677 151 49 psonas
1492 2677 242 49 personaliter
1688 2677 272 49 distinguentis,
1900 2677 106 49 quie-

1143 2717 120 63 scit
1218 2717 135 63 tamen
1308 2717 180 63 producta
1444 2717 90 63 in
1489 2717 211 63 producente
1654 2717 165 63 ratione
1774 2717 150 63 unius,
1880 2717 75 63 &
1895 2717 105 63 eius-

1136 2747 108 58 dem
1197 2747 170 58 penitus
1321 2747 201 58 indiuisae
1460 2747 139 58 naturae

1193 2790 80 46 d
1225 2790 159 46 dictum
1337 2790 128 46 Dam.
1416 2790 143 46 patet
1512 2790 112 46 per
1576 2790 112 46 iam
1623 2790 128 46 dicta.

1188 2815 104 75 Est
1248 2815 134 75 tamen
1337 2815 104 75 ibi
1397 2815 194 75 sciendum,
1546 2815 119 75 quod
1621 2815 134 75 sicut
1710 2815 149 75 dicunt
1815 2815 179 75 doctores
1934 2815 60 75 m-

1155 2872 92 40 ni
1201 2872 92 40 in
1247 2872 169 40 Oraecoa
1370 2872 154 40 lingua
1477 2872 123 40 haec
1554 2872 200 40 proposito
1708 2872 108 40 ex,
1769 2872 138 40 sonat
1862 2872 92 40 in
1892 2872 108 40 quan-

1145 2905 103 50 dam
1204 2905 295 50 principalitatem,
1455 2905 133 50 sicut
1544 2905 89 50 in
1588 2905 148 50 latino
1692 2905 118 50 haec
1766 2905 207 50 praeposito
1913 2905 89 50 apud

1158 2946 272 50 conuenientius
1382 2946 128 50 enim
1462 2946 160 50 latino
1574 2946 176 50 sermone
1703 2946 192 50 dicitur.
1847 2946 144 50 Miles
1927 2946 80 50 est

1137 2994 133 51 apud
1221 2994 166 51 regem,
1337 2994 133 51 quam
1420 2994 117 51 rex
1487 2994 117 51 est
1554 2994 133 51 apud
1637 2994 183 51 militem
1770 2994 100 51 Et
1820 2994 133 51 ideo
1886 2994 117 51 habe-

1146 3032 123 53 ntus
1223 3032 123 53 hanc
1299 3032 92 53 in
1346 3032 108 53 usu
1407 3032 169 53 nostro,
1530 3032 154 53 uerbum
1638 3032 108 53 est
1699 3032 123 53 apud
1776 3032 138 53 Deum,
1869 3032 108 53 uel
1915 3032 92 53 apud

1156 3070 176 54 atrem,
1280 3070 194 54 quamuis
1420 3070 123 54 eam
1491 3070 123 54 non
1561 3070 282 54 conuertamus,
1772 3070 229 54 insinuantes

1156 3113 102 60 er
1207 3113 119 60 hoc
1275 3113 271 60 auctoritatem
1495 3113 271 60 productiuam,
1715 3113 136 60 quam
1800 3113 152 60 pater
1884 3113 119 60 habet
