2351 3535
477 229 105 47 Ad
529 229 244 47 principale
721 229 244 47 argumentum
913 229 105 47 in
965 229 227 47 oppositum
1122 229 175 47 dicendum

444 269 118 51 quod
518 269 103 51 nec
577 269 132 51 pater
665 269 206 51 imperfecte
827 269 88 51 se
871 269 147 51 habet,
974 269 103 51 nec
1032 269 147 51 filius
1121 269 176 51 superfluit

428 316 93 44 in
474 316 201 44 spirando,
628 316 123 44 quia
705 316 108 44 cum
767 316 108 44 vna
829 316 108 44 sit
890 316 154 44 virtus
998 316 201 44 spiratiua
1153 316 108 44 sub
1199 316 108 44 eodem

447 356 166 53 espectu
568 356 91 53 ad
613 356 196 53 sprrandum
764 356 196 53 requisito
915 356 91 53 in
960 356 151 53 patre,
1066 356 75 53 &
1096 356 136 53 filio
1171 356 136 53 penitus

434 392 220 49 indistincto,
613 392 110 49 ergo
681 392 96 49 nec
736 392 124 49 pater
819 392 110 49 sine
887 392 137 49 filio,
983 392 96 49 nec
1038 392 137 49 filius
1134 392 110 49 sine
1189 392 110 49 patre,

434 432 193 57 spirabit
579 432 193 57 spiritum
723 432 193 57 sanctum,
868 432 113 57 cum
932 432 129 57 ambo
1013 432 129 57 sint
1093 432 129 57 vnum
1157 432 145 57 princi-

437 469 120 62 pium
512 469 181 62 spiritus
633 469 120 62 sancti

482 538 182 65 Secundae
618 538 213 65 particulae
785 538 228 65 principalis
968 538 137 65 huius
1059 538 228 65 distinctio¬

539 598 113 67 nis
603 598 113 67 non
668 598 178 67 obscura
797 598 242 67 subdiuusio,
991 598 81 67 m
1023 598 113 67 qua
1072 598 129 67 quiden

549 647 276 68 controuersia,
776 647 130 68 quae
857 647 195 68 versatur
1003 647 146 68 inter
1084 647 81 68 ora

570 689 134 74 cos,
654 689 84 74 &
688 689 185 74 Latinos
822 689 101 74 de
872 689 252 74 processione
1057 689 84 74 spi

647 745 140 70 ritus
741 745 171 70 sancti,
865 745 233 70 explicatur.

731 828 196 74 RAECI
862 828 196 74 TAMEN
992 828 152 74 &c.
1079 828 152 74 Hic
1145 828 152 74 magi-

729 885 133 58 ster
812 885 199 58 ostendit
961 885 232 58 discordiam
1127 885 166 58 Crecorum

742 921 72 60 a
770 921 174 60 doctrina
901 921 202 60 latinorum;
1060 921 87 60 et
1103 921 188 60 diuiditur
1233 921 58 60 in

734 961 131 63 duas:
822 961 116 63 quia
894 961 131 63 primo
981 961 174 63 ostendit
1112 961 87 63 in
1155 961 102 63 quo
1199 961 87 63 Orae

743 1003 87 54 ci
786 1003 174 54 praecise
917 1003 218 54 dissentiunt
1091 1003 189 54 alatinis,
1221 1003 58 54 Se

741 1042 145 55 cundo
838 1042 242 55 manifestat,
1031 1042 97 55 in
1079 1042 113 55 quo
1128 1042 161 55 doctores

739 1080 215 55 Craecorum
905 1080 232 55 conueniunt
1087 1080 116 55 cum
1137 1080 149 55 latinis

723 1118 190 62 Secunda
861 1118 138 62 ibi,
947 1118 207 62 Sciendum
1103 1118 121 62 est
1155 1118 121 62 tamen

415 1151 143 64 Prima
511 1151 95 64 in
558 1151 143 64 duas:
654 1151 127 64 quia
733 1151 143 64 primo
829 1151 143 64 ponit
924 1151 207 64 Oraecorum
1083 1151 159 64 contra
1179 1151 95 64 lati

421 1203 117 43 nos
488 1203 333 43 argumentationes,
771 1203 183 43 Secundo
904 1203 217 43 respondet
1071 1203 100 43 ad
1121 1203 150 43 eorum
1204 1203 67 43 ra

419 1238 148 57 tiones
523 1238 118 57 ibi,
596 1238 103 57 Nos
655 1238 133 57 autem
744 1238 118 57 illa
818 1238 148 57 verba.
921 1238 118 57 Tunc
995 1238 177 57 sequitur
1127 1238 118 57 illa
1186 1238 89 57 pars

419 1272 194 60 Sciendum
564 1272 113 60 est
629 1272 162 60 tamen,
742 1272 97 60 Et
790 1272 210 60 diuiditur
952 1272 97 60 in
1000 1272 145 60 duas;
1097 1272 129 60 quia
1162 1272 113 60 primo

415 1320 205 43 ostendit,
573 1320 95 43 in
620 1320 110 43 quo
683 1320 142 43 omnes
778 1320 158 43 craeci
889 1320 221 43 conueniunt
1062 1320 110 43 cum
1125 1320 189 43 latinis,

413 1349 180 54 Secundo
544 1349 98 54 in
593 1349 115 54 quo
658 1349 213 54 catholici
822 1349 213 54 oraecorum
985 1349 229 54 concordant
1165 1349 115 54 cum
1215 1349 65 54 la

416 1395 143 65 tinis,
516 1395 114 65 Vnde
587 1395 129 65 etiam
673 1395 143 65 quidam
773 1395 143 65 eorum.
873 1395 129 65 Circa
959 1395 129 65 istam
1044 1395 171 65 litteram
1159 1395 114 65 quaero

708 1468 321 72 Quaestio
922 1468 134 72 I1.

490 1567 98 83 An
539 1567 196 83 spiritus
686 1567 180 83 sanctus
817 1567 294 83 distingueretur
1062 1567 82 83 a
1079 1567 115 83 filio

601 1622 117 77 si
660 1622 137 77 non
738 1622 274 77 procederet
954 1622 117 77 ab
993 1622 78 77 eo

645 1955 153 68 TRVM
741 1955 230 68 SPIRITVS
913 1955 210 68 sanctus
1047 1955 210 68 distinguo

653 2003 127 51 retur
738 2003 71 51 a
766 2003 141 51 filio,
865 2003 85 51 si
907 2003 99 51 non
964 2003 198 51 procederet
1119 2003 85 51 ab
1161 2003 99 51 eo.
1204 2003 56 51 Et

648 2047 156 51 videtur
762 2047 114 51 quod
833 2047 114 51 sic:
904 2047 114 51 quia
975 2047 100 51 per
1032 2047 128 51 illud
1117 2047 100 51 res
1160 2047 100 51 perso

651 2084 156 48 naliter
764 2084 241 48 distinguitur,
963 2084 99 48 per
1019 2084 113 48 quod
1090 2084 85 48 in
1133 2084 113 48 esse
1189 2084 71 48 per

649 2119 140 57 sonali
747 2119 237 57 constituitur:
942 2119 98 57 sed
998 2119 195 57 filiatione
1137 2119 126 57 persona

642 2159 131 44 filij
730 2159 247 44 constituitur,
933 2159 116 44 ergo
1006 2159 131 44 dato,
1093 2159 116 44 quod
1151 2159 102 44 filiu

632 2201 180 51 quantum
763 2201 98 51 ad
812 2201 262 51 productionem
1025 2201 197 51 spiritus
1156 2201 98 51 san-

395 2234 110 53 cti
458 2234 110 53 non
521 2234 172 53 haberet
646 2234 235 53 spirationem
834 2234 172 53 actiuam
959 2234 204 53 oppositam
1100 2234 157 53 spiratio

391 2276 86 48 ni
434 2276 186 48 passiuae,
576 2276 129 48 adhuc
662 2276 100 48 per
719 2276 129 48 solam
805 2276 214 48 filiationem
976 2276 186 48 differret
1119 2276 71 48 a
1133 2276 129 48 spiritu

384 2320 159 45 sancto.
499 2320 130 45 Maior
586 2320 145 45 patet,
688 2320 116 45 quia
760 2320 101 45 per
818 2320 116 45 idem
891 2320 101 45 res
949 2320 130 45 habet
1036 2320 130 45 esse,
1123 2320 72 45 &
1137 2320 116 45 distin

399 2358 123 58 ctum
476 2358 139 58 esse:
568 2358 139 58 etiam
661 2358 139 58 minor
754 2358 108 58 est
815 2358 139 58 nota:
908 2358 123 58 quia
985 2358 201 58 generatio
1124 2358 139 58 passiua

396 2396 87 49 vt
440 2396 131 49 omnes
527 2396 160 49 dicunt,
644 2396 102 49 est
702 2396 204 49 personalis
862 2396 131 49 filij
935 2396 189 49 proprietas.

431 2430 155 49 Contra
539 2430 139 49 omnia
632 2430 93 49 in
678 2430 170 49 diuinis
802 2430 124 49 sunt
879 2430 139 49 idem,
972 2430 108 49 vbi
1034 2430 108 49 non
1095 2430 155 49 obuiat
1188 2430 62 49 re

390 2464 175 56 lationis
522 2464 190 56 opposito,
668 2464 88 56 vt
712 2464 132 56 dicit
800 2464 132 56 Ansel
887 2464 88 56 in
931 2464 88 56 de
975 2464 219 56 processione
1136 2464 117 56 spiri-

387 2520 93 47 tus
440 2520 146 47 sancti:
546 2520 93 47 sed
599 2520 79 47 si
638 2520 159 47 spiritus
757 2520 146 47 sanctus
863 2520 93 47 non
916 2520 185 47 procederet
1062 2520 66 47 a
1088 2520 132 47 filio,
1168 2520 79 47 tuno

380 2552 131 53 inter
468 2552 160 53 filium,
585 2552 73 53 &
614 2552 175 53 spiritum
745 2552 160 53 sanctum
862 2552 131 53 nulla
949 2552 131 53 esset
1037 2552 204 53 relationis
1183 2552 58 53 ol

384 2591 168 44 posito,
506 2591 122 44 ergo
582 2591 107 44 &c.
644 2591 107 44 Hic
705 2591 138 44 primo
797 2591 107 44 est
858 2591 199 44 videndum,
1011 2591 138 44 vtrum
1102 2591 122 44 haec
1164 2591 76 44 qui

386 2627 122 56 stio
462 2627 106 56 sit
523 2627 258 56 rationabilis,
735 2627 167 56 Secundo
857 2627 137 56 dato,
948 2627 122 56 quod
1024 2627 122 56 sic,
1100 2627 152 56 tenebo
1191 2627 61 56 de

387 2667 114 55 hac
452 2667 228 55 quaestione
631 2667 163 55 partem
744 2667 228 55 negatiuam,
923 2667 81 55 &
956 2667 179 55 probabo
1086 2667 114 55 eam
1134 2667 114 55 ratio

383 2712 152 52 nibus
484 2712 219 52 aliquorum
653 2712 270 52 reuerendorum
873 2712 219 52 doctorum.
1041 2712 169 52 Tertio
1143 2712 101 52 addu

428 2755 111 52 cam
491 2755 174 52 aliquas
618 2755 221 52 instantias
791 2755 158 52 contra
902 2755 205 52 huiusmodi
1044 2755 158 52 rationes

521 2778 88 70 &
557 2778 176 70 tollam
680 2778 141 70 eas.
768 2778 176 70 Quarto
892 2778 159 70 ponam
980 2778 123 70 moti-

636 2827 88 53 ua
680 2827 191 53 oppositae
828 2827 206 53 opinionis,

692 2860 92 64 &
710 2860 221 64 respondebo

759 2903 102 53 ad
793 2903 85 53 ca.

1484 278 519 76 RESOLVTI
1830 278 173 76 O.

1333 352 222 70 Rationabilit
1514 352 83 70 er
1556 352 222 70 detevminatur
1736 352 83 70 in
1778 352 97 70 hoc
1834 352 139 70 quidem
1931 352 181 70 quaesito,
2056 352 139 70 spiritum

1370 417 139 45 sanctum
1472 417 63 45 a
1497 417 114 45 filio
1573 417 152 45 vealiter
1687 417 89 45 non
1737 417 152 45 secerni,
1851 417 101 45 nisi
1915 417 76 45 ab
1953 417 76 45 eo
1991 417 190 45 procederet:
2130 417 63 45 tum

1373 458 106 44 quia
1439 458 93 44 non
1492 458 146 44 haberet
1598 458 172 44 oppositam
1730 458 199 44 velationem,
1889 458 106 44 quae
1955 458 185 44 innascitur
2101 458 79 44 ex
2127 458 53 44 al

1363 493 99 48 qua
1420 493 185 48 originali
1562 493 213 48 emanatione,
1732 493 99 48 per
1789 493 114 48 quam
1860 493 128 48 omnis
1945 493 85 48 in
1987 493 156 48 diuinis
2087 493 99 48 habet

1363 532 103 43 esse
1427 532 180 43 distinctio
1569 532 180 43 vealir:tum
1710 532 103 43 quia
1775 532 90 43 per
1826 532 180 43 relationes
1967 532 180 43 disperatas
2096 532 90 43 dire-

1361 570 90 67 cte
1413 570 90 67 non
1464 570 142 67 habetur
1567 570 180 67 diftinctio
1709 570 142 67 vealis.

1455 689 585 77 ARTICVLVS
1860 689 180 77 I.

1316 795 155 53 Vtrum
1419 795 121 53 Hec
1488 795 207 53 questio,
1643 795 241 53 videlicet,
1833 795 103 53 An
1884 795 207 53 spiritus
2022 795 155 53 sanctu-

1373 835 280 58 distingueretur
1607 835 78 58 a
1638 835 156 58 filio,
1747 835 93 58 si
1793 835 109 58 non
1856 835 218 58 procederet
2027 835 93 58 ab
2058 835 62 58 eo

1559 886 110 75 sit
1622 886 237 75 rationabdis
1796 886 142 75 posita.

1327 990 191 43 DRIMVM
1460 990 191 43 TSTIVS
1594 990 305 43 ordinationis
1842 990 248 43 articulum
2013 990 172 43 praemit

1338 1027 96 45 to
1386 1027 176 45 propter
1514 1027 176 45 aliquos
1642 1027 208 45 doctores,
1803 1027 112 45 qui
1867 1027 176 45 dicunt,
1995 1027 128 45 quod
2059 1027 112 45 illud

1322 1070 116 41 quod
1394 1070 102 41 hic
1452 1070 102 41 pro
1510 1070 203 41 quaestione
1670 1070 218 41 proponitur,
1844 1070 102 41 non
1902 1070 102 41 est
1960 1070 189 41 quaestio:
2090 1070 87 41 quia

1327 1110 173 42 quaestio
1456 1110 101 42 est
1514 1110 216 42 dubitabilis
1687 1110 202 42 proposito:
1845 1110 101 42 sed
1903 1110 130 42 illud
1990 1110 101 42 non
2047 1110 101 42 est
2091 1110 86 42 dubi

1319 1148 164 42 tabile,
1439 1148 105 42 nec
1498 1148 239 42 inquisitione
1692 1148 164 42 dignum,
1812 1148 90 42 ad
1857 1148 119 42 quod
1931 1148 164 42 necesse
2051 1148 105 42 est
2095 1148 75 42 im-

1330 1187 189 38 ossibilia
1476 1187 145 38 sequi:
1577 1187 131 38 illud
1665 1187 131 38 autem
1752 1187 102 38 est
1810 1187 203 38 huiusmodi:
1970 1187 116 38 quia
2042 1187 102 38 hic
2086 1187 87 38 vnum

1316 1224 227 56 impossibile
1498 1224 288 56 praesupponitur,
1740 1224 91 56 ad
1786 1224 121 56 quod
1862 1224 136 56 multa
1953 1224 121 56 alia
2013 1224 152 56 impossib

1313 1258 117 55 lia,
1387 1258 73 55 &
1416 1258 264 55 contradictoria
1622 1258 205 55 sequerentur.

1343 1304 82 48 1
1375 1304 115 48 Sed
1441 1304 148 48 istud
1540 1304 115 48 non
1605 1304 164 48 valet:
1720 1304 131 48 quia
1803 1304 214 48 supposito
1967 1304 181 48 quamuis
2082 1304 82 48 cum

1325 1343 97 44 uo
1373 1343 274 44 impossibilis,
1599 1343 225 44 relinquens
1776 1343 145 44 tamen
1872 1343 193 44 formalem
2001 1343 161 44 tationem

1309 1384 178 48 iubiecti,
1446 1384 96 48 sic
1501 1384 82 48 se
1542 1384 137 48 habet,
1638 1384 110 48 quod
1707 1384 164 48 quaestio
1830 1384 151 48 formari
1940 1384 137 48 potest
2036 1384 123 48 circa
2104 1384 55 48 is

1305 1414 119 53 sam:
1380 1414 105 53 sed
1439 1414 119 53 ista
1514 1414 194 53 supposito
1663 1414 105 53 est
1723 1414 209 53 huiusmodi,
1887 1414 119 53 ergo
1962 1414 105 53 &c.
2022 1414 134 53 Maior
2096 1414 75 53 pa-

1303 1461 122 40 tet,
1379 1461 122 40 quia
1455 1461 213 40 supposito,
1622 1461 122 40 quod
1698 1461 122 40 homo
1774 1461 106 40 non
1835 1461 106 40 sit
1895 1461 213 40 risibilis,
2047 1461 122 40 manens

1302 1500 137 42 tamen
1393 1500 229 42 rationalis,
1576 1500 137 42 adhuc
1668 1500 153 42 multae
1775 1500 229 42 quaestiones
1958 1500 168 42 possent
2064 1500 107 42 fieri

1300 1532 94 45 de
1347 1532 172 45 homine,
1472 1532 125 45 puta
1551 1532 141 45 vtrum
1645 1532 110 45 sit
1707 1532 172 45 animal,
1832 1532 78 45 &
1864 1532 141 45 vtrum
1958 1532 141 45 adhuc
2036 1532 125 45 diffe-

1303 1577 99 54 rat
1359 1577 85 54 ab
1402 1577 127 54 equo:
1487 1577 71 54 &
1515 1577 99 54 sic
1571 1577 85 54 de
1614 1577 141 54 aliis.
1713 1577 127 54 Minor
1798 1577 127 54 etiam
1882 1577 141 54 patet:
1981 1577 113 54 quia
2038 1577 127 54 supposi

1306 1618 103 43 to,
1365 1618 118 43 quod
1439 1618 177 43 spiritus
1571 1618 162 43 sanctus
1689 1618 103 43 non
1748 1618 206 43 procederet
1910 1618 74 43 a
1939 1618 147 43 filio,
2042 1618 103 43 hoc
2086 1618 74 43 non

1296 1652 164 57 videtur
1415 1652 164 57 tollere
1534 1652 179 57 rationem
1669 1652 179 57 spiritus
1803 1652 164 57 sancti,
1922 1652 104 57 cum
1981 1652 179 57 spiritus
2101 1652 74 57 san

1299 1692 127 60 ctus
1378 1692 190 60 perfecte
1521 1692 190 60 procedat
1664 1692 79 60 a
1695 1692 159 60 patre,
1806 1692 127 60 dato
1886 1692 127 60 quod
1965 1692 143 60 pater
2044 1692 127 60 habeat

1296 1732 105 52 vim
1356 1732 224 52 spiratiuam.

1340 1771 70 54 2
1368 1771 195 54 Praeterea,
1521 1771 111 54 illa
1591 1771 167 54 quaestio
1716 1771 97 54 est
1771 1771 250 54 rationabiliter
1966 1771 195 54 disputabilis

1290 1809 78 59 &
1322 1809 249 59 dubitabilis,
1524 1809 125 59 quae
1602 1809 187 59 formatur
1742 1809 93 59 de
1789 1809 249 59 propositione
1976 1809 187 59 hypotheti-

1290 1853 103 46 ea,
1349 1853 132 46 cuius
1437 1853 220 46 Cathegorica
1613 1853 103 46 est
1671 1853 220 46 dubitabilis
1847 1853 191 46 materiae,
1994 1853 88 46 si
2038 1853 103 46 est
2082 1853 73 46 Ca-

1300 1887 198 60 thegorica
1452 1887 244 60 aequipollens
1651 1887 198 60 huiusmodi
1803 1887 259 60 hypotheticae:
2017 1887 107 60 sed
2062 1887 92 60 pre-

1305 1926 141 61 dicta
1399 1926 203 61 proposito
1556 1926 94 61 in
1603 1926 219 61 quaestione
1775 1926 156 61 posita
1884 1926 110 61 est
1947 1926 141 61 hmoi,
2041 1926 125 61 ergo
2103 1926 63 61 &c

1299 1970 135 49 Maior
1389 1970 151 49 patet.
1495 1970 120 49 quia
1570 1970 120 49 ista
1645 1970 196 49 proposito
1796 1970 105 49 est
1856 1970 256 49 disputabilis,
2052 1970 105 49 vtrum

1290 2014 157 40 asinus
1400 2014 157 40 posset
1511 2014 173 40 volare:
1637 2014 94 40 si
1684 2014 173 40 haberet
1810 2014 173 40 pennas:
1936 2014 126 40 quia
2014 2014 126 40 ista
2077 2014 79 40 Ca-

1300 2043 199 60 thegorica
1453 2043 107 60 est
1514 2043 245 60 dubitabilis,
1713 2043 138 60 vtrum
1805 2043 122 60 omne
1881 2043 138 60 habes
1973 2043 168 60 pennas,
2080 2043 77 60 vel

1290 2089 116 50 alas
1363 2089 145 50 possit
1465 2089 160 50 volare,
1581 2089 160 50 propter
1697 2089 160 50 aliqua,
1813 2089 116 50 quae
1886 2089 160 50 videmus
2002 2089 116 50 esse
2060 2089 87 50 pen-

1291 2127 139 47 nata,
1383 2127 77 47 &
1414 2127 139 47 tamen
1507 2127 139 47 raro,
1600 2127 108 47 vel
1661 2127 170 47 numquam
1785 2127 124 47 ipsa
1862 2127 155 47 volare
1971 2127 185 47 videmus,
2094 2127 62 47 vt

1296 2168 138 54 pater
1388 2168 92 54 de
1434 2168 230 54 Structione,
1618 2168 77 54 &
1648 2168 153 54 multis
1755 2168 153 54 aliis.
1863 2168 169 54 Minorem
1985 2168 153 54 probo.
2077 2168 77 54 Nam

1292 2207 115 54 illa
1364 2207 216 54 Cathegorica
1537 2207 101 54 est
1594 2207 231 54 dubitabilis,
1781 2207 130 54 vtrum
1868 2207 144 54 filius
1954 2207 202 54 distinguatur

1289 2242 74 51 a
1319 2242 163 51 spiritu
1438 2242 149 51 sancto
1542 2242 223 51 generatione
1720 2242 178 51 passiua,
1854 2242 104 51 vel
1913 2242 119 51 sola
1973 2242 178 51 spiratione

1285 2287 168 50 actiua,
1407 2287 76 50 &
1437 2287 92 50 ex
1483 2287 107 50 hoc
1544 2287 214 50 supradicta
1712 2287 229 50 hypothetica
1895 2287 183 50 redditur
2018 2287 137 50 dubita-

1295 2320 135 61 bilis:
1389 2320 108 61 quia
1456 2320 81 61 si
1497 2320 216 61 distinguitur
1672 2320 135 61 filius
1766 2320 67 61 a
1793 2320 148 61 spiritu
1901 2320 135 61 sancto
1982 2320 162 61 generatio-

1284 2361 89 51 ne
1329 2361 179 51 passiua,
1463 2361 119 51 tunc
1537 2361 134 51 dato,
1626 2361 119 51 quod
1701 2361 179 51 spiritus
1835 2361 164 51 sanctus
1954 2361 104 51 non
1998 2361 149 51 procede-

1295 2397 98 58 ret
1351 2397 70 58 a
1379 2397 141 58 filio,
1478 2397 126 58 adhuc
1562 2397 253 58 distingueretur
1773 2397 84 58 ab
1815 2397 98 58 eo.
1871 2397 84 58 Si
1913 2397 126 58 autem
1997 2397 141 58 filius
2082 2397 70 58 di-

1290 2436 205 54 stinguitur
1451 2436 73 54 a
1480 2436 161 54 spiritu
1597 2436 146 54 sancto
1700 2436 102 54 per
1758 2436 132 54 solam
1846 2436 219 54 spirationem
2007 2436 146 54 actiuam,

1281 2474 123 52 tunc
1357 2474 92 52 si
1404 2474 108 52 non
1465 2474 215 52 procederet
1634 2474 92 52 ab
1680 2474 108 52 eo,
1742 2474 108 52 non
1803 2474 277 52 distingueretur
2033 2474 92 52 ab
2064 2474 77 52 eo.

1308 2523 75 56 3
1338 2523 211 56 Praeterea,
1504 2523 90 56 ex
1549 2523 196 56 similibus
1699 2523 166 56 similia
1820 2523 211 56 iudicamus,
1985 2523 105 56 sed
2031 2523 120 56 sancti

1296 2564 137 45 atres
1387 2564 168 45 saepius
1509 2564 213 45 consimiles
1677 2564 244 45 propositones
1875 2564 229 45 supradictae
2042 2564 107 45 propo

1287 2593 168 64 sitioni
1409 2593 245 64 formauerunt,
1608 2593 77 64 &
1639 2593 92 64 de
1685 2593 138 64 ipsis
1777 2593 138 64 multo
1868 2593 168 64 sermone
1976 2593 168 64 disputauc

1279 2640 129 50 runt,
1365 2640 129 50 sicut
1451 2640 129 50 patet
1537 2640 100 50 per
1594 2640 158 50 August.
1709 2640 100 50 qui
1767 2640 100 50 15.
1824 2640 86 50 de
1867 2640 115 50 tri.
1939 2640 129 50 ponit
2025 2640 115 50 hanc
2082 2640 72 50 pro

1286 2677 202 58 positonem,
1444 2677 87 58 si
1488 2677 173 58 spiritus
1617 2677 159 58 sanctus
1733 2677 188 58 diceretur
1877 2677 159 58 filius,
1992 2677 159 58 amborum
2093 2677 58 58 v-

1285 2711 126 54 tique
1369 2711 140 54 filius
1453 2711 169 54 diceretur.

1353 2755 119 58 Item
1427 2755 148 58 Ansel.
1531 2755 89 58 de
1576 2755 222 58 processione
1754 2755 178 58 spiritus
1887 2755 148 58 sancti
1991 2755 119 58 ait.
2050 2755 104 58 Nihil

1276 2793 199 49 diffinitur
1432 2793 199 49 contrarium
1589 2793 171 49 naturae,
1717 2793 85 49 si
1759 2793 185 49 plenitudo
1901 2793 199 49 sapientiae
2043 2793 100 49 dici-

1279 2832 102 59 tur
1338 2832 131 59 posse
1425 2832 203 59 subsistere
1584 2832 87 59 in
1628 2832 247 59 singularitate
1831 2832 189 59 personae:
1976 2832 102 59 nam
2020 2832 116 59 quanti

1275 2870 177 61 videtur,
1408 2870 89 61 si
1453 2870 118 61 sola
1526 2870 103 61 vna
1586 2870 163 61 persona
1704 2870 89 61 in
1748 2870 163 61 deitate
1866 2870 148 61 esset,
1955 2870 192 61 nihilominus

1285 2913 246 54 plenitudinem
1485 2913 216 54 sapientiae
1654 2913 154 54 habere
1762 2913 216 54 potuisset.
1931 2913 108 54 Cum
1993 2913 154 54 igitur
2085 2913 62 54 in

1279 2958 195 47 quolibet
1425 2958 244 47 antecedente
1620 2958 179 47 illarum
1751 2958 260 47 propositonum
1946 2958 195 47 implicetur

1267 2982 239 64 simpliciter
1459 2982 255 64 impossibile:
1666 2982 128 64 quia
1746 2982 128 64 eius
1826 2982 208 64 oppositum
1985 2982 112 64 est
2033 2982 112 64 summe

1278 3033 236 47 necessarium,
1470 3033 147 47 miror,
1573 3033 133 47 quare
1661 3033 118 47 isti
1735 3033 177 47 doctores
1867 3033 147 47 tantam
1956 3033 191 47 difficulta-

1279 3068 104 66 tem
1339 3068 164 66 faciunt
1458 3068 89 66 de
1503 3068 149 66 titulo
1607 3068 149 66 illius
1696 3068 194 66 quaestionis
