2429 3533
186 246 123 93 sunt
263 246 216 93 huiusmodi;
432 246 123 93 Quod
509 246 123 93 enim
586 246 123 93 sint
663 246 216 93 distinetae
833 246 231 93 relationes,
1002 246 62 93 pa

199 323 122 42 tet:
275 323 122 42 quia
352 323 107 42 vna
413 323 214 42 formaliter
581 323 107 42 non
642 323 199 42 concludit
795 323 153 42 aliam.
902 323 122 42 Sunt
963 323 107 42 etiam

197 352 163 47 reales:
316 352 119 47 quia
390 352 252 47 constitutiuae
598 352 119 47 sunt
672 352 163 47 realium
791 352 223 47 personarum,
954 352 119 47 scili-

206 402 109 40 cet
269 402 140 40 filij
362 402 78 40 &
393 402 186 40 spinitus
533 402 171 40 sancti.
657 402 124 40 Quod
734 402 124 40 sint
797 402 279 40 incommunicabiles

197 443 161 44 patet:
309 443 128 44 quia
390 443 145 44 omnis
486 443 225 44 personalis
663 443 225 44 proprietas
839 443 112 44 est
887 443 177 44 incommuni

202 477 171 52 cabilis,
330 477 100 52 sed
387 477 128 52 ipsae
473 477 128 52 sunt,
558 477 228 52 proprietates
744 477 214 52 personales.
915 477 114 52 Sunt
972 477 100 52 etian

209 515 93 44 in
255 515 139 44 eodem
347 515 201 44 supposito
502 515 309 44 incompossibiles:
764 515 123 44 quia
841 515 232 44 impossibile
1011 515 62 44 es

210 549 130 59 idem
291 549 228 59 suppositum
470 549 195 59 prodtici
616 549 163 59 duabus
730 549 293 59 productionibus
958 549 130 59 simpli

217 590 140 56 citer,
315 590 70 56 &
343 590 126 56 aeque
414 590 168 56 perfectis.

223 623 90 50 10
268 623 211 50 Praeterea,
434 623 120 50 illa
509 623 105 50 (vt
569 623 166 50 dicunt)
690 623 105 50 est
750 623 181 50 intentio
885 623 151 50 Anseli
991 623 90 50 in
1021 623 60 50 do

220 663 213 57 processione
390 663 171 57 spiritus
518 663 156 57 sancti,
632 663 100 57 vbi
689 663 100 57 sic
746 663 114 57 ait.
817 663 142 57 Habent
916 663 142 57 vtique
1002 663 85 57 esse

210 700 73 57 a
240 700 132 57 patre
328 700 73 57 &
357 700 161 57 filius,
475 700 73 57 &
504 700 176 57 spiritus
636 700 176 57 sanctus,
768 700 132 57 alter
856 700 191 57 nascendo,
1003 700 73 57 &
1018 700 73 57 al-

215 737 103 54 ter
274 737 221 54 procedendo,
451 737 88 54 vt
495 737 118 54 alij
569 737 118 54 sint
642 737 103 54 per
701 737 103 54 hoc
760 737 88 54 ab
804 737 177 54 inuicem.
937 737 88 54 Et
966 737 118 54 subdit

224 781 110 49 Nam
287 781 94 49 fi
334 781 110 49 per
397 781 141 49 aliud
491 781 110 49 non
553 781 157 49 essent
663 781 188 49 diuersi,
804 781 110 49 per
867 781 110 49 hoc
929 781 141 49 solum
1008 781 78 49 es-

220 821 119 60 sent
280 821 149 60 diuersi.

259 859 116 63 Sed
326 859 132 63 illa
408 859 116 63 non
458 859 198 63 concludunt

244 892 84 63 1
278 892 135 63 Quia
362 892 152 63 omnis
464 892 355 63 incompossibilitas
768 892 84 63 &
802 892 253 63 repugnantia
988 892 101 63 ali-

218 942 176 47 quorum,
346 942 176 47 oportet
474 942 128 47 quod
554 942 224 47 innascatur
730 942 96 47 ex
778 942 160 47 aliqua
874 942 208 47 oppositione

228 977 113 45 sed
292 977 338 45 incompossibilitas
582 977 209 45 diuinarum
742 977 225 45 personarum
919 977 113 45 non
967 977 113 45 potes

217 1022 163 49 innasci
336 1022 89 49 ex
380 1022 207 49 oppositone
543 1022 207 49 contraria,
705 1022 104 49 aut
765 1022 207 49 priuatiua:
927 1022 118 49 quia
986 1022 104 49 tales

229 1054 103 48 non
288 1054 118 48 sunt
362 1054 88 48 in
406 1054 176 48 diuinis,
538 1054 103 48 nec
597 1054 88 48 ad
641 1054 103 48 hoc
700 1054 176 48 sufficit
832 1054 176 48 opposito
950 1054 132 48 affirma

233 1098 157 49 tionis,
347 1098 72 49 &
376 1098 215 49 negationis:
547 1098 114 49 quia
619 1098 114 49 pura
690 1098 157 49 negatio
805 1098 100 49 non
862 1098 143 49 potest
948 1098 143 49 supposi-

231 1132 103 51 tum
290 1132 236 51 constituere.
482 1132 133 51 Etiam
571 1132 177 51 opposito
704 1132 118 51 illa
778 1132 148 51 potest
881 1132 118 51 esse
955 1132 133 51 inter
1029 1132 59 51 ea

228 1174 117 56 quae
302 1174 117 56 sola
375 1174 161 56 ratione
492 1174 205 56 differunt;
653 1174 176 56 personae
785 1174 132 56 autem
873 1174 161 56 diuinae
975 1174 103 56 reali

232 1218 98 44 ter
288 1218 196 44 differunt,
442 1218 112 44 ergo
513 1218 112 44 sola
583 1218 168 44 relatiua
709 1218 168 44 opposito
835 1218 140 44 faciet
920 1218 168 44 distinctio

220 1247 119 58 nem
288 1247 221 58 diuinarum
458 1247 255 58 personarum,
662 1247 85 58 &
695 1247 119 58 per
763 1247 238 58 consequens
933 1247 153 58 vbicum-

229 1289 154 56 queilla
341 1289 154 56 deficit
453 1289 84 56 in
495 1289 168 56 diuinis,
621 1289 98 56 ibi
676 1289 196 56 necessario
830 1289 154 56 deficit
928 1289 154 56 personali

239 1330 209 46 listnctio.
403 1330 90 46 Et
448 1330 120 46 haec
523 1330 105 46 est
583 1330 179 46 intentio
717 1330 149 46 Ansel.
822 1330 90 46 in
867 1330 90 46 de
897 1330 194 46 processione

227 1364 169 61 spritus
349 1364 169 61 sancti,
472 1364 107 61 vbi
533 1364 123 61 ait.
610 1364 138 61 Omnia
702 1364 92 61 in
748 1364 169 61 diuinis
870 1364 123 61 sunt
947 1364 138 61 idem,
1024 1364 61 61 vb

236 1412 107 51 noi
297 1412 153 51 obuiat
404 1412 214 51 relationis
572 1412 199 51 opposito.

255 1442 67 55 2
281 1442 188 55 Praeterea,
429 1442 80 55 si
469 1442 80 55 in
509 1442 147 55 diuinis
616 1442 134 55 essent
710 1442 147 55 aliquae
817 1442 107 55 duae
884 1442 188 55 distinctae
1018 1442 67 55 po-

227 1488 147 53 soiae,
330 1488 147 53 quarum
433 1488 103 53 vna
492 1488 103 53 non
550 1488 132 53 esset
639 1488 88 53 ab
683 1488 132 53 alia,
771 1488 118 53 tunc
844 1488 88 53 in
888 1488 162 53 diuinis
991 1488 103 53 esset

240 1524 147 52 alqiua
343 1524 236 52 inordinatio,
535 1524 118 52 siue
609 1524 162 52 ordinis
727 1524 192 52 defectio:
874 1524 206 52 consequens
1021 1524 74 52 est

229 1571 237 43 inpessibile;
422 1571 118 43 ergo
496 1571 74 43 &
525 1571 222 43 antecedens,
703 1571 178 43 falsitas
836 1571 237 43 consequentis
1014 1571 74 43 pa-

240 1604 112 46 te,
304 1604 80 46 &
336 1604 128 46 apud
417 1604 257 46 philosophos,
625 1604 80 46 &
657 1604 128 46 apud
738 1604 225 46 theologos,
914 1604 145 46 probo
995 1604 96 46 con-

225 1643 252 55 sqiuentiam:
427 1643 134 55 quia
511 1643 151 55 omnis
612 1643 151 55 ordo,
712 1643 134 55 quem
796 1643 118 55 nos
864 1643 202 55 possumus
998 1643 84 55 ima

231 1681 137 61 gnari
322 1681 213 61 possibilem
489 1681 91 61 in
535 1681 182 61 diuinis,
672 1681 106 61 vel
732 1681 122 61 erit
808 1681 122 61 ordo
869 1681 213 61 perfectionis

232 1718 178 47 eelordo
361 1718 194 47 onginis.
506 1718 113 47 Sed
571 1718 162 47 primus
684 1718 113 47 ibi
749 1718 129 47 dari
830 1718 113 47 non
894 1718 178 47 potest,
1007 1718 81 47 cum

244 1755 111 61 mnes
314 1755 111 61 tres
383 1755 167 61 personae
508 1755 111 61 sint
578 1755 125 61 aeque
661 1755 195 61 perfectae:
814 1755 111 61 ergo
884 1755 83 61 si
925 1755 97 61 est
981 1755 97 61 ibi
1023 1755 70 61 or-

238 1796 97 52 so,
294 1796 152 52 oportet
404 1796 111 52 quod
474 1796 97 52 sit
529 1796 111 52 ordo
598 1796 180 52 originis,
737 1796 97 52 qui
792 1796 97 52 est
848 1796 125 52 huius
931 1796 83 52 ab
972 1796 111 52 hoc,
1028 1796 55 52 ve

237 1838 105 50 loc
297 1838 120 50 esse
372 1838 90 50 ab
417 1838 120 50 hoc,
492 1838 75 50 &
522 1838 120 50 haec
597 1838 105 50 est
657 1838 150 50 August
762 1838 180 50 intentio
897 1838 150 50 contra
987 1838 105 50 Maxi-

244 1878 145 58 ninum,
346 1878 102 58 vbi
404 1878 116 58 ait,
477 1878 116 58 quod
550 1878 116 58 ordo
623 1878 175 58 originis
753 1878 131 58 solum
841 1878 102 58 est
899 1878 131 58 inter
972 1878 116 58 perso-

234 1915 119 61 tas,
308 1915 148 61 quarum
412 1915 104 61 vna
472 1915 104 61 est
531 1915 89 61 ex
575 1915 163 61 altera,
694 1915 104 61 non
753 1915 134 61 tamen
842 1915 134 61 prior
917 1915 134 61 altera.

316 1947 200 65 Praeterea,
473 1947 72 65 &
502 1947 143 65 Ansel.
602 1947 86 65 in
645 1947 86 65 de
688 1947 215 65 processione
859 1947 172 65 spiritus
974 1947 114 65 sancti

242 1996 105 53 ai.
302 1996 209 53 Supradicta
466 1996 209 53 relationis
631 1996 194 53 opposito,
780 1996 120 53 quae
855 1996 90 53 ex
900 1996 105 53 hoc
945 1996 149 53 inmasci-

236 2035 107 49 tu,
297 2035 122 49 quod
373 2035 122 49 Deus
449 2035 107 49 est
510 2035 91 49 de
555 2035 122 49 Deo,
631 2035 183 49 prohibet
768 2035 167 49 patrem,
890 2035 76 49 &
921 2035 167 49 filium,
1027 2035 61 49 qu

238 2079 154 54 spiatum
350 2079 140 54 sanctu
448 2079 154 54 propria
560 2079 196 54 singulorum
715 2079 168 54 attribui
841 2079 140 54 aliis,
939 2079 112 54 quae
995 2079 98 54 aucto

243 2110 120 51 nits
318 2110 90 51 si
363 2110 120 51 bene
437 2110 224 51 attenditur,
617 2110 194 51 manifeste
766 2110 194 51 concludit
901 2110 194 51 propositum.

273 2150 130 63 llud
354 2150 163 63 autem,
468 2150 130 63 quod
550 2150 195 63 superius
696 2150 130 63 fuit
778 2150 195 63 adductum
924 2150 114 63 pro
973 2150 114 63 parti

235 2188 202 69 coitraria,
393 2188 101 69 hoc
451 2188 130 69 dixit
537 2188 144 69 Ansel.
638 2188 216 69 disputatiue
811 2188 144 69 contra
898 2188 187 69 aduersarium

245 2241 107 43 qud
306 2241 137 43 patet
397 2241 92 43 ex
443 2241 122 43 hoc,
519 2241 122 43 quod
596 2241 122 43 post
672 2241 122 43 illa
748 2241 137 43 verba
840 2241 198 43 concludit
977 2241 107 43 oppos

243 2279 109 42 tun
306 2279 171 42 illorum
430 2279 187 42 verborum
570 2279 93 42 ex
617 2279 218 42 intentione
788 2279 171 42 propria
913 2279 109 42 sic
959 2279 125 42 dicens

245 2305 123 54 Itqu,
327 2305 82 54 si
369 2305 151 54 filius,
478 2305 68 54 &
505 2305 164 54 spiritus
629 2305 151 54 sanctus
738 2305 96 54 quo
793 2305 110 54 modo
861 2305 110 54 sint
930 2305 82 54 ab
957 2305 137 54 inuicem,

246 2356 215 45 speulemur;
415 2356 246 45 intelligamus
614 2356 184 45 spiritum
752 2356 169 45 sanctum
875 2356 123 45 esse
952 2356 92 45 de
983 2356 107 45 filio

254 2383 100 65 qua
311 2383 143 65 filius
411 2383 100 65 non
468 2383 100 65 est
525 2383 86 65 de
567 2383 128 65 illo,
653 2383 71 65 &
682 2383 185 65 econuerso
824 2383 143 65 filium
924 2383 100 65 non
981 2383 114 65 esse
1038 2383 57 65 de

249 2424 125 64 sputu
332 2424 152 64 sancto;
443 2424 111 64 quia
512 2424 166 64 spiritus
637 2424 152 64 sanctus
748 2424 97 64 est
803 2424 83 64 de
831 2424 83 64 illo

287 2460 96 56 ad
335 2460 160 56 primum
447 2460 128 56 ergo
528 2460 225 56 argumentum
704 2460 160 56 istius
816 2460 209 56 opinionis
961 2460 128 56 dicen-

252 2503 113 48 dun,
322 2503 113 48 quod
393 2503 127 48 minor
478 2503 99 48 non
534 2503 99 48 est
591 2503 127 48 vera:
676 2503 113 48 quia
746 2503 85 48 si
788 2503 169 48 spiritus
916 2503 155 48 sanctus
1014 2503 71 48 eni

261 2542 92 49 pro
314 2542 132 49 ederet
406 2542 66 49 a
432 2542 132 49 filio,
525 2542 158 49 spiritus
643 2542 145 49 sanctus
749 2542 92 49 non
802 2542 132 49 esset,
894 2542 92 49 nec
947 2542 119 49 esset
1013 2542 79 49 ali-

247 2584 116 59 quam
319 2584 159 59 diuinis
434 2584 202 59 productio,
593 2584 116 59 nisi
666 2584 116 59 sola
738 2584 202 59 genetatio;
897 2584 101 59 nec
955 2584 130 59 esset
1027 2584 58 59 da

246 2633 90 42 re
291 2633 120 42 dias
366 2633 255 42 differentias,
576 2633 150 42 quibus
682 2633 210 42 suppositum
847 2633 150 42 patris
937 2633 150 42 producen

246 2666 192 59 differret
394 2666 74 59 a
423 2666 148 59 duobus
512 2666 162 59 productis

289 2694 98 54 Ad
338 2694 163 54 quorum
452 2694 163 54 omnium
566 2694 294 54 intelligentiam
811 2694 114 54 est
876 2694 212 54 notandum,
1023 2694 65 54 qu

252 2740 169 62 persona
374 2740 200 62 producens
528 2740 92 62 in
574 2740 184 62 diuinis,
712 2740 184 62 personae
850 2740 200 62 productae
989 2740 107 62 commi

251 2781 146 51 nicai
348 2781 130 51 omne
430 2781 293 51 communicabile,
673 2781 98 51 in
722 2781 114 51 quo
787 2781 195 51 producto
933 2781 114 51 non
982 2781 114 51 oppo-

250 2825 144 43 nitu,
346 2825 256 43 necrepugnat.
554 2825 96 43 Si
602 2825 128 43 enim
683 2825 176 43 aliquod
811 2825 272 43 communicabile
1019 2825 80 43 pro

244 2854 168 59 ducens
362 2854 202 59 producto
514 2854 118 59 non
581 2854 253 59 communicat,
783 2854 135 59 tunc
867 2854 152 59 inter
968 2854 118 59 duo
1019 2854 84 59 ne-

247 2895 188 51 cessario
388 2895 172 51 dabitur
513 2895 141 51 vnum,
607 2895 188 51 scilicet
748 2895 109 51 vel
810 2895 125 51 quod
888 2895 203 51 productio
1029 2895 78 51 non

246 2932 102 64 est
305 2932 233 64 simpliciter,
494 2932 73 64 &
523 2932 218 64 vsquequaque
698 2932 189 64 perfecta,
843 2932 102 64 vel
902 2932 131 64 illud
989 2932 116 64 tale
1047 2932 44 64 i

252 2978 226 56 producente
430 2978 113 56 non
494 2978 194 56 habetur:
640 2978 113 56 Sed
705 2978 226 56 manifestum
883 2978 129 56 est,
963 2978 129 56 quod
1028 2978 81 56 com

250 3013 139 54 munis
342 3013 185 54 spiratio
480 3013 108 54 est
542 3013 292 54 communicabilis,
788 3013 108 54 cum
850 3013 108 54 non
911 3013 108 54 sit
958 3013 139 54 proprie

246 3052 105 64 tas
306 3052 209 64 tersonalis
470 3052 164 64 patris.
589 3052 134 64 Etiam
679 3052 119 64 nunc
754 3052 179 64 tenemus,
888 3052 119 64 quod
963 3052 90 64 de
993 3052 105 64 fact.

247 3088 232 72 conmunicata
432 3088 108 72 sit
494 3088 155 72 filio.
602 3088 139 72 Etiam
695 3088 93 72 in
742 3088 124 72 illa
819 3088 170 72 communi
927 3088 186 72 spiratione

1107 252 132 77 pater
1195 252 102 77 non
1254 252 190 77 opponitur
1400 252 146 77 filio;
1503 252 117 77 quia
1576 252 117 77 sola
1649 252 234 77 paternitate,
1839 252 73 77 &
1854 252 117 77 filia-

1103 317 137 41 tione
1194 317 229 41 opponuntur,
1377 317 137 41 etiam
1469 317 92 41 si
1515 317 229 41 opponeretur
1698 317 137 41 pater
1789 317 137 41 filio
1865 317 107 41 secun

1109 354 111 46 dum
1173 354 127 46 eam,
1252 354 95 46 de
1300 354 143 46 facto
1395 354 127 46 tunc
1475 354 111 46 non
1538 354 159 46 posset
1649 354 127 46 sibi
1729 354 238 46 communicare
1903 354 64 46 ea

1102 395 126 44 ergo
1181 395 189 44 sequitur
1322 395 236 44 necessario,
1511 395 94 44 si
1558 395 141 44 pater
1652 395 141 44 filio
1746 395 110 44 non
1793 395 189 44 communicat

1111 433 188 46 communem
1252 433 251 46 spirationem,
1456 433 110 46 vel
1519 433 125 46 quod
1597 433 204 46 productio
1754 433 141 46 filij
1848 433 110 46 non
1895 433 78 46 sit

1113 475 220 41 simpliciter
1289 475 190 41 perfecta,
1435 475 102 41 vel
1494 475 117 41 quod
1567 475 132 41 pater
1655 475 102 41 non
1714 475 146 41 habeat
1816 475 132 41 illam
1889 475 88 41 con-

1109 513 153 47 munem
1211 513 271 47 spirationem.
1431 513 119 47 Cum
1499 513 170 47 igitur
1618 513 170 47 primum
1737 513 136 47 dari
1821 513 119 47 non
1872 513 102 47 pos-

1110 543 113 66 sit:
1181 543 113 66 quia
1252 543 113 66 tunc
1323 543 142 66 filius
1422 543 99 66 non
1479 543 128 66 esset
1564 543 128 66 Deus:
1649 543 113 66 quia
1720 543 128 66 nulla
1805 543 142 66 diuina
1890 543 85 66 per-

1102 588 127 46 sona
1181 588 158 46 potest
1292 588 174 46 produci
1419 588 238 46 productione
1609 588 238 46 imperfecta,
1799 588 127 46 ergo
1862 588 111 46 dabi-

1107 634 103 55 mus
1166 634 191 55 secundum,
1313 634 191 55 scilicet,
1461 634 118 55 quod
1534 634 88 55 si
1578 634 147 55 filius
1682 634 103 55 non
1740 634 162 55 recipit
1858 634 74 55 a
1873 634 103 55 patre

1113 666 217 46 communem
1276 666 289 46 spirationem,
1510 666 145 46 tunc
1601 666 163 46 pater
1709 666 126 46 non
1781 666 163 46 habet
1872 666 108 46 eam.

1116 705 98 48 Sed
1172 705 140 48 planum
1270 705 112 48 est,
1340 705 112 48 quod
1409 705 84 48 si
1451 705 140 48 filius
1549 705 98 48 non
1605 705 168 48 spiraret
1731 705 168 48 spiritum
1842 705 140 48 sanctum,

1102 746 133 49 ipse
1186 746 116 49 non
1252 746 183 49 haberet
1385 746 83 49 a
1418 746 150 49 patre
1518 746 200 49 communem
1668 746 266 49 spirationem,
1867 746 100 49 ergo

1109 787 93 43 de
1155 787 139 43 primo
1248 787 93 43 ad
1294 787 186 43 vltimum,
1433 787 93 43 si
1480 787 186 43 spiritus
1619 787 170 43 sanctus
1743 787 108 43 non
1789 787 186 43 procederet

1116 823 67 46 a
1142 823 135 46 filio,
1237 823 162 46 spiritus
1358 823 148 46 sanctus
1466 823 94 46 non
1520 823 135 46 esset:
1614 823 108 46 quia
1682 823 162 46 essentia
1803 823 135 46 diuina
1897 823 81 46 in
1924 823 54 46 pa

1113 864 105 43 tre
1173 864 105 43 non
1233 864 135 43 esset
1323 864 195 43 coniuncta
1473 864 165 43 communi
1592 864 225 43 spirationi,
1772 864 120 43 siue
1832 864 150 43 spiratio

1125 904 91 38 ni
1170 904 182 38 actiuae,
1307 904 76 38 &
1337 904 106 38 per
1397 904 212 38 consequens
1564 904 136 38 pater
1655 904 106 38 non
1716 904 151 38 posset
1806 904 167 38 producere

1115 945 191 46 spiritum
1258 945 191 46 sanctum.
1402 945 159 46 Quibus
1513 945 127 46 bene
1593 945 239 46 intellectis
1784 945 143 46 planc
1864 945 111 46 patet

1115 979 103 55 que
1174 979 118 55 tunc
1248 979 132 55 etiam
1336 979 88 55 in
1380 979 162 55 diuinis
1498 979 103 55 non
1557 979 132 55 esset
1645 979 147 55 aliqua
1748 979 206 55 productio,
1895 979 74 55 nis

1110 1013 116 50 sola
1183 1013 203 50 generatio,
1343 1013 73 50 &
1372 1013 116 50 quod
1444 1013 102 50 non
1502 1013 131 50 esset
1590 1013 116 50 dare
1662 1013 116 50 duas
1735 1013 145 50 reales
1822 1013 145 50 differen

1119 1059 132 56 tias,
1208 1059 147 56 quibus
1311 1059 103 56 duo
1370 1059 177 56 producta
1502 1059 177 56 realiter
1634 1059 206 56 differrent
1796 1059 88 56 ab
1841 1059 103 56 vno
1885 1059 88 56 pro-

1115 1099 179 47 ducente.
1249 1099 105 47 Est
1309 1099 134 47 etiam
1399 1099 90 47 in
1444 1099 119 47 illa
1518 1099 149 47 minori
1623 1099 164 47 petitio
1742 1099 209 47 principij:
1891 1099 75 47 qui

1127 1140 243 44 praesupponit
1324 1140 121 44 illa
1400 1140 182 44 producta
1536 1140 121 44 esse
1612 1140 152 44 plura,
1718 1140 76 44 &
1749 1140 106 44 per
1794 1140 182 44 consequens

1126 1174 103 53 cum
1185 1174 133 53 omnis
1274 1174 207 53 pluralitas
1436 1174 207 53 innascatur
1598 1174 89 53 ex
1643 1174 251 53 distinctione,
1834 1174 133 53 praesup

1133 1213 128 44 ponit
1218 1213 85 44 ea
1260 1213 113 44 esse
1331 1213 198 44 distincta,
1487 1213 99 44 hoc
1544 1213 128 44 autem
1629 1213 113 44 est,
1700 1213 113 44 quod
1771 1213 99 44 hic
1813 1213 156 44 quaeritur

1120 1255 116 47 puta
1192 1255 87 47 si
1235 1255 144 47 filius
1336 1255 101 47 non
1394 1255 202 47 produceret
1553 1255 173 47 spiritum
1683 1255 173 47 sanctum,
1813 1255 130 47 vtrum
1885 1255 87 47 tums

1124 1293 102 58 duo
1183 1293 175 58 producta
1314 1293 190 58 supposita
1461 1293 161 58 possint
1577 1293 117 58 esse
1650 1293 88 58 in
1694 1293 161 58 diuinis
1811 1293 88 58 ab
1840 1293 132 58 inuicem

1122 1328 115 45 vere
1193 1328 201 45 distincta.
1351 1328 115 45 ergo
1422 1328 100 45 non
1465 1328 115 45 valet.

1156 1353 96 61 Ad
1204 1353 191 61 secundum
1347 1353 143 61 patet
1443 1353 112 61 per
1507 1353 112 61 iam
1571 1353 159 61 dicta:
1682 1353 128 61 quia
1762 1353 175 61 posito,
1873 1353 96 61 quod

1118 1407 176 49 spiritus
1250 1407 161 49 sanctus
1368 1407 103 49 non
1426 1407 176 49 procedat
1558 1407 73 49 a
1588 1407 147 49 filio,
1690 1407 117 49 tunc
1764 1407 103 49 non
1822 1407 147 49 essent
1910 1407 59 49 in

1125 1448 124 50 patre
1208 1448 124 50 tales
1290 1448 193 50 distinctae
1442 1448 207 50 relationes.
1607 1448 110 50 Dato
1676 1448 124 50 etiam
1759 1448 110 50 quod
1828 1448 138 50 essent
1910 1448 69 50 ad-

1122 1487 125 56 huc,
1200 1487 109 56 non
1263 1487 187 56 haberent
1403 1487 218 56 distinctos
1575 1487 203 56 terminos:
1731 1487 125 56 quia
1808 1487 109 56 non
1871 1487 140 56 maio

1123 1523 106 44 rem
1183 1523 258 44 distinctionem
1396 1523 197 44 requirunt
1547 1523 121 44 duae
1623 1523 212 44 relationes
1790 1523 182 44 passiuae
1911 1523 61 44 in

1117 1566 123 54 suis
1194 1566 215 54 immediatis
1363 1566 246 54 fundamentis,
1563 1566 123 54 quam
1640 1566 123 54 duae
1717 1566 215 54 relationes
1870 1566 108 54 acti-

1116 1603 95 58 uae
1171 1603 149 58 directe
1279 1603 176 58 oppositae
1414 1603 122 58 illis
1481 1603 149 58 passiuis.

1165 1637 90 56 Ad
1210 1637 166 56 tertium
1331 1637 196 56 dicendum,
1482 1637 121 56 quod
1557 1637 136 56 maior
1647 1637 106 56 non
1708 1637 106 56 est
1768 1637 121 56 vera
1843 1637 90 56 de
1873 1637 106 56 rela-

1127 1677 129 47 tiuis
1212 1677 172 47 relatiue
1341 1677 172 47 sumptis,
1470 1677 157 47 quamuis
1584 1677 114 47 vera
1656 1677 100 47 sit
1713 1677 86 47 de
1756 1677 200 47 absolutis.
1899 1677 71 47 Ab-

1115 1719 189 47 solutum
1252 1719 137 47 enim
1338 1719 120 47 per
1407 1719 137 47 vnam
1493 1719 189 47 naturam
1630 1719 137 47 suam
1716 1719 223 47 absolutam
1871 1719 103 47 dif-

1122 1759 125 61 fert
1201 1759 78 61 a
1232 1759 219 61 quocumque,
1404 1759 94 61 ad
1451 1759 125 61 quod
1529 1759 172 61 poterit
1654 1759 219 61 comparari:
1826 1759 109 61 Sed
1873 1759 109 61 rela-

1120 1799 142 51 tiuum,
1219 1799 85 51 vt
1262 1799 199 51 relatiuum,
1418 1799 100 51 cum
1475 1799 114 51 suum
1546 1799 128 51 esse,
1632 1799 85 51 vt
1674 1799 100 51 sic
1731 1799 185 51 confistat
1873 1799 85 51 in
1902 1799 71 51 re-

1126 1836 150 53 spectu
1231 1836 90 53 ad
1276 1836 180 53 alterum,
1411 1836 120 53 nisi
1486 1836 105 53 per
1546 1836 120 53 vnam
1622 1836 210 53 relationem
1787 1836 195 53 referatur
1922 1836 60 53 ad

1132 1877 142 50 plura,
1231 1877 100 50 non
1288 1877 142 50 potest
1388 1877 100 50 per
1445 1877 114 50 vnam
1516 1877 199 50 relationem
1673 1877 171 50 differre
1801 1877 71 50 a
1815 1877 157 50 pluribus;

1124 1919 76 50 &
1154 1919 121 50 ideo
1230 1919 152 50 quauis
1336 1919 91 50 in
1382 1919 136 50 eodem
1473 1919 182 50 relatiuo
1609 1919 121 50 sint
1685 1919 152 50 plures
1776 1919 197 50 relationes;

1134 1961 159 46 quarum
1245 1961 111 46 vna
1309 1961 191 46 conuenit
1452 1961 127 46 sibi
1532 1961 143 46 magis
1627 1961 191 46 proprie,
1770 1961 80 46 &
1802 1961 127 46 alia
1866 1961 111 46 minus

1138 1991 175 54 proprie,
1269 1991 131 54 illud
1357 1991 131 54 tamen
1444 1991 189 54 relatiuum
1589 1991 102 54 per
1647 1991 145 54 illam,
1749 1991 116 54 quae
1822 1991 116 54 sibi
1880 1991 102 54 minus

1129 2040 168 45 proprie
1251 2040 198 45 conuenit,
1403 2040 244 45 distinguitur
1601 2040 76 45 a
1632 2040 122 45 sibi
1708 2040 183 45 opposito
1830 2040 152 45 secundum

1115 2078 142 47 illam
1210 2078 237 47 relationem.
1400 2078 79 47 &
1431 2078 111 47 non
1495 2078 190 47 secundum
1637 2078 126 47 eam,
1716 2078 126 47 quae
1795 2078 142 47 magis
1874 2078 95 47 pro-

1139 2109 106 55 prie
1205 2109 106 55 sibi
1272 2109 173 55 conuenit:
1405 2109 106 55 quia
1471 2109 80 55 vt
1511 2109 173 55 relatiuum
1644 2109 106 55 est,
1710 2109 106 55 tunc
1777 2109 93 55 per
1830 2109 120 55 illam
1896 2109 80 55 con-

1129 2159 138 49 munem
1221 2159 215 49 relationem
1389 2159 184 49 refertur
1527 2159 92 49 ad
1573 2159 153 49 illud,
1681 2159 77 49 &
1711 2159 107 49 non
1773 2159 107 49 per
1819 2159 153 49 propriam

1156 2187 100 54 Ad
1206 2187 184 54 quartum
1340 2187 184 54 concedo
1474 2187 201 54 maiorem,
1625 2187 134 54 quod
1708 2187 201 54 scilicet
1842 2187 134 54 impos-

1134 2224 153 53 sibile
1241 2224 107 53 sit
1302 2224 122 53 vnam
1378 2224 183 53 personam
1515 2224 229 53 accipientem
1698 2224 122 53 vnam
1775 2224 168 53 naturam
1881 2224 92 53 pro-

1126 2265 146 49 cedere
1229 2265 146 49 duabus
1331 2265 190 49 perfectis
1477 2265 278 49 processionibus:
1711 2265 102 49 sed
1769 2265 117 49 haec
1828 2265 146 49 impossi-

1124 2304 156 51 bilitas
1237 2304 99 51 non
1294 2304 170 51 sequitur
1421 2304 85 51 ex
1464 2304 142 51 posito
1563 2304 113 51 meo,
1634 2304 99 51 sed
1691 2304 85 51 ex
1733 2304 113 51 tuo,
1804 2304 85 51 vt
1832 2304 142 51 superius

1130 2345 129 46 dixi.
1216 2345 129 46 Etiam
1302 2345 201 46 supponitur
1460 2345 158 46 falsum:
1575 2345 115 46 quia
1647 2345 86 46 si
1690 2345 144 46 filius
1790 2345 101 46 non
1833 2345 144 46 produce-

1125 2390 99 48 ret
1181 2390 169 48 spiritum
1308 2390 155 48 sanctu,
1421 2390 113 48 tunc
1492 2390 99 48 non
1548 2390 141 48 essent
1647 2390 141 48 plures
1746 2390 226 48 processiones
1916 2390 56 48 in

1132 2423 176 45 diuinis,
1264 2423 132 45 prout
1353 2423 191 45 declaraui
1499 2423 88 45 in
1544 2423 191 45 solutione
1690 2423 132 45 primi
1764 2423 176 45 argumenti.

1151 2463 98 44 Ad
1200 2463 180 44 quintum
1330 2463 196 44 dicendum
1477 2463 98 44 ad
1526 2463 196 44 minorem,
1673 2463 131 44 quod
1755 2463 98 44 si
1803 2463 163 44 filius
1901 2463 82 44 non

1127 2499 218 55 produceret
1299 2499 187 55 spiritum
1439 2499 187 55 sanctum,
1580 2499 125 55 tunc
1658 2499 109 55 non
1720 2499 140 55 esset
1798 2499 187 55 diuersitas

1122 2541 177 51 actionum
1255 2541 89 51 in
1299 2541 177 51 diuinis.
1432 2541 89 51 Et
1477 2541 118 51 dato
1551 2541 118 51 quod
1624 2541 148 51 esset,
1728 2541 133 51 sicut
1816 2541 103 51 non
1861 2541 103 51 argue

1129 2577 124 61 rent
1207 2577 93 61 ex
1254 2577 140 61 parte
1347 2577 233 61 producentis
1534 2577 249 61 pluralitatem
1736 2577 249 61 suppositorum
1923 2577 62 61 in

1122 2617 171 59 diuinis,
1250 2617 100 59 sic
1307 2617 100 59 nec
1364 2617 85 59 ex
1406 2617 128 59 parte
1477 2617 157 59 producti.

1157 2625 100 84 Ad
1207 2625 167 84 sextum
1324 2625 217 84 dicendum,
1491 2625 134 84 quod
1575 2625 100 84 in
1625 2625 251 84 consequenti
1809 2625 167 84 supponi-

1129 2697 105 47 tur
1189 2697 165 47 falsum,
1309 2697 120 47 puta
1384 2697 120 47 quod
1459 2697 135 47 pater
1549 2697 150 47 spiret
1655 2697 180 47 spiritum
1790 2697 180 47 sanctum,
1910 2697 75 47 da-

1138 2742 87 45 to
1181 2742 116 45 quod
1253 2742 174 45 spiritus
1384 2742 159 45 sanctus
1500 2742 72 45 a
1529 2742 130 45 filio
1616 2742 101 45 non
1674 2742 217 45 procederet,
1848 2742 116 45 quod
1906 2742 72 45 ego

1140 2785 213 41 constanter
1307 2785 137 41 nego.
1398 2785 122 41 quia
1474 2785 137 41 dico,
1566 2785 122 41 quod
1642 2785 106 41 hoc
1702 2785 167 41 posito,
1824 2785 137 41 pater
1900 2785 76 41 nes

1137 2812 188 56 spiraret,
1281 2812 101 56 nec
1339 2812 159 56 spirare
1455 2812 159 56 posset:
1571 2812 116 56 quia
1643 2812 203 56 spiratiuam
1802 2812 174 56 virtutem
1918 2812 72 56 cum

1123 2851 176 54 respectu
1255 2851 162 54 actiuae
1373 2851 220 54 spirationis
1549 2851 103 54 non
1593 2851 147 54 haberet.

1178 2876 93 73 Ad
1225 2876 186 73 septimum
1365 2876 202 73 dicendum,
1520 2876 124 73 quod
1597 2876 202 73 generare,
1752 2876 78 73 &
1783 2876 171 73 spirari
1907 2876 109 73 non

1133 2932 174 51 possunt
1259 2932 110 51 pro
1323 2932 126 51 nunc
1401 2932 189 51 reperiri
1543 2932 95 51 in
1591 2932 110 51 vna
1654 2932 189 51 persona,
1796 2932 110 51 non
1843 2932 142 51 propter

1138 2972 169 54 aliquam
1260 2972 215 54 naturalem,
1429 2972 107 54 vel
1491 2972 184 54 formalem
1629 2972 261 54 repugnantiam,
1844 2972 123 54 quae
1905 2972 77 54 sit

1139 3007 130 54 inter
1225 3007 101 54 ea,
1283 3007 101 54 sed
1341 3007 159 54 propter
1456 3007 116 54 hoc,
1529 3007 116 54 qued
1601 3007 303 54 incommunicabiles,
1861 3007 72 54 &
1875 3007 116 54 perso-

1132 3047 141 47 nales
1226 3047 251 47 proprietates
1430 3047 125 47 sunt
1509 3047 157 47 duarum
1619 3047 220 47 personarum
1791 3047 94 47 in
1838 3047 188 47 diuinis.

1135 3090 86 59 Ad
1178 3090 143 59 formam
1277 3090 114 59 ergo
1349 3090 185 59 argumenti
1491 3090 128 59 dico,
1577 3090 114 59 quod
1648 3090 128 59 maior
1733 3090 100 59 est
1776 3090 214 59 insufficiens;
