2419 3529
194 248 243 53 aistinctione
391 248 91 53 7.
436 248 106 53 Sed
497 248 121 53 vnum
573 248 121 53 est,
649 248 121 53 quod
724 248 167 53 distuli
846 248 136 53 vsque
937 248 136 53 modo,
1012 248 61 53 vi

183 294 193 42 delicet,
328 294 129 42 quod
408 294 129 42 sunt
488 294 177 42 quidam,
617 294 113 42 qui
681 294 177 42 quantum
810 294 96 42 ad
858 294 161 42 prius,
971 294 80 42 &
987 294 80 42 po-

193 330 165 46 sterius
313 330 90 46 in
358 330 165 46 diuinis
478 330 120 46 tria
553 330 165 46 ponunt,
673 330 120 46 quae
748 330 105 46 non
808 330 150 46 reputo
913 330 120 46 esse
973 330 90 46 vera

188 369 150 52 Primum
293 369 120 52 est,
368 369 120 52 quod
442 369 195 52 generatio
592 369 135 52 filij
682 369 105 52 est
742 369 135 52 prior
832 369 210 52 spiratione
981 369 90 52 spi-

201 416 138 47 ritus
293 416 153 47 sancti
400 416 184 47 naturali
537 416 306 47 praesuppositone;
798 416 92 47 et
844 416 153 47 posset
936 416 122 47 probar

188 452 221 51 secundum
335 452 92 51 eos

216 487 79 43 1
248 487 126 43 Quia
327 487 142 43 ficut
421 487 95 43 se
469 487 142 43 habet
563 487 189 43 terminus
705 487 252 43 processionis
910 487 142 43 vnius
1005 487 95 43 ad

197 527 180 47 terminum
332 527 240 47 processionis
527 527 195 47 alterius;
677 527 105 47 sic
737 527 90 47 se
782 527 135 47 habet
872 527 195 47 processio
1007 527 60 47 ad

190 573 267 49 processionem:
410 573 110 49 sed
473 573 188 49 spiritus
614 573 173 49 sanctus
740 573 251 49 praesupponit
928 573 126 49 filium

196 608 104 52 cum
255 608 104 52 sit
315 608 148 52 tertia
418 608 163 52 persona
537 608 89 52 in
581 608 178 52 diuinis,
714 608 74 52 &
744 608 148 52 filius
848 608 178 52 secunda,
966 608 89 52 ergo

192 658 194 51 processio
341 658 179 51 spiritus
475 658 149 51 sancti
580 658 224 51 presupponit
759 658 239 51 processionem
938 658 104 51 filit

245 684 83 53 2
279 684 182 53 Secundo
411 684 132 53 idem
493 684 165 53 dicunt
609 684 99 53 de
659 684 264 53 paternitate,
873 684 116 53 vel
923 684 132 53 quacum

193 724 110 58 que
256 724 126 58 alia
335 724 157 58 diuina
445 724 205 58 relatione
603 724 110 58 per
665 724 268 58 comparationem
886 724 110 58 ad,
933 724 126 58 funda-

205 759 159 55 mentum:
320 759 116 55 quia
393 759 130 55 sicut
479 759 116 55 ipsi
552 759 159 55 dicunt,
667 759 87 55 in
711 759 188 55 creaturis
855 759 101 55 non
913 759 116 55 plus
971 759 87 55 dif-

196 800 124 50 fert
274 800 171 50 relatio
398 800 78 50 a
429 800 233 50 fundamento,
615 800 124 50 quam
693 800 93 50 in
739 800 186 50 diuinis:
879 800 124 50 quia
941 800 124 50 vtrobi

197 852 113 38 que
261 852 209 38 reperitur
422 852 226 38 absolutum,
600 852 81 38 &
632 852 226 38 relatiuum,
809 852 193 38 vtrumque
938 852 129 38 secun-

204 879 111 50 dum
268 879 190 50 propriam
410 879 190 50 rationem
553 879 222 50 vtriusque:
727 879 111 50 sed
791 879 95 50 in
838 879 206 50 creaturis
981 879 79 50 est

195 921 124 54 ordo
273 921 171 54 naturae
398 921 187 54 secundum
537 921 155 54 prius,
646 921 78 54 &
677 921 202 54 posterius
833 921 140 54 inter
911 921 155 54 fundamen

200 960 124 48 tum,
278 960 78 48 &
309 960 233 48 relationem,
496 960 124 48 ergo
574 960 78 48 &
605 960 93 48 in
636 960 140 48 diuinis

235 1005 99 48 Et,
292 1005 85 48 si
334 1005 156 48 dicitur
448 1005 114 48 eis,
519 1005 85 48 si
561 1005 85 48 in
604 1005 156 48 diuinis
717 1005 213 48 fundamentum
888 1005 128 48 esset
959 1005 99 48 prius

198 1040 159 53 natura,
313 1040 116 53 quam
386 1040 203 53 respectus,
545 1040 101 53 tuc
603 1040 145 53 essent
705 1040 87 53 in
748 1040 159 53 diuinis
864 1040 116 53 duae
922 1040 145 53 naturae.

245 1078 116 54 Ipsi
318 1078 203 54 respodent,
478 1078 116 54 quod
551 1078 131 54 licet
638 1078 87 54 in
681 1078 160 54 diuinis
798 1078 102 54 non
856 1078 116 54 sunt
928 1078 116 54 duae
986 1078 73 54 na-

198 1119 148 45 turae
296 1119 214 45 facientes
461 1119 280 45 compositonem,
692 1119 132 45 sunt
775 1119 148 45 tamen
874 1119 99 45 in
907 1119 148 45 diuinis

194 1156 122 46 duae
270 1156 122 46 res,
347 1156 214 46 extendendo
515 1156 138 46 nomen
606 1156 107 46 rei
668 1156 92 46 ad
713 1156 214 46 absolutum,
882 1156 76 46 &
897 1156 168 46 relatiuum

228 1200 83 50 3
262 1200 166 50 Tertio
378 1200 133 50 idem
461 1200 166 50 dicunt
577 1200 100 50 de
627 1200 183 50 communi
760 1200 233 50 spiratione
926 1200 133 50 respe-

195 1239 106 51 ctu
255 1239 257 51 paternitatis:
467 1239 106 51 Nam
527 1239 106 51 cum
587 1239 211 51 paternitas
753 1239 106 51 sit
814 1239 181 51 personae
934 1239 121 51 patris

193 1275 261 45 constitutiua,
407 1275 77 45 &
438 1275 184 45 communis
576 1275 184 45 spiratio
714 1275 107 45 non
776 1275 230 45 constituat:
960 1275 107 45 sed
1006 1275 61 45 pa

194 1313 130 47 tris
275 1313 195 47 personam
421 1313 244 47 constitutam
616 1313 276 47 praesupponat,
844 1313 195 47 sequitur
974 1313 97 47 quod

187 1354 217 62 paternitas
358 1354 109 62 sit
420 1354 233 62 naturaliter
607 1354 140 62 prior
700 1354 171 62 communi
808 1354 202 62 spiratione.

231 1391 109 54 Sed
294 1391 125 54 illa
372 1391 109 54 non
435 1391 188 54 videntur
575 1391 125 54 esse
654 1391 141 54 vera:
747 1391 125 54 quia
825 1391 141 54 summe
919 1391 141 54 primo
997 1391 63 54 ni

203 1428 103 54 hil
262 1428 148 54 potest
366 1428 118 54 esse
439 1428 133 54 prius
528 1428 236 54 naturaliter,
720 1428 103 54 sed
779 1428 192 54 quodlibet
911 1428 148 54 praedi-

195 1482 168 44 ctorum
313 1482 118 44 est
380 1482 151 44 summe
481 1482 185 44 primum,
616 1482 118 44 cum
683 1482 118 44 sit
750 1482 252 44 simpliciter
935 1482 135 44 aeter-

189 1512 138 57 num,
275 1512 138 57 ergo
344 1512 87 57 &c.

230 1547 93 51 Ad
277 1547 155 51 primum
386 1547 124 51 ergo
463 1547 202 51 dicendum,
618 1547 124 51 quod
696 1547 109 51 non
758 1547 202 51 quaelibet
897 1547 171 51 praesuppo

198 1591 132 48 fitio
286 1591 147 48 arguit
389 1591 147 48 realem
492 1591 235 48 prioritatem,
683 1591 103 48 seu
741 1591 205 48 naturalem:
903 1591 103 48 sed
961 1591 103 48 sol
1005 1591 59 48 um

193 1626 113 59 illa
264 1626 255 59 praesupposito,
476 1626 113 59 quae
547 1626 99 59 est
604 1626 85 59 in
647 1626 213 59 diuersitate
817 1626 170 59 naturae:
930 1626 128 59 person-

198 1667 123 51 enim
275 1667 154 51 diuina
382 1667 123 51 quae
459 1667 108 51 est
521 1667 154 51 pater,
629 1667 246 51 praesupponit
829 1667 169 51 seipsam
952 1667 92 51 vt
983 1667 77 51 ess

197 1702 145 54 Deus,
294 1702 81 54 &
326 1702 145 54 tamen
423 1702 145 54 inter
520 1702 145 54 Deum,
616 1702 81 54 &
649 1702 161 54 patrem
761 1702 97 54 in
810 1702 177 54 diuinis
939 1702 113 54 non
987 1702 81 54 est

192 1742 147 67 prius,
295 1742 74 67 &
325 1742 191 67 posterius
472 1742 147 67 reale,
575 1742 88 67 de
619 1742 103 67 quo
678 1742 88 67 tu
722 1742 191 67 loqueris:
870 1742 147 67 Falsum
958 1742 103 67 etiam

185 1786 78 54 m
217 1786 204 54 argumento
373 1786 219 54 assumitur,
546 1786 125 54 quia
624 1786 172 54 quamuis
750 1786 157 54 filius
859 1786 188 54 producat
985 1786 78 54 spi

187 1832 140 50 ritum
281 1832 187 50 sanctum,
421 1832 78 50 &
452 1832 280 50 praesupponatur
686 1832 78 50 a
717 1832 171 50 spiritu
842 1832 171 50 sancto,
951 1832 109 50 tamet

207 1872 100 43 non
264 1872 100 43 est
321 1872 186 43 realiter,
464 1872 100 43 seu
521 1872 214 43 naturaliter
693 1872 129 43 prior
778 1872 157 43 spiritu
893 1872 157 43 sancto,
993 1872 71 43 cum

204 1903 171 61 eandem
324 1903 188 61 habeant
461 1903 188 61 naturam
598 1903 188 61 penitus
718 1903 205 61 indiuisam.

237 1940 90 54 In
282 1940 165 54 secundo
402 1940 135 54 dicto
492 1940 195 54 similiter
642 1940 150 54 falsum
746 1940 195 54 assumunt,
896 1940 105 54 cum
941 1940 120 54 dicuns

204 1981 120 58 quod
279 1981 105 58 non
339 1981 120 58 plus
415 1981 181 58 differat
550 1981 166 58 relatio
671 1981 90 58 in
716 1981 196 58 creaturis
866 1981 75 58 a
896 1981 105 58 suo
942 1981 120 58 funda-

206 2022 140 54 mento,
304 2022 112 54 quam
374 2022 84 54 in
416 2022 168 54 diuinis.
541 2022 112 54 Illa
611 2022 98 54 est
667 2022 210 54 falsissima:
835 2022 112 54 quia
904 2022 126 54 dato,
974 2022 84 54 quod

196 2065 175 50 relatio
324 2065 159 50 creata
435 2065 191 50 transeat
579 2065 175 50 quantum
706 2065 96 50 ad
754 2065 128 50 esse
834 2065 96 50 in
882 2065 128 50 suum
945 2065 112 50 funda

197 2094 164 61 mentum
312 2094 99 61 ad
361 2094 148 61 ipsum
459 2094 230 61 comparata,
640 2094 115 61 non
706 2094 148 61 tamen
804 2094 181 61 recibit
919 2094 148 61 praedi-

204 2136 181 57 eationem
340 2136 226 57 fundamenti,
521 2136 106 57 sed
581 2136 151 57 diuina
687 2136 181 57 essentia
807 2136 257 57 substantialiter

206 2188 74 44 &
236 2188 177 44 identice
369 2188 222 44 praedicatur
546 2188 89 44 de
590 2188 177 44 qualibet
723 2188 148 44 diuina
827 2188 192 44 relatione
960 2188 103 44 prae-

211 2219 200 50 dicatione
365 2219 185 50 dicente,
504 2219 108 50 hoc
565 2219 108 50 est
627 2219 123 50 hoc:
704 2219 108 50 Cum
766 2219 123 50 ergo
843 2219 139 50 talis
920 2219 154 50 predica-

212 2255 125 56 tio,
290 2255 203 56 vbicumque
446 2255 218 56 inuenitur,
618 2255 218 56 necessario
789 2255 203 56 concernat
930 2255 140 56 maiorem

200 2296 272 53 conuenientiam
424 2296 224 53 praedicati
600 2296 96 53 ad
647 2296 224 53 subiectum,
823 2296 128 53 quam
903 2296 112 53 vbi
951 2296 112 53 inue-

201 2329 118 64 niri
275 2329 103 64 non
334 2329 162 64 potest,
452 2329 118 64 ergo
526 2329 207 64 necessario
688 2329 192 64 sequitur,
836 2329 118 64 quod
910 2329 118 64 plus
969 2329 103 64 diffe

216 2373 113 55 tant
287 2373 156 55 relatio
400 2373 156 55 creata,
513 2373 71 55 &
542 2373 113 55 suum
613 2373 213 55 fundamentum
783 2373 113 55 quam
853 2373 156 55 relatio
953 2373 113 55 diuina

250 2422 142 42 Etiam
345 2422 111 42 non
408 2422 111 42 est
472 2422 174 42 simile,
598 2422 127 42 quod
677 2422 206 42 assumunt,
836 2422 127 42 quia
915 2422 111 42 cum
962 2422 111 42 rela-

212 2456 149 57 tiones
316 2456 223 57 creaturarum
495 2456 119 57 sint
569 2456 223 57 temporales,
748 2456 74 57 &
777 2456 134 57 quasi
867 2456 119 57 tota
941 2456 104 57 dic
986 2456 89 57 quam

205 2499 119 50 tum
273 2499 102 50 ad
324 2499 205 50 actualem
478 2499 307 50 denominationem
734 2499 119 50 sui
802 2499 239 50 fundamenti
973 2499 102 50 adue

208 2533 161 57 niant,
320 2533 80 57 &
353 2533 209 57 recedant,
513 2533 129 57 quid
594 2533 145 57 mirum
690 2533 96 57 si
738 2533 129 57 suum
819 2533 241 57 fundamentum
996 2533 80 57 tam

202 2569 127 54 quam
282 2569 239 54 naturaliter
473 2569 286 54 praesupponunt:
711 2569 223 54 Relationes
886 2569 127 54 vero
950 2569 127 54 diuino

207 2605 120 64 sunt
282 2605 224 64 simpliciter
461 2605 194 64 aeternae,
611 2605 75 64 &
641 2605 239 64 immutabiles,
835 2605 75 64 &
865 2605 120 64 ideo
940 2605 135 64 nihil
1014 2605 75 64 est

198 2658 106 54 ad
251 2658 247 54 propositum
446 2658 141 54 quod
516 2658 177 54 assumunt

261 2678 209 70 Responsio
421 2678 144 70 etiam
518 2678 160 70 eorum,
630 2678 112 70 cum
694 2678 176 70 dicunt,
822 2678 128 70 quod
903 2678 96 70 in
935 2678 144 70 diuinis

218 2735 128 45 fint
298 2735 128 45 duae
378 2735 112 45 res
442 2735 225 45 extendendo
619 2735 144 45 nomen
715 2735 112 45 rei
779 2735 96 45 ad
827 2735 225 45 absolutum,
1004 2735 80 45 &
1020 2735 64 45 re

220 2765 170 55 latiuum,
347 2765 99 55 est
404 2765 199 55 periculosa
560 2765 142 55 valde:
660 2765 113 55 quia
731 2765 85 55 si
773 2765 99 55 res
830 2765 170 55 absoluta
958 2765 85 55 in
986 2765 85 55 diui

219 2815 107 45 nis
280 2815 169 45 poneret
403 2815 169 45 numerum
526 2815 107 45 cum
587 2815 92 45 re
633 2815 169 45 relata,
756 2815 107 45 cum
817 2815 123 45 sint
894 2815 123 45 tres
971 2815 107 45 res
1017 2815 61 45 re

227 2847 130 51 atae
308 2847 81 51 &
340 2847 114 51 vna
405 2847 195 51 absoluta
551 2847 162 51 ponens
665 2847 114 51 cum
730 2847 114 51 eis
795 2847 195 51 numerum,
941 2847 130 51 tunc
1006 2847 81 51 es-

219 2884 101 57 set
276 2884 145 57 realis
378 2884 217 57 quaternitas
551 2884 87 57 in
595 2884 174 57 diuinis,
725 2884 116 57 quod
798 2884 116 57 fuit
870 2884 130 57 error
942 2884 145 57 loachim:

222 2927 108 56 qui
283 2927 139 56 error
376 2927 108 56 est
438 2927 185 56 expresse
577 2927 185 56 damnatus
716 2927 139 56 extra
809 2927 93 56 de
855 2927 139 56 summa
932 2927 155 56 trinita-

206 2961 100 53 te
256 2961 83 53 &
289 2961 133 53 fide
373 2961 216 53 catholica
539 2961 116 53 ca.
605 2961 199 53 damnamus
755 2961 116 53 &c.
821 2961 116 53 Nos
888 2961 150 53 autem
971 2961 116 53 satro

208 3012 236 44 approbante
393 3012 219 44 contilio.
562 3012 118 44 Nec
629 3012 185 44 tertium
764 3012 152 44 eorum
865 3012 168 44 dictum
966 3012 118 44 valet

222 3046 123 52 quia
299 3046 123 52 euam
376 3046 185 52 secundum
514 3046 123 52 eos,
591 3046 216 52 paternitas
761 3046 108 52 non
822 3046 108 52 est
884 3046 139 52 prior
961 3046 123 52 filia-

218 3076 145 58 nione,
320 3076 102 58 sed
378 3076 131 58 simul
465 3076 116 58 sunt
538 3076 160 58 natura,
654 3076 73 58 &
683 3076 174 58 naturali
813 3076 261 58 intelligentia:
1016 3076 73 58 sed

1091 240 177 60 filiatio
1224 240 103 60 non
1283 240 148 60 potest
1387 240 118 60 esse
1461 240 133 60 prior
1549 240 207 60 spiratione
1712 240 177 60 actiuae,
1845 240 118 60 ergo
1904 240 74 60 nec

1094 294 238 45 paternitas:
1285 294 127 45 quia
1364 294 254 45 quandocumque
1570 294 159 45 aliqua
1681 294 143 45 simul
1777 294 143 45 sunt,
1856 294 111 45 quic-

1108 331 116 50 quid
1180 331 101 50 non
1238 331 101 50 est
1295 331 188 50 posterius
1440 331 116 50 vno,
1512 331 101 50 non
1570 331 144 50 potest
1671 331 116 50 esse
1743 331 188 50 posterius
1873 331 87 50 alte

1085 373 114 42 ro:
1150 373 146 42 probo
1247 373 195 42 minorem:
1393 373 130 42 quia
1475 373 146 42 nihil
1572 373 162 42 eorum,
1686 373 130 42 quae
1767 373 146 42 pater
1848 373 114 42 commu

1097 414 130 48 nicat
1183 414 144 48 filio,
1284 414 101 48 est
1342 414 188 48 posterius
1487 414 275 48 filiatione:quia
1718 414 116 48 omne
1790 414 130 48 tale,
1862 414 87 48 quod

1090 448 141 51 pater
1184 448 234 51 communicat,
1371 448 94 51 in
1418 448 94 51 se
1465 448 219 51 praehabet,
1637 448 109 51 cum
1699 448 141 51 nihil
1793 448 125 51 det,
1855 448 94 51 quod

1092 487 113 46 non
1157 487 162 46 habet:
1270 487 113 46 sed
1334 487 146 46 pater
1431 487 113 46 non
1496 487 146 46 solum
1593 487 226 46 essentiam,
1755 487 194 46 verumetiam

1093 524 205 48 communem
1247 524 222 48 notionem,
1418 524 120 48 vel
1486 524 154 48 ipsam
1589 524 257 48 spirationem
1794 524 154 48 filio
1880 524 86 48 com

1089 565 184 43 mnnicat,
1227 565 123 43 ergo
1303 565 199 43 huiusmodi
1457 565 184 43 spiratio
1595 565 107 43 non
1656 565 169 43 poterit
1779 565 123 43 esse
1841 565 107 43 poste

1090 605 120 53 rior
1165 605 225 53 filiatione.
1345 605 135 53 Item,
1435 605 105 53 cum
1495 605 135 53 talis
1586 605 180 53 communis
1721 605 135 53 notio
1796 605 150 53 aequalem

1090 643 158 53 habeat
1201 643 174 53 relatiu
1327 643 95 53 am
1374 643 252 53 oppositonem,
1579 643 79 53 &
1611 643 221 53 simultatem
1784 643 110 53 cum
1832 643 126 53 spira-

1097 689 126 47 tione
1181 689 168 47 passiua,
1307 689 112 47 quae
1377 689 98 47 est
1433 689 168 47 spiritus
1559 689 140 47 sancti
1657 689 224 47 constitutiua
1825 689 126 47 proprie

1094 725 114 44 tas,
1165 725 143 44 qualem
1265 725 129 44 habet
1351 725 215 44 paternitas,
1523 725 72 44 &
1551 725 186 44 filiatio:
1695 725 157 44 liquido
1809 725 172 44 apparet,

1089 768 116 36 quod
1161 768 87 36 in
1204 768 159 36 diuinis
1320 768 130 36 nulla
1406 768 144 36 potest
1507 768 116 36 esse
1580 768 144 36 realis
1681 768 202 36 prioritas,
1839 768 101 36 nec
1883 768 72 36 per

1085 800 187 45 sonarum,
1226 800 109 45 nec
1288 800 234 45 relationum,
1475 800 125 45 siue
1553 800 249 45 oppositarum,
1755 800 109 45 nec
1802 800 156 45 despera-

1088 848 161 43 tarum,
1200 848 112 43 nec
1265 848 273 43 processionum,
1489 848 128 43 siue
1570 848 209 43 originum.
1730 848 96 43 Et
1778 848 112 43 cum
1827 848 128 43 dicunt

1097 878 127 52 quod
1177 878 191 52 communis
1320 878 143 52 notio
1416 878 111 52 non
1479 878 239 52 constituit:
1670 878 96 52 de
1718 878 111 52 hoc
1782 878 127 52 sunt
1845 878 96 52 opi-

1088 923 160 39 niones,
1205 923 87 39 vt
1249 923 131 39 infra
1336 923 160 39 poterit
1452 923 160 39 patere,
1569 923 102 39 cum
1627 923 175 39 tractabo
1758 923 87 39 de
1787 923 160 39 constitu-

1097 956 130 50 tiuis
1183 956 203 50 principiis
1343 956 217 50 personarum.
1517 956 87 50 Ad
1560 956 174 50 praesens
1691 956 130 50 tamen
1778 956 130 50 dico,
1850 956 87 50 quod

1082 993 133 46 dato,
1171 993 118 46 quod
1245 993 104 46 non
1304 993 207 46 constituat
1467 993 148 46 patris
1571 993 178 46 personam
1704 993 89 46 in
1749 993 118 46 esse
1808 993 133 46 distin-

1096 1033 121 43 ctiuo
1176 1033 94 43 quo
1230 1033 81 43 ad
1270 1033 134 43 filiu,
1364 1033 94 43 non
1418 1033 121 43 tamen
1498 1033 94 43 est
1552 1033 175 43 posterior
1686 1033 215 43 paternitate:
1861 1033 121 43 sicut

1090 1082 112 40 nec
1154 1082 192 40 essentia
1298 1082 176 40 diuina,
1425 1082 128 40 quae
1505 1082 192 40 personam
1649 1082 160 40 patris
1760 1082 112 40 non
1808 1082 144 40 consti-

1093 1112 115 52 tuit
1165 1112 86 52 in
1208 1112 216 52 distinctiuo
1380 1112 173 52 respectu
1510 1112 216 52 cuiuscumque
1682 1112 158 52 diuinae
1783 1112 158 52 personae.

1157 1188 637 80 ARTICVLVS
1598 1188 196 80 I.

1124 1298 160 54 Vtrum
1231 1298 231 54 generatio
1408 1298 89 54 &
1444 1298 213 54 spiratio
1604 1298 231 54 differant
1764 1298 195 54 realiter.

1100 1378 212 76 SVANTVM
1254 1378 115 76 ad
1311 1378 231 76 secundum
1484 1378 288 76 principale,
1715 1378 173 76 vtrum
1811 1378 135 76 gene-

1108 1436 157 40 ratio,
1218 1436 79 40 &
1250 1436 189 40 spiratio
1391 1436 204 40 differant
1548 1436 204 40 realiter,
1705 1436 204 40 dicendum,
1847 1436 94 40 quod

1089 1475 130 44 omnes
1175 1475 187 44 catholici
1319 1475 173 44 doctores
1449 1475 86 44 in
1492 1475 101 44 hoc
1550 1475 216 44 conueniunt,
1723 1475 115 44 quod
1795 1475 115 44 duae
1853 1475 86 44 sint

1089 1502 144 50 verae,
1189 1502 72 50 &
1218 1502 144 50 reales
1318 1502 230 50 productiones
1505 1502 86 50 in
1548 1502 172 50 diuinis,
1677 1502 115 50 puta
1749 1502 187 50 productio
1879 1502 57 50 fi

1087 1543 111 46 lij,
1156 1543 111 46 quae
1225 1543 152 46 dicitur
1336 1543 193 46 generatio,
1488 1543 69 46 &
1516 1543 180 46 productio
1654 1543 166 46 spiritus
1778 1543 152 46 sancti,
1875 1543 69 46 que

1088 1583 166 47 dicitur
1209 1583 196 47 spiratio:
1360 1583 106 47 Sed
1420 1583 91 47 in
1466 1583 121 47 modo
1541 1583 212 47 declarandi
1707 1583 166 47 istarum
1813 1583 136 47 proces-

1088 1622 153 51 sionum
1195 1622 261 51 distinctionem
1410 1622 184 51 doctores
1548 1622 215 51 variantur.

1131 1661 124 52 Dicit
1214 1661 111 52 enim
1283 1661 138 52 doctor
1380 1661 152 52 noster,
1491 1661 111 52 quod
1560 1661 194 52 relationes
1712 1661 180 52 oppositae
1850 1661 83 52 in
1878 1661 69 52 di-

1097 1704 125 46 uinis
1181 1704 236 46 distinguuntur
1375 1704 167 46 secundum
1500 1704 97 46 se,
1556 1704 181 46 supposita
1695 1704 111 46 vero
1751 1704 222 46 distinguuntur.

1107 1741 88 44 er
1151 1741 132 44 tales
1239 1741 190 44 oppositas
1385 1741 219 44 relationes;
1560 1741 205 44 desperatae
1721 1741 117 44 vero
1780 1741 175 44 relationes

1095 1780 241 49 distinguuntur
1293 1780 99 49 eo,
1350 1780 113 49 quod
1420 1780 184 49 immediate
1562 1780 184 49 fundantur
1703 1780 85 49 in
1746 1780 198 49 suppositis
1887 1780 71 49 di-

1089 1813 169 56 stinctis
1216 1813 183 56 oppositis
1357 1813 240 56 relationibus;
1554 1813 71 56 &
1582 1813 113 56 ideo
1653 1813 99 56 cum
1709 1813 183 56 generatio
1850 1813 71 56 &
1864 1813 85 56 spi-

1093 1864 132 45 ratio
1181 1864 117 45 sint
1254 1864 88 45 in
1298 1864 146 45 duobus
1400 1864 205 45 suppositis
1561 1864 234 45 relationibus
1751 1864 190 45 oppositis
1883 1864 73 45 rea

1098 1894 124 52 liter
1181 1894 207 52 distinctis,
1346 1894 110 52 puta
1415 1894 83 52 in
1457 1894 124 52 filio
1539 1894 69 52 &
1567 1894 152 52 spiritu
1677 1894 152 52 sancto,
1788 1894 110 52 ideo
1843 1894 110 52 huius-

1106 1936 115 44 modi
1177 1936 229 44 processiones
1364 1936 172 44 realiter
1492 1936 115 44 sunt
1550 1936 186 44 distinctae.

1125 1976 114 50 Sed
1190 1976 162 50 contra
1303 1976 146 50 istum
1401 1976 162 50 modum,
1514 1976 130 50 quem
1595 1976 146 50 credo
1692 1976 130 50 esse
1774 1976 162 50 verum,
1871 1976 81 50 ar-

1103 2012 123 60 guit
1179 2012 153 60 quidam
1287 2012 153 60 doctor
1378 2012 77 60 sic

1132 2050 109 53 Quia
1200 2050 82 53 tu
1241 2050 122 53 alias
1323 2050 163 53 dixisti,
1445 2050 109 53 quod
1513 2050 109 53 tota
1581 2050 136 53 causa,
1677 2050 122 53 quare
1758 2050 177 53 generare,
1894 2050 68 53 &
1908 2050 68 53 spi

1097 2090 117 47 rare
1171 2090 161 47 possunt
1288 2090 132 47 stare
1376 2090 147 47 simul,
1479 2090 117 47 est,
1552 2090 117 47 quia
1625 2090 103 47 non
1684 2090 147 47 habent
1786 2090 88 47 ad
1830 2090 147 47 inuice
1918 2090 59 47 op

1089 2131 230 53 positionem,
1272 2131 107 53 sed
1334 2131 107 53 non
1395 2131 123 53 plus
1472 2131 214 53 opponuntur
1640 2131 199 53 generari,
1793 2131 77 53 &
1824 2131 184 53 spirari,

1104 2178 118 49 quam
1178 2178 178 49 generare
1311 2178 74 49 &
1341 2178 178 49 spirare,
1474 2178 118 49 ergo
1548 2178 74 49 &
1578 2178 118 49 illa
1652 2178 178 49 poterunt
1785 2178 133 49 stare
1859 2178 118 49 simul,

1098 2207 73 47 m
1128 2207 116 47 illa
1200 2207 102 47 est
1258 2207 131 47 causa
1346 2207 218 47 sufficiens,
1520 2207 116 47 quam
1578 2207 131 47 assumis

1115 2250 75 51 2
1145 2250 209 51 Praeterea,
1309 2250 90 51 tu
1354 2250 164 51 pluries
1473 2250 179 51 dixisti,
1608 2250 119 51 quod
1682 2250 209 51 relationes
1832 2250 134 51 despera

1095 2289 99 44 tae
1151 2289 99 44 non
1208 2289 269 44 multiplicantur,
1434 2289 99 44 seu
1491 2289 254 44 distinguuntur,
1703 2289 113 44 nisi
1773 2289 127 44 adsit
1844 2289 113 44 distin

1097 2329 123 45 ctio
1173 2329 184 45 secundum
1311 2329 138 45 esse,
1403 2329 107 45 cum
1465 2329 123 45 ergo
1541 2329 92 45 in
1587 2329 184 45 diuinis,
1725 2329 138 45 etiam
1802 2329 153 45 secundum

1097 2365 105 52 te,
1157 2365 105 52 non
1217 2365 105 52 sit
1277 2365 210 52 distinctio
1442 2365 180 52 secundum
1577 2365 135 52 esse,
1667 2365 120 52 ergo
1742 2365 180 52 secundum
1862 2365 105 52 dicta

1105 2405 101 54 tua
1162 2405 244 54 processiones,
1363 2405 115 54 siue
1435 2405 201 54 desperatae
1593 2405 216 54 relationes,
1766 2405 101 54 non
1823 2405 129 54 crunt
1895 2405 72 54 ibi

1083 2446 161 48 distinctae

1112 2481 75 60 3
1142 2481 209 60 Praeterea,
1306 2481 89 60 si
1351 2481 209 60 relationes
1515 2481 209 60 desperatae
1679 2481 253 60 distinguuntur
1873 2481 89 60 rea-

1108 2532 113 38 iter
1178 2532 84 38 ex
1220 2532 113 38 hoc,
1291 2532 113 38 quod
1361 2532 113 38 sunt
1431 2532 84 38 in
1474 2532 197 38 distiactis
1628 2532 211 38 suppositis,
1797 2532 113 38 tunc
1853 2532 113 38 commu-

1107 2568 92 46 nis
1160 2568 119 46 notio
1239 2568 105 46 erit
1304 2568 158 46 realiter
1423 2568 171 46 distincta
1555 2568 66 46 a
1581 2568 132 46 seipsa
1673 2568 92 46 eo,
1726 2568 105 46 quod
1792 2568 92 46 sit
1844 2568 79 46 in
1871 2568 92 46 patre

1107 2603 73 44 &
1137 2603 147 44 filio,
1239 2603 176 44 probatio
1371 2603 264 44 consequentiae:
1591 2603 117 44 quia
1665 2603 191 44 existente
1811 2603 132 44 eadem
1885 2603 73 44 cau

1110 2640 92 47 a,
1156 2640 153 47 semper
1263 2640 184 47 sequitur
1401 2640 123 47 idem
1478 2640 199 47 effectus,
1631 2640 107 47 sed
1692 2640 184 47 secundum
1830 2640 92 47 te
1861 2640 107 47 causa

1109 2682 258 48 distinctionis
1322 2682 152 48 realis
1428 2682 213 48 relationum
1595 2682 243 48 desperatarum
1793 2682 91 48 in
1823 2682 152 48 diuinis.

1106 2723 108 43 est:
1173 2723 108 43 quia
1240 2723 108 43 sunt
1307 2723 81 43 in
1348 2723 188 43 distinctis
1482 2723 175 43 suppositis.

1131 2756 102 49 Sed
1190 2756 131 49 istis
1277 2756 102 49 non
1336 2756 219 49 obstantibus
1511 2756 131 49 dicta
1599 2756 146 49 nostri
1701 2756 175 49 doctoris
1832 2756 131 49 manet
1905 2756 88 49 in

1107 2798 196 49 concussa,
1257 2798 181 49 loquitur
1393 2798 120 49 enim
1468 2798 151 49 doctor
1574 2798 90 49 de
1619 2798 166 49 talibus
1739 2798 226 49 desperatis,
1905 2798 90 49 quae

1109 2836 147 44 ambae
1207 2836 130 44 sunt
1288 2836 228 44 personales
1467 2836 277 44 proprietates,
1696 2836 82 44 &
1712 2836 261 44 incommunicabi-

1106 2879 123 48 les,
1183 2879 92 48 ex
1229 2879 139 48 cuius
1321 2879 216 48 ignorantia
1491 2879 200 48 procedunt
1645 2879 200 48 argumenta
1783 2879 185 48 praedicta.

1151 2916 93 45 Ad
1197 2916 155 45 primum
1305 2916 124 45 ergo
1382 2916 186 45 dicedum,
1522 2916 124 45 quod
1599 2916 155 45 causa,
1707 2916 139 45 quare
1800 2916 186 45 generare
1924 2916 46 45 &

1103 2957 169 49 spirare
1226 2957 138 49 stant
1318 2957 154 49 simui,
1425 2957 108 49 est
1487 2957 108 49 non
1548 2957 200 49 opposito,
1702 2957 138 49 tamen
1794 2957 108 49 hoc
1855 2957 108 49 non
1901 2957 77 49 est

1117 3007 121 36 tota
1193 3007 151 36 causa,
1299 3007 136 36 etiam
1389 3007 182 36 secundum
1526 3007 136 36 dicta
1617 3007 182 36 doctoris
1753 3007 167 36 nostri:
1874 3007 106 36 Est
1919 3007 61 36 e-

1111 3030 113 49 nim
1175 3030 194 49 intentio
1321 3030 194 49 doctoris
1466 3030 177 49 nostri,
1595 3030 129 49 quod
1675 3030 113 49 cum
1740 3030 210 49 praedicta
1901 3030 113 49 non

1125 3069 206 72 oppositone
1287 3069 132 72 causa
1375 3069 132 72 huius
1463 3069 308 72 compossibilitatis
1727 3069 117 72 est,
1801 3069 117 72 quia
1860 3069 117 72 spira
