2359 3543
434 234 185 64 mortuus,
572 234 123 64 ergo
650 234 108 64 est
711 234 139 64 homo,
804 234 108 64 sed
866 234 123 64 esse
943 234 185 64 secundum
1082 234 185 64 rationem
1205 234 93 64 tam-

437 295 116 40 tum,
509 295 102 40 est
567 295 116 40 esse
640 295 218 40 distractum,
814 295 116 40 ergo
886 295 102 40 non
944 295 174 40 sequitur
1075 295 116 40 sunt
1147 295 116 40 duae
1205 295 87 40 secu

429 332 111 58 dum
493 332 206 58 rationem,
651 332 127 58 ergo
730 332 127 58 sunt
794 332 95 58 duae

459 369 141 48 Forte
554 369 173 48 dicetur
679 369 157 48 adhuc,
789 369 126 48 quod
868 369 173 48 quamuis
993 369 141 48 illud
1088 369 110 48 sit
1151 369 126 48 bene
1213 369 79 48 di-

431 411 145 44 ctum,
527 411 112 44 vbi
592 411 193 44 vtrumque
736 411 257 44 differentium
945 411 112 44 est
1009 411 225 44 temporale:
1170 411 112 44 tamer

422 449 97 47 si
470 449 129 47 vnum
551 449 113 47 est
615 449 210 47 aeternum,
777 449 81 47 &
809 449 177 47 alterum
938 449 226 47 temporale,
1116 449 129 47 tunc
1180 449 113 47 licet

424 488 226 45 simpliciter
605 488 181 45 inferre,
740 488 121 45 quod
816 488 106 45 duo
876 488 136 45 sunt,
967 488 166 45 quamuis
1087 488 121 45 sola
1147 488 136 45 ratione

428 527 225 42 differant,
605 527 161 42 maxime
717 527 112 42 cum
781 527 209 42 aeternum,
942 527 80 42 &
974 527 209 42 temporale
1118 527 177 42 differant

440 568 113 47 lus
504 568 129 47 quam
585 568 178 47 genere,
714 568 97 47 vt
763 568 145 47 patet
859 568 97 47 1o
892 568 145 47 metaph-

427 606 234 52 Respondeo,
611 606 133 52 quod
694 606 133 52 his,
778 606 133 52 quae
861 606 200 52 secundum
1011 606 200 52 rationem
1145 606 150 52 tantum-

428 646 123 40 modo
505 646 154 40 habent
612 646 139 40 esse,
705 646 108 40 non
766 646 185 40 comperit
905 646 139 40 genus
997 646 200 40 proprium,
1151 646 108 40 nec
1198 646 92 40 spe-

431 685 120 41 cies
506 685 179 41 propria:
640 685 105 41 sed
700 685 209 41 reducuntur
865 685 90 41 ad
909 685 149 41 genus,
1014 685 75 41 &
1044 685 164 41 speciem
1148 685 135 41 illarum

428 728 151 46 rerum,
533 728 75 46 a
563 728 151 46 quibus
669 728 256 46 concernuntur;
880 728 75 46 &
910 728 120 46 ideo
985 728 135 46 dato,
1075 728 120 46 quod
1135 728 151 46 aeternum

436 764 75 45 &
466 764 195 45 temporale
616 764 120 45 sola
691 764 165 45 ratione
811 764 210 45 differant,
976 764 120 45 tunc
1051 764 225 45 simpliciter
1216 764 60 45 lo

420 808 165 43 quendo,
540 808 105 43 nec
600 808 180 43 differut
734 808 165 43 genere,
854 808 105 43 nec
914 808 165 43 specie,
1034 808 105 43 nec
1093 808 165 43 numero;
1198 808 90 43 quia

430 841 148 48 illud,
534 841 119 48 quod
608 841 104 48 est
668 841 104 48 ibi
727 841 178 48 secundum
861 841 193 48 rationem,
1009 841 193 48 reducitur
1157 841 89 48 ad
1187 841 104 48 illud

421 879 135 54 quod
505 879 118 54 est
573 879 202 54 secundum
708 879 101 54 rem-

476 917 130 60 corte
562 917 144 60 dices,
663 917 115 60 quod
735 917 216 60 impossibile
908 917 115 60 est,
980 917 115 60 quod
1052 917 187 60 aeternum,
1196 917 72 60 &
1210 917 72 60 tem

426 949 154 57 porale
534 949 123 57 sola
611 949 170 57 ratione
734 949 216 57 differant,
904 949 123 57 ideo
981 949 93 57 in
1027 949 247 57 declaratione
1212 949 77 57 tua

426 1002 157 44 semper
536 1002 252 44 praesupponis
725 1002 142 44 falsum.

471 1035 216 48 Respondeo,
640 1035 123 48 quod
717 1035 170 48 aliquid
841 1035 123 48 essc
918 1035 201 48 temporale
1072 1035 154 48 potest
1165 1035 108 48 dupli

426 1077 134 46 citer
515 1077 208 46 intelligi.
678 1077 104 46 Vno
738 1077 119 46 modo
812 1077 223 46 intrinsece,
990 1077 134 46 puta:
1079 1077 119 46 quia
1139 1077 148 46 idipsum,

426 1120 117 45 quod
499 1120 117 45 est,
572 1120 146 45 coepit
675 1120 117 45 esse
748 1120 88 45 in
791 1120 161 45 tepore;
908 1120 117 45 Alio
981 1120 117 45 modo
1054 1120 219 45 extrinsece,
1215 1120 58 45 pu

433 1157 85 45 ta
475 1157 114 45 quia
547 1157 157 45 aliquid
661 1157 128 45 aliud
746 1157 142 45 coepit
846 1157 114 45 esse
917 1157 85 45 in
960 1157 171 45 tempore,
1088 1157 114 45 quod
1159 1157 114 45 vere
1216 1157 57 45 ri

426 1195 148 41 fertur
530 1195 89 41 ad
574 1195 148 41 ipsum,
677 1195 133 41 quius
766 1195 207 41 relationem
928 1195 162 41 incipit
1046 1195 192 41 terminare
1193 1195 89 41 in
1223 1195 59 41 te

430 1237 131 42 pore
512 1237 148 42 Primo
610 1237 131 42 modo
692 1237 246 42 impossibile
889 1237 115 42 est
954 1237 197 42 aeternum
1102 1237 82 42 &
1118 1237 164 42 tempora-

432 1271 89 54 le
477 1271 119 54 sola
551 1271 164 54 ratione
670 1271 194 54 differre.
819 1271 104 54 Sed
879 1271 164 54 secundo
998 1271 119 54 modo
1073 1271 104 54 est
1132 1271 134 54 valde
1207 1271 74 54 pos

426 1313 164 45 sibile:
545 1313 104 45 Sic
605 1313 119 45 enim
679 1313 179 45 aeternus
813 1313 119 45 Deus
887 1313 164 45 dominus
1006 1313 149 45 coepit
1110 1313 119 45 esse
1185 1313 89 45 in
1215 1313 60 45 te

433 1354 125 51 pore,
516 1354 69 51 &
544 1354 125 51 tamen
627 1354 138 51 illud,
724 1354 111 51 quod
793 1354 97 51 est
848 1354 125 51 Deus,
931 1354 69 51 a
959 1354 138 51 seipso
1056 1354 152 51 differt
1166 1354 111 51 sola
1222 1354 55 51 ra

433 1392 149 47 tione,
537 1392 89 47 vt
582 1392 119 47 Deus
656 1392 164 47 dicitur
775 1392 179 47 dominus,
909 1392 119 47 puta
984 1392 104 47 per
1043 1392 193 47 respectum
1177 1392 104 47 ratio

433 1432 122 56 nis,
509 1432 122 56 quem
585 1432 198 56 concernit
737 1432 91 56 ex
782 1432 106 56 eo,
843 1432 122 56 quod
919 1432 182 56 terminat
1056 1432 213 56 relationem
1208 1432 76 56 ser

426 1471 100 55 ui,
483 1471 100 55 qui
540 1471 142 55 coepit
639 1471 114 55 esse
710 1471 85 55 in
739 1471 142 55 tempore.

506 1547 546 82 ARTICVLVS
884 1547 252 82 LIII

422 1665 148 90 Vtrum
520 1665 98 90 in
569 1665 246 90 processione
766 1665 213 90 temporali
930 1665 197 90 spiritus
1077 1665 164 90 sancti
1176 1665 98 90 ipso

584 1742 147 49 detii
681 1742 277 49 personaliter,
909 1742 114 49 vel
974 1742 130 49 dona
1040 1742 81 49 sud

438 1822 192 51 SVANTVM
577 1822 105 51 ad
630 1822 192 51 quartum
770 1822 227 51 articulum
945 1822 227 51 scilicet,
1120 1822 157 51 vtrum
1207 1822 70 51 in

550 1862 223 54 processione
728 1862 193 54 temporali
877 1862 178 54 spiritus
1011 1862 149 54 sancti
1115 1862 119 54 ipse
1174 1862 104 54 detur

429 1907 257 49 personaliter,
640 1907 106 49 vel
701 1907 121 49 dona
776 1907 121 49 sua,
852 1907 136 49 ponam
942 1907 121 49 duas
1018 1907 257 49 conclusiones,

465 1940 143 54 Prima
560 1940 127 54 est,
640 1940 127 54 quod
719 1940 175 54 sanctis
846 1940 206 54 hominibus
1005 1940 111 54 non
1069 1940 143 54 solum
1148 1940 127 54 dantur

422 1974 116 51 dona
494 1974 174 51 spiritus
625 1974 160 51 sancti,
741 1974 203 51 verumetiam
900 1974 116 51 ipse
973 1974 174 51 spiritus
1103 1974 160 51 sanctus
1205 1974 73 51 per

420 2020 250 52 sonaliter
612 2020 173 52 datur
708 2020 115 52 eis.

423 2060 85 52 1
457 2060 136 52 Quia
542 2060 170 52 illud,
661 2060 119 52 cui
729 2060 272 52 propriissime
950 2060 204 52 conuenit
1103 2060 153 52 nomen
1188 2060 85 52 do-

420 2099 105 55 ni,
480 2099 105 55 hoc
540 2099 195 55 hominibus
689 2099 165 55 sanctis
809 2099 105 55 non
869 2099 135 55 debet
959 2099 195 55 denegari:
1108 2099 105 55 sed
1153 2099 120 55 spiri-

419 2144 108 50 tui
480 2144 154 50 sancto
588 2144 247 50 propriissime
789 2144 185 50 conuenit
928 2144 139 50 nomen
1020 2144 139 50 doni.
1113 2144 139 50 Maior
1190 2144 77 50 pro

427 2176 120 51 tet:
502 2176 166 51 minorem
623 2176 181 51 declaro.

453 2214 112 46 Vbi
517 2214 112 46 est
581 2214 256 46 aduertendum,
789 2214 128 46 quod
869 2214 160 46 donum,
980 2214 80 46 &
1012 2214 144 46 datum
1092 2214 176 46 differunt

421 2252 88 54 in
451 2252 117 54 tribus

466 2294 152 42 Primo,
572 2294 122 42 quia
648 2294 137 42 datum
740 2294 106 42 cum
800 2294 106 42 sit
861 2294 228 42 participium
1044 2294 198 42 preteriti
1181 2294 91 42 tem-

425 2334 152 51 poris,
531 2334 121 51 ideo
607 2334 212 51 necessario
774 2334 258 51 consignificat
986 2334 167 51 tempus:
1107 2334 106 51 Sed
1153 2334 121 51 donum,

416 2375 110 47 eum
479 2375 110 47 sit
542 2375 158 47 nomen,
653 2375 126 47 ideo
732 2375 110 47 non
795 2375 221 47 significat
968 2375 110 47 cum
1031 2375 189 47 tempore,
1173 2375 79 47 &
1189 2375 79 47 per

419 2417 241 49 consequens,
612 2417 113 49 cum
676 2417 209 49 abstrahat
837 2417 80 49 a
870 2417 193 49 tempore,
1014 2417 225 49 aeternitas
1175 2417 97 49 sibi

413 2453 157 51 non
502 2453 292 51 repugnat.

414 2489 199 46 Secundo,
563 2489 132 46 quia
646 2489 149 46 donum
745 2489 248 46 liberaliter
944 2489 199 46 procedit
1093 2489 83 46 a
1110 2489 165 46 donante,

421 2532 115 50 ideo
492 2532 86 50 in
536 2532 158 50 proprio
650 2532 101 50 suo
708 2532 215 50 significato
880 2532 215 50 praescindit
1053 2532 72 50 a
1067 2532 201 50 retributione

413 2574 109 50 sed
476 2574 140 50 datum
569 2574 94 50 ab
616 2574 203 50 huiusmodi
772 2574 250 50 retributione
975 2574 109 50 non
1022 2574 218 50 praescindit.

429 2607 168 45 Tertio
547 2607 168 45 donum,
665 2607 118 45 cum
732 2607 118 45 sit
799 2607 168 45 nomen,
917 2607 235 45 significat
1102 2607 118 45 per
1152 2607 118 45 modum

417 2651 218 48 qualitatis,
592 2651 73 48 &
621 2651 233 48 aptitudinis;
811 2651 204 48 significat
971 2651 116 48 enim
1044 2651 102 48 rem
1102 2651 146 48 talem,
1189 2651 73 48 qua

411 2691 91 41 ex
456 2691 106 41 sua
517 2691 152 41 natura
623 2691 136 41 habet
714 2691 227 41 aptitudinem
896 2691 91 41 ad
941 2691 121 41 hoc,
1017 2691 121 41 quod
1093 2691 152 41 detur;
1199 2691 106 41 Sed

419 2726 139 55 datum
511 2726 108 55 cum
573 2726 108 55 sit
635 2726 231 55 participium
820 2726 216 55 significat
989 2726 108 55 per
1051 2726 139 55 modum
1144 2726 154 55 actus,

419 2770 129 44 siue
499 2770 113 44 sit
564 2770 145 44 talis
661 2770 193 44 aptitudo
806 2770 81 44 n
838 2770 113 44 eo,
902 2770 129 44 quod
983 2770 161 44 datur,
1096 2770 129 44 siue
1160 2770 81 44 non

454 2806 88 45 Ex
498 2806 103 45 his
557 2806 147 45 potest
660 2806 161 45 inferri
777 2806 132 45 talis
865 2806 205 45 descriptio
1026 2806 132 45 doni.
1114 2806 132 45 Donum
1188 2806 73 45 est

420 2846 117 55 quod
494 2846 220 55 liberaliter
670 2846 103 55 est
728 2846 205 55 tribuibile
890 2846 117 55 sine
963 2846 161 55 tepore,
1080 2846 88 55 ex
1124 2846 88 55 se
1154 2846 117 55 habens

419 2888 217 49 aptitudinem
592 2888 87 49 ad
636 2888 116 49 hoc,
708 2888 87 49 vt
752 2888 203 49 tribuatur.
911 2888 87 49 Et
955 2888 116 49 quia
1027 2888 116 49 illa
1085 2888 174 49 descriptio

417 2933 165 45 proprie
537 2933 180 45 conuenit
672 2933 180 45 spiritui
807 2933 165 45 sancto,
928 2933 120 45 ideo
1003 2933 135 45 patet
1093 2933 120 45 illa
1153 2933 105 45 minor

411 2962 119 60 quae
485 2962 119 60 fuit
545 2962 193 60 declaranda.

454 3009 77 42 2
484 3009 217 42 Praeterea,
655 3009 139 42 illud
748 3009 155 42 donum,
856 3009 108 42 quo
918 3009 186 42 singulis
1058 3009 170 42 membris
1166 3009 93 42 Chri

417 3040 106 46 sti
478 3040 167 46 propria
599 3040 121 46 dona
675 3040 167 46 dantur,
796 3040 106 46 hoc
857 3040 121 46 vere
933 3040 137 46 datur
1024 3040 137 46 ipsis
1100 3040 152 46 hominibu

406 3082 180 56 sanctis:
541 3082 105 56 sed
601 3082 180 56 spiritus
735 3082 165 56 sanctus
855 3082 105 56 est
915 3082 195 56 huiusmodi
1064 3082 150 56 donum,
1169 3082 90 56 vt
1199 3082 75 56 pa

1322 251 104 56 tet
1382 251 104 56 per
1441 251 119 56 Aug.
1515 251 104 56 15.
1574 251 89 56 de
1619 251 119 56 trin
1693 251 104 56 vbi
1753 251 104 56 sic
1812 251 119 56 ait,
1886 251 104 56 Per
1946 251 148 56 donum,
2049 251 119 56 quod
2109 251 74 56 est

1314 289 190 55 spiritus
1457 289 190 55 sanctus,
1599 289 174 55 omnibus
1726 289 174 55 membris
1853 289 174 55 Christi
1964 289 222 55 quibuscumque

1329 332 128 60 dona
1409 332 176 60 propria
1521 332 209 60 diuiduntur.

1354 342 78 80 3
1386 342 140 80 Patet
1479 342 140 80 etiam
1573 342 125 80 illa
1650 342 203 80 conclusio
1806 342 109 80 per
1868 342 203 80 Apostolum
2009 342 171 80 dicentem,

1318 412 166 44 Caritas
1439 412 106 44 Dei
1499 412 166 44 diffusa
1620 412 106 44 est
1681 412 91 44 in
1726 412 182 44 cordibus
1862 412 166 44 nostris
1983 412 106 44 per
2029 412 151 44 spiritum

1316 451 190 46 sanctum,
1459 451 111 46 qui
1522 451 143 46 datus
1618 451 127 46 est,
1697 451 159 46 nobis.
1808 451 127 46 Quod
1887 451 159 46 verbum
1983 451 206 46 pertractans

1318 488 149 42 beatus
1422 488 164 42 August.
1542 488 104 42 15.
1601 488 89 42 de
1646 488 119 42 trin
1720 488 119 42 ait,
1795 488 119 42 quod
1869 488 179 42 spiritus
2003 488 179 42 sanctus,
2123 488 74 42 da-

1326 530 107 47 tur
1387 530 153 47 nobis,
1494 530 92 47 vt
1540 530 107 47 nos
1601 530 153 47 faciat
1708 530 107 47 Dei
1769 530 76 47 &
1800 530 168 47 proximi
1922 530 199 47 amatores.
2075 530 92 47 Et
2105 530 92 47 sub-

1330 569 102 50 dit
1389 569 146 50 infra,
1491 569 117 50 quod
1564 569 175 50 spiritus
1696 569 175 50 sanctus,
1827 569 102 50 per
1886 569 117 50 quem
1959 569 219 50 diffunditur
2120 569 58 50 in

1324 610 186 46 cordibus
1464 610 186 46 caritas,
1604 610 109 46 cum
1666 610 109 46 sit
1728 610 140 46 Deus;
1821 610 140 46 etiam
1915 610 171 46 vocatur
2023 610 109 46 donum

1356 647 143 47 Forte
1451 647 174 47 dicetur
1578 647 158 47 contra
1689 647 143 47 illam
1784 647 269 47 conclusionem,
2006 647 158 47 lllud,
2101 647 95 47 quod

1321 695 121 43 datum
1401 695 94 43 est
1455 695 148 43 alicui,
1563 695 94 43 hoc
1617 695 94 43 est
1671 695 81 43 in
1712 695 175 43 potestate
1846 695 148 43 illius,
1954 695 94 43 qui
2008 695 148 43 recipit
2103 695 67 43 ip-

1325 726 115 50 sum:
1396 726 100 50 sed
1454 726 172 50 spiritus
1583 726 158 50 sanctus
1698 726 100 50 non
1755 726 100 50 est
1813 726 86 50 in
1856 726 187 50 potestate
1999 726 172 50 hominis,
2114 726 72 50 er-

1332 764 99 52 so
1382 764 265 52 personaliter
1597 764 116 52 non
1663 764 149 52 datur
1746 764 132 52 homini

1339 773 235 83 Respondeo,
1524 773 134 83 quod
1607 773 151 83 donum
1708 773 168 83 potest
1825 773 134 83 esse
1909 773 184 83 duplex.
2043 773 117 83 Vno
2093 773 84 83 mo-

1320 844 92 48 do
1366 844 200 48 naturale,
1519 844 123 48 alio
1596 844 123 48 modo
1673 844 277 48 supernaturale,
1903 844 77 48 &
1934 844 230 48 simpliciter
2103 844 77 48 su-

1317 893 246 39 pereminens
1511 893 105 39 De
1563 893 158 39 primo
1669 893 211 39 procedit
1827 893 263 39 argumentum:
2038 893 123 39 sed
2090 893 88 39 non

1322 923 97 50 de
1370 923 193 50 secundo:
1515 923 129 50 quia
1596 923 177 50 quamuis
1725 923 145 50 donum
1821 923 193 50 naturale
1950 923 226 50 transferatur

1314 961 95 54 in
1362 961 205 54 potestate
1519 961 252 54 recipientis,
1724 961 142 54 tamen
1819 961 142 54 donum
1913 961 252 54 supereminens
2102 961 79 54 hoc

1316 1003 208 50 operatur,
1476 1003 96 50 vt
1524 1003 208 50 recipiens
1683 1003 223 50 quodammodo
1859 1003 144 50 extra
1955 1003 96 50 se
1986 1003 192 50 transfera-

1318 1044 102 43 tur
1377 1044 87 43 in
1420 1044 189 43 potestate
1566 1044 218 43 largientis:
1740 1044 87 43 Et
1784 1044 116 43 quia
1856 1044 174 43 spiritus
1987 1044 174 43 sanctus,
2103 1044 73 43 cum

1319 1081 103 47 sit
1378 1081 118 47 amor
1452 1081 74 47 &
1482 1081 177 47 caritas,
1614 1081 251 47 perfectissime
1821 1081 133 47 nobis
1909 1081 148 47 datur,
2013 1081 148 47 quando
2101 1081 74 47 per

1314 1118 143 45 fecte
1410 1118 127 45 Deum
1489 1118 223 45 diligimus:
1664 1118 127 45 ideo
1744 1118 143 45 plene
1840 1118 143 45 nobis
1935 1118 143 45 datur
2015 1118 159 45 spiritus

1316 1156 199 49 sanctus,
1466 1156 116 49 cum
1532 1156 116 49 per
1599 1156 216 49 extaticum
1765 1156 166 49 amorem
1881 1156 100 49 in
1931 1156 216 49 huiusmodi
2080 1156 100 49 doni

1317 1198 217 44 largitorem
1488 1198 310 44 supernaturaliter
1752 1198 279 44 transformamur.
1985 1198 124 44 Quod
2047 1198 124 44 atten-

1315 1237 111 44 dens
1384 1237 83 44 D.
1426 1237 125 44 Dion.
1509 1237 83 44 4.
1550 1237 83 44 de
1592 1237 83 44 di
1633 1237 125 44 nomi.
1716 1237 111 44 ait.
1786 1237 125 44 Amor,
1869 1237 83 44 si
1910 1237 138 44 fortis
2007 1237 152 44 fuerit,
2104 1237 69 44 ex-

1316 1273 146 51 tasim
1413 1273 194 51 faciens,
1558 1273 243 51 transformat
1753 1273 178 51 amantem
1882 1273 97 51 in
1930 1273 178 51 amatum.
2044 1273 129 51 Posset

1310 1313 142 51 etiam
1405 1313 142 51 minor
1500 1313 158 51 illius
1611 1313 221 51 instantiae
1785 1313 158 51 aliquo
1895 1313 127 51 modo
1974 1313 174 51 negari:
2085 1313 95 51 quia

1309 1354 109 48 hoc
1372 1354 124 48 agit
1449 1354 109 48 vis
1512 1354 202 48 feruentis
1667 1354 171 48 amoris,
1791 1354 124 48 quod
1869 1354 109 48 non
1931 1354 187 48 reliquit
2056 1354 124 48 amato-

1312 1394 103 46 rem
1371 1394 117 46 esse
1444 1394 205 46 suiipsius,
1606 1394 103 46 sed
1664 1394 147 46 amati,
1767 1394 88 46 vt
1811 1394 103 46 ait
1870 1394 117 46 Hugo
1943 1394 88 46 de
1987 1394 147 46 Sancto
2075 1394 103 46 Victo

1316 1433 89 44 re
1361 1433 89 44 in
1405 1433 134 44 libro
1495 1433 89 44 de
1540 1433 119 44 Arra
1614 1433 179 44 sponsae.
1748 1433 89 44 Et
1793 1433 149 44 Deatus
1897 1433 149 44 August
2001 1433 119 44 ait,
2076 1433 74 44 O
2091 1433 89 44 ani-

1325 1473 81 52 ma
1365 1473 94 52 mea
1419 1473 134 52 attede
1513 1473 107 52 quid
1580 1473 161 52 diligas,
1701 1473 81 52 si
1741 1473 148 52 diligis
1849 1473 148 52 terram,
1956 1473 121 52 terra
2037 1473 94 52 es;
2090 1473 81 52 si
2117 1473 54 52 di

1308 1502 120 52 ligis
1388 1502 147 52 caelum,
1494 1502 120 52 celum
1574 1502 93 52 es,
1628 1502 120 52 Audeo
1708 1502 147 52 dicere,
1814 1502 107 52 quod
1881 1502 80 52 si
1921 1502 147 52 diligis
2027 1502 120 52 Deum,
2094 1502 80 52 Deus

1314 1548 107 48 es,
1375 1548 168 48 Talibus
1497 1548 122 48 enim
1574 1548 138 48 dedit
1666 1548 122 48 Deus
1742 1548 214 48 potestatem
1911 1548 153 48 filios
2018 1548 107 48 Dei
2064 1548 107 48 fieri

1314 1596 84 48 vt
1356 1596 126 48 patet
1440 1596 98 48 per
1496 1596 126 48 loan.
1580 1596 84 48 Et
1622 1596 112 48 ideo
1692 1596 126 48 tales
1776 1596 168 48 perfecte
1902 1596 196 48 diligetes,
2056 1596 140 48 aliqua

1308 1628 135 48 liter
1398 1628 150 48 habent
1503 1628 211 48 potestatem
1669 1628 90 48 in
1714 1628 165 48 patrem,
1834 1628 135 48 iuxta
1924 1628 120 48 quod
2000 1628 105 48 ait
2045 1628 120 48 filius

1305 1668 93 49 in
1351 1668 216 49 Euangelio,
1520 1668 93 49 Si
1567 1668 216 49 manseritis
1736 1668 93 49 in
1783 1668 108 49 me,
1844 1668 77 49 &
1875 1668 139 49 verba
1968 1668 108 49 mea
2029 1668 93 49 in
2060 1668 108 49 vobis

1305 1711 236 46 manserint,
1491 1711 236 46 quodcumque
1676 1711 236 46 petieritis
1862 1711 84 46 a
1896 1711 152 46 patre
1997 1711 101 46 in
2031 1711 135 46 nomine

1310 1753 118 49 meo,
1384 1753 118 49 fiet
1458 1753 148 49 vobis.
1561 1753 118 49 Ergo
1635 1753 103 49 pie
1694 1753 148 49 potest
1797 1753 133 49 dici,
1886 1753 118 49 quod
1959 1753 133 49 tales
2033 1753 133 49 homines

1305 1783 154 49 habent
1413 1783 216 49 amicabilem
1582 1783 216 49 potestatem
1752 1783 139 49 etiam
1844 1783 93 49 in
1890 1783 185 49 spiritum
2014 1783 154 49 sanctum.

1325 1826 174 52 Secunda
1451 1826 205 52 conclusio
1609 1826 110 52 est
1672 1826 126 52 quod
1751 1826 189 52 spiritus
1893 1826 174 52 sanctus
2019 1826 110 52 non
2067 1826 110 52 datur

1300 1862 126 49 in
1363 1862 168 49 omni
1468 1862 168 49 dono
1574 1862 168 49 suo.

1322 1902 82 48 1
1354 1902 131 48 Quia
1436 1902 262 48 quandocumque
1649 1902 197 48 spiritus
1797 1902 180 48 sanctus
1928 1902 164 48 datur,
2043 1902 131 48 tunc
2108 1902 66 48 re

1315 1939 149 58 cipiens
1424 1939 244 58 sanctificatur,
1627 1939 108 58 vel,
1694 1939 81 58 si
1735 1939 149 58 sanctus
1843 1939 108 58 est,
1911 1939 81 58 in
1951 1939 189 58 sanctitate
2087 1939 81 58 aug-

1315 1985 189 46 mentatur:
1461 1985 116 46 illa
1533 1985 131 46 patet
1621 1985 87 46 ex
1664 1985 233 46 descriptione
1853 1985 233 46 processionis
2028 1985 145 46 spiritus

1310 2020 156 49 sancti
1420 2020 188 49 superius
1560 2020 172 49 habita:
1685 2020 109 49 Sed
1748 2020 172 49 quaedam
1873 2020 125 49 sunt
1951 2020 125 49 dona
2014 2020 156 49 spiritus

1305 2060 153 49 sancti,
1416 2060 83 49 in
1458 2060 139 49 quibus
1555 2060 139 49 nuquam
1652 2060 180 49 confertur
1791 2060 194 49 sanctitas;
1943 2060 166 49 quaedam,
2054 2060 111 49 quibus

1321 2106 184 50 quandoque
1462 2106 198 50 confertur,
1617 2106 184 50 quandoque
1759 2106 99 50 non
1815 2106 198 50 confertur,
1970 2106 169 50 quaedam,
2083 2106 85 50 qui-

1308 2140 105 44 bus
1368 2140 149 44 semper
1472 2140 209 44 confertur.
1637 2140 119 44 Ideo
1711 2140 90 44 in
1756 2140 149 44 primis
1860 2140 179 44 praecise
1995 2140 164 44 stando,
2099 2140 75 44 num

1309 2177 110 49 quam
1378 2177 123 49 datur
1460 2177 164 49 spiritus
1583 2177 164 49 sanctus.
1707 2177 82 49 In
1748 2177 151 49 secudis
1857 2177 178 49 quandoque
1995 2177 110 49 sic,
2063 2177 69 49 &
2077 2177 82 49 quan

1298 2220 146 47 doque
1395 2220 129 47 non:
1476 2220 113 47 Sed
1540 2220 97 47 in
1589 2220 146 47 donis
1686 2220 162 47 tertio
1799 2220 129 47 modo
1880 2220 162 47 dictis
1993 2220 162 47 semper
2090 2220 65 47 da

1305 2255 117 54 tur.
1378 2255 131 54 Minor
1466 2255 102 54 hic
1524 2255 175 54 assumpta
1655 2255 146 54 patet:
1757 2255 117 54 quia
1830 2255 131 54 fides
1917 2255 189 54 informis,
2063 2255 73 54 &
2078 2255 87 54 ti-

1312 2295 105 51 mor
1372 2295 180 51 seruilis
1507 2295 165 51 quamuis
1627 2295 120 51 sint
1702 2295 120 51 dona
1777 2295 180 51 spiritus
1912 2295 165 51 sancti,
2032 2295 135 51 tamen
2107 2295 60 51 in

1304 2334 129 58 ipsis
1390 2334 157 58 precise
1504 2334 186 58 sistendo,
1647 2334 129 58 nulla
1733 2334 186 58 confertur
1876 2334 200 58 sanctitas.
2033 2334 114 58 Item
2090 2334 72 58 ope

1308 2382 136 44 ratio
1399 2382 242 44 miraculorum,
1595 2382 151 44 gratia
1701 2382 212 44 linguarum,
1868 2382 212 44 prophetia,
2034 2382 76 44 &
2064 2382 106 44 his
2110 2382 61 44 si

1301 2413 161 58 milia,
1414 2413 209 58 quandoque
1575 2413 177 58 collata
1704 2413 129 58 sunt
1784 2413 161 58 malis,
1897 2413 209 58 quandoque
2042 2413 129 58 bonis;

1305 2457 81 42 &
1337 2457 129 42 ideo
1418 2457 210 42 quandoque
1579 2457 129 42 sine
1659 2457 242 42 sanctitate,
1853 2457 210 42 quandoque
2014 2457 113 42 cum
2062 2457 97 42 san-

1312 2491 181 65 ctitate;
1448 2491 106 65 Sed
1508 2491 181 65 caritas,
1644 2491 75 65 &
1674 2491 151 65 gratia
1779 2491 166 65 numquam
1900 2491 241 65 conferuntur,
2081 2491 90 65 nisi

1300 2529 104 43 cum
1360 2529 224 43 sanctitate,
1539 2529 119 43 ideo
1598 2529 75 43 &c.

1329 2575 90 39 Et
1374 2575 119 39 illa
1448 2575 104 39 est
1508 2575 179 39 intentio
1643 2575 134 39 Deati
1732 2575 164 39 August.
1852 2575 104 39 15.
1911 2575 90 39 de
1956 2575 119 39 trin
2031 2575 104 39 vbi
2090 2575 104 39 lo

1315 2614 113 47 uens
1386 2614 85 47 de
1428 2614 99 47 hoc
1485 2614 113 47 dono
1555 2614 170 47 spiritus
1683 2614 156 47 sancti,
1796 2614 113 47 quod
1867 2614 99 47 est
1923 2614 170 47 caritas,
2051 2614 99 47 sic
2093 2614 71 47 ait

1304 2653 156 45 Nullum
1413 2653 140 45 donum
1507 2653 109 45 est
1569 2653 125 45 illo
1647 2653 125 45 dono
1725 2653 265 45 excellentius,
1943 2653 125 45 sola
2021 2653 125 45 enim
2083 2653 78 45 est

1306 2698 111 49 quae
1376 2698 153 49 diuidit
1487 2698 125 49 inter
1570 2698 139 49 filios
1667 2698 125 49 regni
1750 2698 167 49 aeterni,
1875 2698 69 49 &
1903 2698 139 49 filios
1986 2698 167 49 perditioni

1295 2733 202 51 aeternae.
1451 2733 93 51 Et
1497 2733 93 51 vt
1544 2733 155 51 ibidem
1653 2733 171 51 innuit,
1777 2733 140 51 solum
1870 2733 109 51 cum
1932 2733 109 51 hoc
1994 2733 124 51 dono
2056 2733 109 51 datur

1308 2765 162 53 piritus
1412 2765 148 53 sanctus.

1341 2804 139 52 Forte
1433 2804 155 52 contra
1542 2804 139 52 illam
1634 2804 247 52 conclusionem
1835 2804 186 52 dicetur,
1974 2804 124 52 quod
2036 2804 124 52 nullum

1305 2855 134 47 ponum
1395 2855 149 47 potest
1499 2855 119 47 esse
1574 2855 90 47 in
1619 2855 149 47 nobis,
1723 2855 119 47 nisi
1798 2855 90 47 ex
1843 2855 105 47 eo,
1902 2855 119 47 quod
1977 2855 119 47 Deus
2052 2855 105 47 nos
2096 2855 60 47 di

1297 2886 141 49 ligit,
1396 2886 99 49 sed
1452 2886 113 49 omne
1523 2886 127 49 donum
1608 2886 170 49 spiritus
1735 2886 155 49 sancti,
1848 2886 113 49 quod
1919 2886 127 49 datur
1989 2886 170 49 hominibus,

1296 2932 113 42 est
1361 2932 178 42 aliquod
1490 2932 162 42 bonum,
1604 2932 130 42 ergo
1685 2932 162 42 nullum
1798 2932 146 42 donum
1896 2932 195 42 spiritus
2025 2932 130 42 sancti

1296 2965 140 49 datur
1389 2965 217 49 hominibus,
1559 2965 124 49 nisi
1637 2965 171 49 astante
1761 2965 109 49 Dei
1823 2965 233 49 dilectione,
2009 2965 109 49 cum
2055 2965 93 49 ergo

1290 3006 170 53 spiritus
1418 3006 156 53 sanctus
1531 3006 99 53 sit
1588 3006 185 53 dilectio,
1730 3006 142 53 igitur
1829 3006 170 53 videtur,
1957 3006 114 53 quod
2014 3006 142 53 spiritus

1294 3041 185 56 anctus
1423 3041 167 56 detur
1534 3041 111 56 in
1590 3041 148 56 omni
1682 3041 130 56 suo
1738 3041 130 56 dono.

1329 3084 221 54 Respondeo,
1503 3084 126 54 quod
1581 3084 221 54 argumentum
1755 3084 189 54 procedit
1897 3084 95 54 de
1944 3084 142 54 amore
2023 3084 126 54 essen
