2267 3546
117 263 238 72 imipersonae,
311 263 74 72 &
341 263 104 72 non
400 263 164 72 alteri,
519 263 104 72 hoc
579 263 134 72 tamen
668 263 104 72 non
728 263 104 72 est
787 263 149 72 contra
892 263 134 72 illam

137 329 170 51 maorem,
260 329 124 51 quam
337 329 201 51 assumpsi,
492 329 124 51 quia
569 329 185 51 expresse
708 329 108 51 ibi
770 329 155 51 loquor
878 329 93 51 de
909 329 93 51 ista

132 365 223 51 actiuitate,
311 365 119 51 quae
385 365 164 51 talibus
504 365 179 51 conuenit
638 365 179 51 secundum
772 365 149 51 opera,
876 365 119 51 quae
935 365 60 51 ab

132 402 126 56 insis
216 402 182 56 procedunt
342 402 211 56 indistincte.-

148 428 117 65 Eex
215 428 117 65 hia
282 428 151 65 patet
383 428 134 65 quid
467 428 117 65 sit
534 428 201 65 dicendum
684 428 101 65 ad
735 428 218 65 secundum:
885 428 101 65 quia

137 478 192 53 quamunis
281 478 176 53 mattere
408 478 144 53 primo
504 478 128 53 modo
584 478 160 53 habeat
696 478 128 53 esse
776 478 112 53 per
823 478 160 53 produce-

129 521 104 50 re,
189 521 89 50 eo
233 521 104 50 que
293 521 178 50 potestas
426 521 238 50 communicetur
620 521 178 50 personae
753 521 193 50 productae
902 521 89 50 ex
932 521 59 50 vi

141 560 261 48 productionis,
356 560 138 48 tamen
448 560 154 48 secudo
555 560 123 48 modo
632 560 138 48 habet
724 560 123 48 esse
801 560 92 48 ex
831 560 154 48 communis

134 607 238 43 voluntatis
321 607 306 43 determinatione
575 607 170 43 omnium
694 607 153 43 trium
779 607 204 43 personarum

137 637 110 50 Quo
200 637 94 50 ad
247 637 189 50 secundum
389 637 220 50 propositum
562 637 157 50 illius
672 637 157 50 tertij
782 637 189 50 articuli
907 637 79 50 di-

126 677 94 50 to
189 677 187 50 spiritus
329 677 172 50 sanctus
454 677 156 50 mittit
563 677 172 50 filium,
688 677 109 50 non
750 677 140 50 primo
844 677 125 50 modo
906 677 78 50 su-

135 716 164 50 periuas
254 716 149 50 dicto,
358 716 104 50 cum
418 716 119 50 sibi
492 716 149 50 nullam
596 716 164 50 tribuat
715 716 253 50 auctoritatem:
909 716 74 50 sec

132 755 170 51 secundo
255 755 139 51 modo:
348 755 124 51 quia
426 755 155 51 filius
534 755 108 51 est
596 755 170 51 legatus
720 755 108 51 Dei
782 755 170 51 patris,
891 755 108 51 luxta

145 791 117 52 quod
219 791 102 52 ait
277 791 146 52 Abdias
379 791 88 52 in
423 791 190 52 principio
570 791 102 52 sui
628 791 146 52 libri.
731 791 146 52 Legatu
833 791 132 52 misit
906 791 88 52 Deus

129 840 91 37 ad
174 840 166 37 gentes,
295 840 76 37 &
325 840 106 37 hic
386 840 166 37 legatus
507 840 166 37 accepit
627 840 242 37 auctoritatem
824 840 91 37 ab
854 840 136 37 aeterno

138 872 76 38 a
168 872 106 38 Deo
229 872 152 38 patre,
335 872 91 38 vt
381 872 152 38 mentes
487 872 167 38 hominum
609 872 152 38 valeat
715 872 228 38 illustrare.
898 872 91 38 Ad
928 872 61 38 ta

141 909 104 42 les
200 909 118 42 enim
274 909 222 42 operationes
452 909 207 42 exercendas
614 909 163 42 dicitur
733 909 133 42 mitti
821 909 163 42 filius,
925 909 59 42 ec

132 948 114 53 quod
203 948 185 53 conformes
345 948 114 53 sint
416 948 213 53 sapientiae,
586 948 114 53 quae
657 948 99 53 est
714 948 227 53 appropriatum
885 948 99 53 filij

143 997 102 39 bic
202 997 131 39 etiam
289 997 174 39 spiritus
419 997 160 39 sanctus
535 997 131 39 mitti
622 997 174 39 dicitur,
753 997 145 39 quando
854 997 131 39 fiunt
927 997 58 39 in

138 1031 131 41 nobis
226 1031 131 41 opera
313 1031 189 41 pietatis,
458 1031 73 41 &
487 1031 261 41 misericordiae,
705 1031 116 41 quae
777 1031 203 41 respiciunt
922 1031 73 41 amo

143 1073 120 47 rem,
218 1073 75 47 &
248 1073 210 47 caritatem.
412 1073 120 47 icet
487 1073 150 47 igitur
592 1073 90 47 ex
637 1073 105 47 hoc
697 1073 135 47 pater
787 1073 165 47 miserit
891 1073 105 47 prin-

138 1102 211 55 cipaliter,
304 1102 75 55 &
334 1102 272 55 auctoritatiue;
560 1102 136 55 tamen
651 1102 121 55 quia
726 1102 241 55 determinatio
907 1102 91 55 illi

145 1146 230 51 auctoritatis
332 1146 86 51 ad
375 1146 130 51 vsum,
461 1146 72 51 &
490 1146 230 51 erxecutionem
677 1146 130 51 facta
764 1146 101 51 est
821 1146 101 51 per
864 1146 130 51 diuinam

145 1189 212 34 toluntatem,
314 1189 113 34 quae
385 1189 113 34 vero
455 1189 99 34 est
512 1189 169 34 voluntas
639 1189 169 34 spiritus
766 1189 155 34 sancti,
879 1189 71 34 &
893 1189 99 34 aeque

138 1217 133 52 ficut
227 1217 148 52 patris
331 1217 74 52 &
360 1217 148 52 filij;
464 1217 148 52 ideout
568 1217 178 52 scilicet
701 1217 252 52 determinatiue
908 1217 74 52 &
923 1217 59 52 ac

138 1256 126 50 vsum
217 1256 236 50 destinatiue
405 1256 110 50 non
468 1256 141 50 solus
563 1256 157 50 pater,
673 1256 220 50 verumetiam
830 1256 157 50 spiritus

148 1299 157 53 sanctus
262 1299 142 53 martit
361 1299 128 53 ipsum
447 1299 157 53 filium.
561 1299 85 53 Et
603 1299 114 53 illa
675 1299 157 53 videtur
789 1299 114 53 esse
846 1299 142 53 express-

117 1337 174 49 intentio
248 1337 116 49 Aug.
321 1337 87 49 2.
364 1337 87 49 de
408 1337 116 49 trin
480 1337 102 49 vbi
538 1337 116 49 ait.
611 1337 131 49 Mitti
698 1337 73 49 a
727 1337 131 49 patre
814 1337 145 49 filius
901 1337 87 49 sins

142 1379 161 47 spintu
255 1379 161 47 sancto
367 1379 113 47 non
432 1379 177 47 potuit.
560 1379 113 47 Nam
625 1379 145 47 pater
721 1379 258 47 intelligitur
915 1379 80 47 eum

145 1417 160 47 misisse
262 1417 116 47 quia
335 1417 87 47 ex
378 1417 146 47 femina
480 1417 102 47 eum
538 1417 146 47 fecit,
640 1417 102 47 non
698 1417 146 47 vtique
800 1417 116 47 sinc
858 1417 146 47 fprritu-

150 1457 144 48 ancto
246 1457 112 48 hoc
310 1457 176 48 secisse
438 1457 192 48 dicitur.
582 1457 96 48 Et
630 1457 144 48 eodem
726 1457 112 48 ca.
790 1457 128 48 Augu
854 1457 160 48 exponens

152 1495 127 52 illud
237 1495 113 52 lsa,
307 1495 155 52 verbum.
420 1495 127 52 Misit
505 1495 85 52 me
547 1495 169 52 dominus,
674 1495 71 52 &
702 1495 169 52 spiritus
829 1495 127 52 eius;
914 1495 127 52 dicit

143 1533 110 49 hoc
206 1533 126 49 esse
285 1533 267 49 intelligendum
505 1533 94 49 de
552 1533 189 49 missione
694 1533 142 49 filij
788 1533 110 49 Dei
851 1533 94 49 in
882 1533 126 49 mundum

155 1573 99 53 pro
212 1573 142 53 carnis
297 1573 213 53 assumptione,.

179 1583 110 82 Sed
242 1583 125 82 huic
320 1583 235 82 conclusioni
508 1583 235 82 contradicit
696 1583 203 82 quorundam
837 1583 156 82 doctorum

143 1658 178 42 opinmo.
272 1658 162 42 Dicunt
386 1658 146 42 enim,
483 1658 130 42 quod
564 1658 162 42 verbum
677 1658 178 42 diuinum
791 1658 194 42 triplicite

142 1694 212 44 mitrtur.
301 1694 124 44 Vno
372 1694 141 44 modo
460 1694 106 44 in
513 1694 194 44 carnem.
654 1694 141 44 Alio
742 1694 141 44 modo
831 1694 106 44 in
866 1694 141 44 mentem

155 1729 145 46 senio
252 1729 129 46 modo
333 1729 97 46 ad
381 1729 210 46 faciendum
543 1729 307 46 praedicationem.
801 1729 162 46 Primis
898 1729 97 46 duo-

150 1766 97 43 bus
205 1766 138 43 modis,
302 1766 83 43 vt
343 1766 152 43 dicunt,
454 1766 166 43 mittitur
578 1766 138 43 filius
675 1766 69 43 a
702 1766 110 43 solo
771 1766 138 43 patre,
868 1766 97 43 sed
909 1766 83 43 ter-

151 1803 103 50 tio
210 1803 118 50 modo
284 1803 177 50 mittitur
417 1803 74 50 a
447 1803 162 50 spiritu
565 1803 162 50 sancto.
683 1803 133 50 Ratio
771 1803 103 50 quo
831 1803 89 50 ad
875 1803 103 50 hoc
919 1803 74 50 est

162 1845 77 51 1
192 1845 123 51 Quia
269 1845 138 51 missi
361 1845 215 51 auctoritas
531 1845 169 51 depedet
653 1845 77 51 a
684 1845 200 51 mittente:
838 1845 108 51 sed
884 1845 123 51 filius

143 1886 103 49 Dei
202 1886 89 49 in
247 1886 133 49 nullo
335 1886 177 49 dependet
468 1886 74 49 a
498 1886 162 49 spiritu
616 1886 162 49 sancto,
734 1886 118 49 nifi
808 1886 177 49 secundum
926 1886 59 49 as

129 1929 192 47 famptam
268 1929 192 47 humanam
408 1929 209 47 naturam,
565 1929 192 47 secudum
704 1929 140 47 quam
774 1929 227 47 praedicauit

132 1965 106 49 in
185 1965 176 49 mundo,
308 1965 141 49 ergo
379 1965 70 49 &c

150 1988 216 61 Praeterea,
319 1988 154 61 mitti,
427 1988 77 61 &
458 1988 170 61 mittere
582 1988 123 61 sunt
659 1988 185 61 opposita
797 1988 201 61 relatiue,
952 1988 77 61 &

136 2045 195 43 similiter
286 2045 180 43 produci,
422 2045 75 43 &
452 2045 211 43 producere,
617 2045 120 43 tunc
692 2045 180 43 arguitur
828 2045 120 43 sic.
888 2045 105 43 Quan-

126 2087 194 40 documque
271 2087 129 40 vnus
352 2087 194 40 terminus
497 2087 210 40 relatiuus
659 2087 194 40 includit
804 2087 178 40 alterum
917 2087 81 40 ter

140 2120 132 45 mmum
223 2120 232 45 relatiuum,
405 2120 132 45 tunc
488 2120 198 45 terminus
637 2120 265 45 correlatiuus
835 2120 182 45 includen-

144 2164 89 45 ti
189 2164 179 45 includit
323 2164 179 45 terminum
457 2164 238 45 correlatiuum
650 2164 179 45 inclusi,
784 2164 104 45 sed
843 2164 134 45 mitti
918 2164 74 45 in-

137 2196 140 49 cbdii
231 2196 186 49 produci,
370 2196 124 49 ergo
448 2196 171 49 mittere
572 2196 186 49 includit
712 2196 217 49 producere,
883 2196 109 49 cum
929 2196 78 49 er-

135 2236 169 59 Piritus
258 2236 169 59 sanctus
381 2236 108 59 non
443 2236 185 59 producat
581 2236 169 59 filiui,
704 2236 123 59 ergo
781 2236 108 59 non
843 2236 154 59 mitter
935 2236 62 59 eu

179 2279 230 47 Praeterea,
359 2279 99 47 si
409 2279 214 47 oppositum
573 2279 99 47 in
622 2279 214 47 oppofito,
786 2279 82 47 &
803 2279 197 47 propositum

128 2312 212 48 proposito
291 2312 114 48 sed
356 2312 195 48 mittere,
502 2312 81 48 &
535 2312 147 48 mitti
632 2312 130 48 sunt
714 2312 212 48 opposita,
877 2312 81 48 &
893 2312 114 48 mitti

128 2355 174 52 semndum
254 2355 174 52 August,
381 2355 110 52 est
444 2355 221 52 originari,
617 2355 126 52 ergo
696 2355 174 52 mittere
822 2355 110 52 est
870 2355 126 52 origma

129 2400 84 46 T
180 2400 202 46 spiritus
331 2400 185 46 sanctus
465 2400 118 46 non
532 2400 202 46 originat
684 2400 185 46 filium,
818 2400 134 46 ergo
885 2400 118 46 neque

128 2433 179 54 mitter
236 2433 125 54 ipsum

177 2468 197 51 Praetenea,
332 2468 85 51 si
374 2468 99 51 non
431 2468 99 51 est
487 2468 85 51 de
530 2468 155 51 ratione
642 2468 183 51 mittentis
783 2468 183 51 personae,
910 2468 85 51 quod

132 2509 166 54 oTemer
248 2509 182 54 mistam,
381 2509 83 54 &
414 2509 182 54 propter
547 2509 116 54 hoc
613 2509 199 54 spiritus
762 2509 182 54 sanctus
878 2509 133 54 potest

141 2559 147 45 matere
244 2559 162 45 filium,
362 2559 117 45 tunc
435 2559 117 45 pari
508 2559 162 45 ratione
626 2559 147 45 filius
729 2559 147 45 posset
831 2559 162 45 mitrere
934 2559 59 45 pa

137 2593 150 40 trem,
237 2593 133 40 quod
321 2593 117 40 est
388 2593 167 40 contra
504 2593 150 40 omnem
588 2593 200 40 veritatem.

165 2637 227 49 Praeterea,
343 2637 178 49 persona
473 2637 178 49 nittens
603 2637 178 49 dicitur
733 2637 178 49 operans
862 2637 114 49 per
911 2637 81 49 per

130 2673 146 46 sonam
227 2673 178 46 missam,
356 2673 146 46 pater
453 2673 129 46 enim
534 2673 178 46 dicitur
663 2673 226 46 diffundere
825 2673 178 46 caritatem

142 2704 105 61 per
202 2704 179 61 spiritum
336 2704 179 61 sanctum,
471 2704 75 61 &
500 2704 224 61 illustnare,
680 2704 90 61 ac
724 2704 164 61 erudire
844 2704 105 61 per
889 2704 119 61 filium

174 2742 183 48 spiritus
311 2742 167 48 sanctus
433 2742 107 48 non
493 2742 183 48 operatur
630 2742 107 48 per
691 2742 167 48 filium,
813 2742 122 48 ergo
874 2742 76 48 &c.

187 2783 106 53 bed
248 2783 122 53 bene
324 2783 213 53 intellecta
491 2783 258 53 distinctione,
703 2783 122 53 quam
779 2783 182 53 praemisi
901 2783 91 53 supe

137 2799 143 70 tius,
233 2799 128 70 illa
312 2799 143 70 omnia
408 2799 191 70 laborant
552 2799 96 70 in
599 2799 223 70 aequiuoco,
775 2799 143 70 omnia
870 2799 128 70 enim
934 2799 64 70 ar

163 2870 121 44 nont
239 2870 91 44 de
284 2870 167 44 mitente
405 2870 273 44 principaliter,
632 2870 76 44 &
663 2870 273 44 auctoritatiue,
890 2870 106 44 non
935 2870 76 44 au-

136 2902 114 51 com
201 2902 98 51 de
250 2902 195 51 miteente
396 2902 276 51 consequenter,
624 2902 81 51 &
656 2902 293 51 determinatiue,
900 2902 114 51 seu
949 2902 65 51 ad

162 2945 107 50 tum
208 2945 214 50 destinatiue-

171 2976 102 52 Sd
222 2976 169 52 primum
340 2976 136 52 ergo
425 2976 220 52 dicendum,
595 2976 136 52 quod
679 2976 152 52 maior
781 2976 119 52 non
849 2976 119 52 est
899 2976 102 52 vera

145 3006 224 68 leuendo
308 3006 122 68 de
369 3006 244 68 mittente
552 3006 224 68 secundo
715 3006 163 68 modo
796 3006 163 68 dicto.

182 3058 226 46 secundum
351 3058 244 46 dicendum,
539 3058 150 46 quod
633 3058 207 46 quamuis
784 3058 169 46 mitti
878 3058 150 46 inclu-

142 3096 97 65 aa
190 3096 194 65 produci,
336 3096 146 65 tamen
433 3096 113 65 non
498 3096 194 65 includit
643 3096 178 65 prodixi
772 3096 81 65 a
805 3096 194 65 mittente
934 3096 81 65 de

1020 277 248 64 terminatiue,
1221 277 77 64 &
1252 277 248 64 destinatiue,
1453 277 108 64 sed
1515 277 186 64 includit
1655 277 170 64 produci
1779 277 77 64 a
1794 277 93 64 msen

1026 332 90 43 te
1071 332 269 43 principaliter,
1295 332 75 43 &
1325 332 269 43 auctoritatiue;
1549 332 135 43 omnis
1639 332 149 43 igitur
1729 332 149 43 persona,

1020 367 121 54 quae
1095 367 197 54 mittitur,
1247 367 121 54 illa
1322 367 136 54 etiam
1413 367 227 54 producitur,
1595 367 106 54 sed
1655 367 106 54 non
1700 367 197 54 producitur.

1021 409 72 47 a
1049 409 173 47 quolibet
1179 409 188 47 mittente,
1324 409 101 47 sed
1382 409 130 47 solum
1468 409 72 47 a
1497 409 217 47 principali.

1052 437 92 59 Et
1098 437 108 59 per
1159 437 123 59 idem
1236 437 139 59 patet
1329 437 92 59 ad
1375 437 185 59 tertium:
1513 437 123 59 quia
1590 437 139 59 dato,
1683 437 123 59 quod
1760 437 139 59 mitti
1837 437 46 59 a

1032 488 214 45 principali
1200 488 183 45 mittente
1337 488 137 45 esset
1428 488 214 45 originari,
1596 488 107 45 non
1657 488 137 45 tamen
1749 488 76 45 a
1764 488 122 45 conse-

1017 528 206 44 quenti
1161 528 103 44 &
1203 528 350 44 determinatiuo
1470 528 226 44 mittente.

1061 565 96 42 Ad
1109 565 175 42 quartum
1236 565 127 42 nego
1316 565 287 42 consequentiam:
1555 565 127 42 quia
1634 565 111 42 esi
1698 565 96 42 de
1730 565 159 42 rationoe

1018 599 135 53 legati
1112 599 108 53 sit,
1179 599 108 53 quod
1246 599 81 53 ab
1287 599 108 53 alio
1354 599 135 53 habeat
1448 599 202 53 potestatem,
1610 599 67 53 &
1637 599 94 53 non
1691 599 162 53 praecise
1812 599 67 53 a
1825 599 54 53 se

1025 641 130 50 ipso:
1111 641 130 50 pater
1198 641 130 50 autem
1285 641 174 50 praecise
1415 641 72 50 a
1444 641 159 50 seipso,
1560 641 72 50 &
1589 641 101 50 non
1647 641 87 50 ab
1690 641 145 50 aliquo
1792 641 130 50 alio

1026 688 132 39 habet
1115 688 221 39 potestatem,
1291 688 118 39 ergo
1365 688 177 39 repugnat
1497 688 147 39 patri,
1600 688 118 39 quod
1674 688 191 39 mittatur,
1806 688 74 39 hoc

1015 723 137 44 autem
1106 723 106 44 non
1167 723 182 44 repugnat
1304 723 152 44 filio,
1410 723 106 44 cum
1471 723 152 44 filius
1577 723 106 44 non
1638 723 76 44 a
1668 723 152 44 seipso
1775 723 106 44 sed
1820 723 61 44 ab

1017 759 131 45 alio,
1105 759 116 45 puta
1178 759 73 45 a
1207 759 131 45 patre
1294 759 146 45 habeat
1396 759 204 45 potestatem
1556 759 204 45 delegatam,
1716 759 131 45 patri
1789 759 87 45 igi-

1028 803 109 36 tur
1091 803 186 36 repugnat
1230 803 124 36 vter
1308 803 109 36 que
1370 803 202 36 missionis
1526 803 140 36 modus
1619 803 171 36 passiue
1728 803 155 36 sumptus.

1031 834 162 50 primus
1144 834 178 50 quidem:
1273 834 129 50 quia
1354 834 113 50 non
1419 834 145 50 habet
1515 834 242 50 actoritatem
1709 834 97 50 ab
1758 834 145 50 alio,
1839 834 48 50 &

1010 871 211 49 secundus,
1172 871 130 49 quia
1253 871 113 49 non
1317 871 243 49 cuiuscumque
1512 871 259 49 auctoritatis
1706 871 162 49 determi-

1017 916 132 50 natio
1105 916 162 50 dicitur
1223 916 147 50 missi;
1326 916 103 50 sed
1385 916 132 50 solum
1473 916 235 50 determinatio
1664 916 250 50 auctoritatis,

1025 953 107 44 seu
1086 953 213 44 potestatis
1253 953 198 44 delegatae
1405 953 91 44 ab
1451 953 137 44 alio.
1542 953 122 44 Dato
1618 953 137 44 enim,
1710 953 122 44 quod
1770 953 107 44 impe-

1017 993 141 45 rator
1111 993 78 45 a
1142 993 172 45 seipso,
1267 993 109 45 vel
1330 993 94 45 ab
1377 993 125 45 alio
1455 993 281 45 determinaretur
1689 993 94 45 ad
1720 993 172 45 exercitum

1033 1035 193 46 otestatis
1182 1035 134 46 suae,
1271 1035 89 46 ex
1315 1035 104 46 hoc
1375 1035 134 46 tamen
1464 1035 104 46 non
1523 1035 193 46 diceretur
1672 1035 149 46 mitti,
1776 1035 104 46 vel
1821 1035 59 46 le

1026 1070 110 47 gari
1095 1070 138 47 maxime
1191 1070 83 47 si
1233 1070 110 47 ille
1302 1070 179 47 imperator
1439 1070 124 47 esset
1522 1070 138 47 talis,
1618 1070 110 47 quod
1687 1070 69 47 a
1715 1070 124 47 nullo
1784 1070 96 47 poni-

1027 1115 111 45 tus
1090 1115 222 45 dependeret
1265 1115 95 45 in
1312 1115 238 45 cuiuscumque
1502 1115 253 45 perfectionis
1692 1115 206 45 collatione,

1021 1143 100 54 sic
1078 1143 86 54 de
1121 1143 157 54 persona
1235 1143 143 54 patris
1321 1143 57 54 &c

1057 1177 96 61 Ad
1105 1177 177 61 quintum
1234 1177 209 61 dicendum,
1395 1177 129 61 quod
1475 1177 145 61 maior
1571 1177 113 61 non
1636 1177 113 61 est
1700 1177 145 61 vera,
1780 1177 113 61 nisi-

1019 1225 105 47 sit
1079 1225 269 47 personamittens
1303 1225 269 47 principaliter:
1527 1225 119 47 illa
1601 1225 119 47 enim
1676 1225 164 47 dicitur
1780 1225 90 47 ope-

1019 1270 128 42 rari
1099 1270 112 42 per
1163 1270 193 42 personam
1308 1270 177 42 missam,
1436 1270 112 42 sed
1501 1270 112 42 non
1565 1270 177 42 persona
1693 1270 161 42 mutens
1790 1270 96 42 con

976 1302 349 52 sequenter.

1034 1314 110 83 Quo
1097 1314 94 83 ad
1144 1314 173 83 tertium
1270 1314 110 83 hic
1333 1314 236 83 inquirendum
1522 1314 141 83 dico,
1616 1314 126 83 quod
1694 1314 173 83 persona
1804 1314 79 83 di-

1017 1384 117 56 uina
1090 1384 132 56 missa
1178 1384 88 56 ab
1222 1384 117 56 alia
1295 1384 161 56 persona
1412 1384 263 56 principaliter,
1631 1384 73 56 &
1646 1384 234 56 auctoritatiue-

1027 1421 156 39 mittit
1136 1421 171 39 soipsam
1261 1421 265 39 consequenter,
1479 1421 78 39 &
1510 1421 280 39 determinatiue.
1744 1421 140 39 Sicut
1822 1421 62 39 n.

1013 1460 97 49 si
1061 1460 145 49 totum
1158 1460 209 49 capitulum
1319 1460 161 49 mittit
1431 1460 241 49 vniformiter
1624 1460 145 49 vnum,
1721 1460 113 49 qui
1785 1460 113 49 est
1834 1460 64 49 de

1021 1505 158 45 corpore
1135 1505 186 45 capituli;
1278 1505 115 45 tunc
1350 1505 143 45 missus
1450 1505 172 45 mitteret
1579 1505 172 45 seipsum,
1708 1505 100 45 sic
1765 1505 86 45 in
1794 1505 86 45 pro-

1034 1539 140 47 posito
1132 1539 98 47 &c.
1188 1539 98 47 Hic
1244 1539 168 47 transeo:
1369 1539 112 47 quia
1439 1539 196 47 applicatio
1593 1539 140 47 istrus
1690 1539 126 47 patet
1774 1539 84 47 ex
1802 1539 84 47 prae

1007 1575 222 47 cedentibus

1061 1616 113 45 Sed
1126 1616 162 45 contra
1239 1616 146 45 illam
1336 1616 259 45 conclusionem
1547 1616 178 45 arguunt
1676 1616 146 45 iidem
1757 1616 130 45 docto-

1019 1657 128 46 res,
1099 1657 112 46 qui
1163 1657 80 46 &
1195 1657 192 46 supertus
1339 1657 208 46 arguebant
1498 1657 160 46 contra
1610 1657 192 46 secundam
1738 1657 144 46 conclu-

989 1690 584 47 sionem
1339 1690 350 47 sic.

1043 1732 87 44 1
1077 1732 174 44 Semper
1199 1732 157 44 inter
1304 1732 244 44 mittentem,
1496 1732 87 44 &
1530 1732 174 44 missum
1652 1732 192 44 oportet
1774 1732 105 44 dare

1025 1772 278 52 distinctionem,
1256 1772 108 52 sed
1318 1772 139 52 eadem
1410 1772 170 52 persona
1534 1772 154 52 diuina
1642 1772 108 52 non
1704 1772 154 52 potest
1796 1772 93 52 esse

1018 1810 98 53 a
1058 1810 196 53 seipsa
1195 1810 275 53 distincta,
1411 1810 157 53 ergo
1490 1810 98 53 &c.

1038 1854 75 45 2
1068 1854 211 45 Praeterea,
1234 1854 226 45 subordinata
1414 1854 105 45 est
1475 1854 181 45 potestas
1610 1854 135 45 missi
1700 1854 181 45 respectu
1821 1854 75 45 mit

1035 1891 168 44 tentis;
1157 1891 107 44 sed
1218 1891 122 44 idem
1295 1891 184 44 respectu
1433 1891 107 44 sui
1494 1891 107 44 non
1555 1891 138 44 habet
1647 1891 214 44 potestatem
1800 1891 92 44 sub

996 1925 236 50 ordinatam.

1037 1963 81 51 3
1069 1963 227 51 Praeterea,
1247 1963 178 51 mittens
1377 1963 194 51 respectu
1523 1963 146 51 missi
1620 1963 146 51 habet
1701 1963 194 51 auctorita-

1020 2013 120 43 tem,
1095 2013 105 43 sed
1155 2013 105 43 &c.
1214 2013 105 43 Sed
1274 2013 90 43 ad
1319 2013 135 43 illa,
1409 2013 75 43 &
1439 2013 149 43 cetera
1543 2013 209 43 confimilia
1708 2013 120 43 dico
1767 2013 120 43 breui-

1036 2048 122 55 ter,
1112 2048 122 55 quod
1189 2048 138 55 omnia
1281 2048 199 55 procedunt
1434 2048 92 55 de
1480 2048 184 55 mittente
1617 2048 276 55 principaliter,
1832 2048 61 55 vt

1026 2080 191 58 superius
1169 2080 159 58 dictum
1265 2080 79 58 est

1120 2158 566 85 ARTICVLVS
1513 2158 261 85 IIII

1115 2244 145 68 Vtrum
1212 2244 194 68 cuilibet
1357 2244 178 68 diuinae
1486 2244 194 68 personae
1615 2244 178 68 conuerat.

1326 2300 148 67 missio
1415 2300 148 67 passuue-

1021 2384 219 72 SVAMTVM
1181 2384 120 72 ad
1240 2384 239 72 quartum,
1420 2384 179 72 vtrum
1539 2384 239 72 cuilibet
1699 2384 199 72 diuinae

1098 2436 191 58 personae
1241 2436 207 58 conueniat
1401 2436 159 58 missio
1512 2436 191 58 possiue,
1656 2436 143 58 teneo
1736 2436 143 58 conclu-

1021 2471 171 63 sionem
1123 2471 205 63 negatiuam.

1046 2488 82 67 1
1078 2488 132 67 Quia
1161 2488 148 67 pater
1260 2488 115 67 non
1326 2488 214 67 mittitur,
1490 2488 132 67 ergo
1573 2488 148 67 mitti
1672 2488 115 67 non
1721 2488 165 67 conuenit

1025 2549 177 47 cuilibet
1158 2549 177 47 personae
1291 2549 177 47 diuinae:
1423 2549 236 47 consequentia
1615 2549 147 47 patet:
1703 2549 177 47 Antecedens

1041 2596 135 45 ponit
1131 2596 90 45 P.
1176 2596 180 45 August.i
1312 2596 90 45 4.
1357 2596 90 45 de
1402 2596 120 45 trim
1477 2596 75 45 &
1507 2596 180 45 probarum
1642 2596 105 45 est
1703 2596 135 45 etiam
1778 2596 105 45 supe-

1035 2636 134 39 rius,
1124 2636 74 39 &
1154 2636 134 39 adhuc
1243 2636 149 39 potest
1347 2636 163 39 probari
1466 2636 208 39 sicPersona
1629 2636 149 39 habens
1733 2636 89 39 in
1778 2636 89 39 se
1808 2636 59 39 au

1030 2669 200 53 ctoritatem
1187 2669 215 53 vniuersalis
1359 2669 186 53 principij
1502 2669 114 53 illa
1573 2669 100 53 non
1631 2669 143 53 potest
1731 2669 143 53 mitti,
1817 2669 57 53 po

1042 2704 103 54 ter
1101 2704 103 54 est
1160 2704 205 54 huiusmodi,
1321 2704 117 54 ergo
1380 2704 73 54 &c.

1117 2736 192 62 Praeterea,
1268 2736 82 62 si
1309 2736 124 62 pater
1392 2736 206 62 mitteretur,
1557 2736 96 62 vel
1611 2736 110 62 ipse
1680 2736 192 62 mitteretur
1817 2736 69 62 pri

1040 2787 94 52 mo
1087 2787 140 52 modo,
1181 2787 187 52 superius
1321 2787 156 52 dicto,
1430 2787 109 52 vel
1493 2787 187 52 seeundo.
1633 2787 109 52 Non
1696 2787 156 52 primo:
1789 2787 94 52 quia

1035 2825 106 43 non
1095 2825 136 43 habet
1186 2825 211 43 potestatem
1352 2825 91 43 ab
1397 2825 136 43 alio.
1488 2825 106 43 Nec
1548 2825 181 43 sedundo:
1684 2825 196 43 quiaemiss
1820 2825 60 43 ro

1030 2861 182 45 secundo
1163 2861 132 45 modo
1246 2861 149 45 dicta
1345 2861 265 45 praesupponit
1560 2861 182 45 primam:
1676 2861 215 45 quaecumque-

1034 2908 120 41 enim
1109 2908 164 41 persona
1228 2908 194 41 mittitur,
1378 2908 105 41 vol
1438 2908 209 41 destinatur
1602 2908 269 41 determinariue,
1811 2908 75 41 en-

1039 2940 104 47 dem
1099 2940 179 47 mittitur
1233 2940 268 47 auctoritatiue:
1457 2940 119 47 quia
1531 2940 89 47 vt
1576 2940 179 47 superius
1710 2940 149 47 dictum
1800 2940 89 47 est,

1045 2985 171 43 potestas
1173 2985 257 43 determinabilix
1387 2985 86 43 im
1430 2985 143 43 misso,
1530 2985 100 43 vel
1587 2985 86 43 in
1629 2985 143 43 legato
1729 2985 100 43 non
1786 2985 100 43 est
1829 2985 57 43 po

1034 3021 143 44 testas
1134 3021 229 44 primordialis
1320 3021 100 44 per
1377 3021 86 44 se
1420 3021 201 44 autentida,
1578 3021 100 44 sed
1635 3021 100 44 est
1692 3021 172 44 potestas
1807 3021 86 44 dele

1044 3058 138 57 pata,
1136 3058 77 57 &
1167 3058 108 57 per
1228 3058 215 57 consequeus
1397 3058 154 57 habens
1505 3058 138 57 talem
1597 3058 215 57 potestatem
1750 3058 154 57 mittitur

1024 3098 78 56 a
1056 3098 219 56 delegante,
1227 3098 109 56 qui
1290 3098 94 56 ei
1337 3098 187 56 contulit
1462 3098 187 56 potestotem
