2409 3552
173 246 217 64 quaecumque
344 246 140 64 fiunt
437 246 155 64 contra
546 246 217 64 magistrum,
717 246 202 64 solubiles
872 246 217 64 apparcant,

174 302 72 52 &
202 302 130 52 eius,
289 302 87 52 vt
333 302 116 52 mihi
405 302 173 52 videtur,
535 302 145 52 posito
636 302 116 52 sine
708 302 173 52 periculo
839 302 145 52 posset
925 302 116 52 substi

179 345 147 41 neri,
277 345 163 41 tamen,
391 345 98 41 vt
440 345 98 41 me
489 345 212 41 conformem
652 345 245 41 positonibus
831 345 212 41 modernorum,

168 380 96 44 ad
216 380 193 44 rationes
361 380 193 44 inductas
505 380 113 44 pro
570 380 193 44 magistro
714 380 193 44 breuiter
843 380 209 44 respondebo,

173 421 173 52 quamuis
299 421 189 52 rationes
441 421 189 52 alterius
583 421 158 52 partis
693 421 142 52 aeque
788 421 173 52 reputem
898 421 142 52 solubi-

168 462 112 50 les,
238 462 126 50 ficut
322 462 140 50 istas,
420 462 112 50 quae
490 462 168 50 inductae
615 462 112 50 sunt
685 462 98 50 pro
727 462 154 50 magistro.

223 494 104 50 Ad
275 494 174 50 primum
397 494 139 50 ergo
483 494 226 50 dicendum,
657 494 139 50 quod
744 494 157 50 Deus,
849 494 87 50 &
883 494 104 50 in
918 494 122 50 natu-

171 540 190 48 ralibus,
314 540 79 48 &
346 540 269 48 sprritualibus
567 540 206 48 immediate
726 540 111 48 est
789 540 143 48 causa
884 540 95 48 in
916 540 127 48 genere

167 580 164 45 causae
281 580 262 45 efficientis,
495 580 115 45 non
560 580 148 45 tamen
659 580 98 45 in
708 580 164 45 genere
823 580 164 45 causae
921 580 115 45 forma

172 619 129 42 lis:
253 619 113 42 Non
317 619 129 42 enim
398 619 161 42 potest
511 619 129 42 dare
591 619 129 42 esse
672 619 177 42 humanum
801 619 129 42 sine
882 619 145 42 forma
962 619 81 42 hu-

165 660 150 47 mana,
265 660 83 47 &
299 660 134 47 ideo
382 660 184 47 dicetur
516 660 284 47 consimiliter,
750 660 134 47 quod
833 660 134 47 Deus
916 660 117 47 non
967 660 83 47 po-

177 697 121 48 test
252 697 121 48 dare
328 697 121 48 esse
404 697 136 48 carum
494 697 121 48 sine
570 697 136 48 forma
660 697 196 48 caritatis
811 697 151 48 dantis
917 697 121 48 tale
978 697 60 48 es

172 734 104 54 se,
232 734 134 54 sicut
321 734 104 54 nec
380 734 134 54 daret
470 734 119 54 esse
544 734 149 54 album,
648 734 119 54 quod
723 734 104 54 est
782 734 179 54 effectus
901 734 149 54 formalis

166 772 204 53 albedinis
323 772 126 53 sinc
386 772 173 53 albedine.

221 810 98 43 Ad
270 810 196 43 secundum
417 810 213 43 dicendum,
581 810 131 43 quod
663 810 147 43 nihil
761 810 115 43 est
826 810 115 43 sic
875 810 164 43 proprium

163 852 205 48 amicorum,
321 852 142 48 sicut
416 852 221 48 conuiuere,
589 852 95 48 vt
637 852 174 48 dicitur
763 852 79 48 S
794 852 221 48 ethicorum:
952 852 95 48 ideo

177 894 102 50 lex
236 894 189 50 iustitiae
381 894 145 50 ipsius
483 894 189 50 amicitiae
628 894 102 50 hoc
686 894 189 50 requirit,
831 894 87 50 vt
875 894 116 50 Deus
933 894 116 50 amicis

176 932 125 40 suis
254 932 140 40 firma
348 932 187 40 caritate
488 932 140 40 ipsum
581 932 249 40 diligentibus
783 932 125 40 suum
846 932 202 40 impartiatur

173 969 191 45 iucundum
316 969 222 45 conuictum,
491 969 111 45 qui
554 969 111 45 est
618 969 127 45 vita
697 969 191 45 aeterna,
840 969 127 45 quam
904 969 143 45 aposto-

182 1010 103 49 lus
241 1010 177 49 appellat
374 1010 162 49 coronam
492 1010 192 49 iustitiae
640 1010 103 49 vel
699 1010 148 49 potest
802 1010 133 49 dici,
890 1010 118 49 quod
949 1010 89 49 qui-

174 1053 133 42 talis
263 1053 163 42 habitus
382 1053 163 42 creatus
500 1053 104 42 est
560 1053 133 42 donum
649 1053 178 42 spiritus
782 1053 163 42 sancti,
901 1053 89 42 ac
945 1053 133 42 etiam

183 1095 119 44 quia
258 1095 179 44 sprritus
392 1095 149 44 sancti
497 1095 134 44 motio
586 1095 194 44 specialis
735 1095 209 44 requiritur
900 1095 90 44 ad
944 1095 134 44 actum

181 1136 224 39 meritorium,
360 1136 89 39 vt
405 1136 164 39 patebit
524 1136 89 39 in
569 1136 149 39 tertio
673 1136 224 39 principali,
852 1136 119 39 idco
912 1136 134 39 virtute

183 1168 197 53 spiritus
330 1168 164 53 sancti
445 1168 230 53 acquiremus
626 1168 98 53 de
675 1168 197 53 condigno
822 1168 148 53 illam
904 1168 148 53 coronam

174 1204 186 55 iustitiae
317 1204 157 55 gloriae
417 1204 186 55 sempiternae

215 1245 103 48 Ad
266 1245 188 48 tertium
403 1245 205 48 dicendum
557 1245 154 48 sicut
659 1245 103 48 ad
693 1245 154 48 primum.

220 1287 101 45 Ad
271 1287 185 45 quartum
405 1287 219 45 dicendum,
574 1287 135 45 quod
658 1287 152 45 illud
759 1287 118 45 non
826 1287 168 45 potest
927 1287 118 45 aeque

177 1322 120 50 bene
252 1322 135 50 fieri
342 1322 120 50 sine
418 1322 195 50 caritate.
568 1322 90 50 Ad
613 1322 226 50 probationem
793 1322 135 50 dico,
884 1322 120 50 quod
944 1322 105 50 quam-

174 1366 107 41 uis
235 1366 183 41 spiritus
372 1366 168 41 sanctus
495 1366 153 41 possit
602 1366 199 41 quemlibet
755 1366 183 41 effectum
877 1366 168 41 producere

185 1401 92 48 in
231 1401 122 48 esse
307 1401 122 48 sine
384 1401 153 48 agente
491 1401 184 48 secundo,
629 1401 107 48 non
690 1401 138 48 tamen
782 1401 153 48 potest
889 1401 122 48 dare
950 1401 92 48 quod

183 1441 135 45 libet
273 1441 120 45 esse
348 1441 165 45 formale
468 1441 120 45 sine
543 1441 150 45 forma,
647 1441 75 45 &
677 1441 120 45 ideo
752 1441 210 45 diceretur,
917 1441 120 45 quod
977 1441 75 45 non

191 1484 141 49 posset
290 1484 113 49 dare
360 1484 113 49 esse
431 1484 127 49 carum
516 1484 113 49 sine
573 1484 155 49 caritate.

217 1520 97 52 Ad
265 1520 178 52 quintum
395 1520 211 52 dicendum,
557 1520 130 52 quod
638 1520 146 52 maior
735 1520 113 52 non
800 1520 113 52 est
865 1520 146 52 vera:
946 1520 97 52 quia

182 1560 147 44 donum
280 1560 229 44 prophetiae
460 1560 196 44 secundum
607 1560 213 44 doctores,
770 1560 114 44 est
836 1560 163 44 quidam
934 1560 114 44 habi-

179 1595 140 50 tualis
277 1595 168 50 influxus
403 1595 140 50 factus
502 1595 70 50 a
530 1595 154 50 spiritu
642 1595 154 50 sancto,
754 1595 154 50 ratione
867 1595 140 50 cuius,
951 1595 98 50 etiam

177 1646 182 41 cessante
313 1646 121 41 actu
389 1646 228 41 prophetiae,
571 1646 137 41 adhuc
663 1646 137 41 talis
754 1646 121 41 homo
830 1646 137 41 vere,
921 1646 76 41 &
936 1646 106 41 forma

172 1677 146 46 liter
269 1677 114 46 est
334 1677 211 46 propheta.
497 1677 97 46 Ad
545 1677 244 46 probationem
740 1677 146 46 dico,
838 1677 130 46 quod
903 1677 146 46 prophe-

172 1719 112 42 tia
236 1719 193 42 notitiam
381 1719 209 42 futurorum
541 1719 145 42 habet
638 1719 241 42 dispositiue
830 1719 112 42 per
878 1719 161 42 huiusmod

182 1753 187 51 habitum,
323 1753 109 51 sed
385 1753 202 51 effectiue
541 1753 109 51 per
603 1753 187 51 spiritum
743 1753 171 51 sanctum
852 1753 187 51 influentem

183 1794 129 54 sibi
264 1794 210 54 huiusmodi
409 1794 162 54 habitum.

222 1827 98 58 Ad
271 1827 164 58 sextum
385 1827 213 58 dicendum,
549 1827 131 58 quod
631 1827 131 58 illa
713 1827 180 58 regula,
844 1827 115 58 qua
893 1827 147 58 dicitur

189 1876 179 48 Propter
319 1876 130 48 quod
400 1876 244 48 vnumquodque
596 1876 130 48 tale
677 1876 81 48 &
710 1876 146 48 illud
807 1876 163 48 magis,
921 1876 114 48 non
970 1876 65 48 te

179 1917 115 47 net
244 1917 98 47 in
293 1917 164 47 causis
408 1917 229 47 formalibus
588 1917 180 47 quantum
719 1917 98 47 ad
768 1917 311 47 denominationes,

179 1954 123 56 quae
256 1954 138 56 fiunt
348 1954 92 56 in
394 1954 215 56 effectibus
563 1954 231 56 formalibus:
748 1954 108 56 Non
809 1954 123 56 enim
886 1954 185 56 sequitur

185 1994 155 49 lignum
293 1994 108 49 est
355 1994 139 49 albsi
448 1994 170 49 propter
572 1994 217 49 albedinem,
742 1994 124 49 ergo
819 1994 155 49 albedo
928 1994 108 49 est
974 1994 62 49 ma

175 2030 100 58 gis
232 2030 128 58 alba.
317 2030 100 58 Sic
374 2030 157 58 proprie
489 2030 171 58 loquendo
617 2030 157 58 caritas
731 2030 100 58 non
788 2030 100 58 est
845 2030 128 58 cara:
931 2030 100 58 sed
974 2030 71 58 ess

168 2069 148 51 illud,
272 2069 104 51 quo
331 2069 133 51 anima
420 2069 207 51 formaliter
583 2069 104 51 est
642 2069 133 51 cara,
730 2069 133 51 sicut
819 2069 163 51 simitas
938 2069 104 51 non
982 2069 74 51 est

175 2118 129 44 sima:
261 2118 100 44 sed
318 2118 100 44 est
375 2118 143 44 illud,
476 2118 100 44 quo
533 2118 129 44 nasus
619 2118 201 44 formaliter
777 2118 100 44 est
820 2118 100 44 simus

224 2149 99 49 Ad
273 2149 197 49 septimum
421 2149 214 49 dicendum,
585 2149 131 49 quod
667 2149 148 49 minor
766 2149 115 49 non
831 2149 115 49 est
897 2149 148 49 vera,
979 2149 66 49 si

177 2198 249 41 vniformiter
377 2198 183 41 sumitur
510 2198 116 41 sub
576 2198 183 41 maiori.
709 2198 100 41 Ad
759 2198 249 41 probationem
942 2198 100 41 dico

172 2238 127 48 quod
251 2238 111 48 non
315 2238 206 48 sufficit,
473 2238 127 48 quod
552 2238 111 48 non
615 2238 158 48 possit
726 2238 206 48 intelligi
884 2238 111 48 non
931 2238 111 48 bonum

178 2270 83 54 ad
220 2270 110 54 hoc,
288 2270 110 54 quod
357 2270 110 54 tale
426 2270 96 54 sit
481 2270 96 54 per
536 2270 193 54 essentiam,
687 2270 124 54 sicut
770 2270 96 54 est
825 2270 110 54 ipse
894 2270 110 54 Deus
962 2270 69 54 :
976 2270 69 54 sed

177 2315 208 40 oportet,
333 2315 139 40 quod
420 2315 122 40 sit
489 2315 156 40 purum
593 2315 156 40 bonum
698 2315 104 40 in
750 2315 104 40 se
784 2315 261 40 comprehendens

167 2351 172 47 omne
252 2351 172 47 bonum.

228 2369 97 61 Ad
276 2369 177 61 octauum
405 2369 210 61 dicendum,
566 2369 129 61 quod
647 2369 129 61 Deus
728 2369 242 61 causaliter,
921 2369 81 61 &
953 2369 129 61 exem

186 2429 169 52 plariter
313 2429 99 52 est
369 2429 127 52 omnis
454 2429 169 52 dilectio
580 2429 183 52 gratuita:
721 2429 113 52 quia
792 2429 99 52 est
848 2429 113 52 eius
904 2429 141 52 ppriissi

172 2466 97 46 ma
220 2466 162 46 causa.
334 2466 114 46 Cum
399 2466 162 46 igitur
513 2466 211 46 quicumque
675 2466 195 46 ordinata
821 2466 227 46 dilectione
983 2466 65 46 di

178 2506 140 52 ligit
272 2506 171 52 aliquem
396 2506 202 52 effectum,
552 2506 140 52 quasi
645 2506 218 52 necessario
816 2506 140 52 habet
894 2506 155 52 diligere

186 2549 178 41 propriam
320 2549 119 41 eius
394 2549 163 41 causam:
513 2549 119 41 ideo
587 2549 193 41 quicunque
736 2549 163 41 diligit
840 2549 208 41 dilectionem,

180 2591 122 43 Deum
256 2591 183 43 diligit,
394 2591 122 43 quia
470 2591 122 43 Deus
547 2591 107 43 est
608 2591 138 43 omnis
699 2591 199 43 dilectio,
852 2591 107 43 vel
898 2591 153 43 formali-

182 2631 106 47 ter,
248 2631 79 47 si
288 2631 93 47 est
341 2631 172 47 increata,
473 2631 93 47 vel
526 2631 199 47 causaliter,
685 2631 79 47 si
725 2631 93 47 est
778 2631 79 47 ab
818 2631 106 47 ipso
884 2631 146 47 influxa
977 2631 79 47 ani-

171 2666 120 58 mae
222 2666 189 58 amorosae.

276 2730 623 83 ARTICVLVS
707 2730 192 83 II

304 2824 153 85 Vtrum
406 2824 204 85 possimus
559 2824 238 85 cognoscere
747 2824 102 85 an
798 2824 102 85 in
832 2824 85 85 no-

482 2891 105 64 bis
542 2891 105 64 sit
587 2891 151 64 caritas.

178 3017 214 71 SVANTVM
333 3017 116 71 ad
391 3017 233 71 secundum
566 3017 291 71 principale,
799 3017 175 71 vtrum
896 3017 155 71 possi-

296 3056 110 45 mus
359 3056 236 45 cognoscere,
548 3056 94 45 an
595 3056 94 45 in
643 3056 142 45 nobis
737 3056 110 45 sit
800 3056 189 45 caritas,
926 3056 126 45 dicen-

178 3097 121 67 dum,
254 3097 121 67 quod
329 3097 167 67 quantum
450 3097 91 67 ex
496 3097 136 67 nobis
587 3097 121 67 est,
662 3097 121 67 puta
738 3097 121 67 sine
814 3097 106 67 Dei
874 3097 182 67 speciali
995 3097 61 67 re

1095 264 194 59 elatione,
1244 264 223 59 impossibile
1423 264 104 59 est
1482 264 104 59 nos
1542 264 134 59 scire
1631 264 298 59 certitudinaliter
1870 264 74 59 nos

1079 308 161 54 habere
1192 308 209 54 caritatem
1353 308 193 54 infusam,
1497 308 113 54 seu
1562 308 225 54 meritoriam
1723 308 209 54 dilectionem

1090 356 83 42 1
1124 356 133 42 Quia
1207 356 100 42 in
1257 356 200 42 notitiam
1407 356 150 42 talis
1507 356 183 42 habitus
1641 356 117 42 non
1707 356 200 42 possumus
1841 356 100 42 deue

1081 388 124 44 nire,
1164 388 110 44 nisi
1232 388 82 44 ex
1274 388 151 44 actibus
1383 388 220 44 dilectionis;
1562 388 96 44 vel
1617 388 137 44 igitur
1713 388 165 44 notitiam
1837 388 82 44 de
1864 388 69 44 ta-

1076 426 97 53 li
1124 426 162 53 habitu
1237 426 210 53 haberemus
1399 426 97 53 ex
1447 426 226 53 substantia
1625 426 162 53 actus,
1738 426 113 53 vel
1803 426 97 53 ex
1835 426 97 53 modo

1079 470 162 49 actus.
1192 470 113 49 Non
1257 470 145 49 primo
1353 470 145 49 modo,
1450 470 129 49 quia
1531 470 145 49 etiam
1628 470 129 49 nuda
1709 470 194 49 potentia
1838 470 97 49 sine

1086 511 119 42 omni
1161 511 149 42 habitu
1265 511 149 42 potest
1369 511 89 42 in
1414 511 224 42 substantiam
1593 511 134 42 actus
1683 511 75 42 :
1712 511 104 42 per
1772 511 134 42 nudam
1847 511 89 42 enim

1084 548 213 44 voluntatem
1251 548 121 44 sine
1327 548 121 44 omni
1403 548 152 44 habitu
1509 548 167 44 infuso,
1630 548 106 44 vel
1691 548 197 44 acquisito
1828 548 106 44 possu

1082 587 112 47 mus
1146 587 239 47 naturaliter
1337 587 191 47 diligere
1481 587 143 47 Deum.
1576 587 112 47 Nec
1640 587 175 47 secundo
1768 587 143 47 modo,
1847 587 96 47 quia

1080 623 121 55 ille
1155 623 136 55 modus
1246 623 106 55 vel
1307 623 181 55 conuenit
1442 623 136 55 actui
1533 623 166 55 ratione
1654 623 181 55 habitus,
1790 623 121 55 puta
1850 623 91 55 quia

1084 667 85 45 ex
1126 667 142 45 habitu
1226 667 199 45 inclinante
1382 667 114 45 ille
1453 667 128 45 actus
1538 667 156 45 dicitur
1652 667 156 45 facilis
1766 667 71 45 &
1780 667 156 45 delectabi

1081 700 116 50 lis,
1153 700 101 50 vel
1211 700 116 50 ille
1283 700 130 50 modus
1370 700 174 50 conuenit
1501 700 130 50 actui
1587 700 159 50 ratione
1703 700 145 50 ipsius
1805 700 116 50 Dei,
1863 700 72 50 pu-

1084 749 89 43 ta
1129 749 119 43 quia
1203 749 89 43 ex
1248 749 238 43 acceptatione
1441 749 149 43 diuina
1545 749 119 43 ille
1620 749 134 43 actus
1709 749 164 43 dicitur
1813 749 119 43 gratus

1080 781 132 44 Deo,
1162 781 82 44 &
1195 781 214 44 acceptus,
1360 781 82 44 &
1392 781 115 44 per
1458 781 231 44 consequens
1640 781 231 44 meritorius
1804 781 132 44 Primum

1085 820 144 45 modum
1181 820 176 45 quamuis
1309 820 96 45 in
1356 820 128 45 actu
1436 820 319 45 certitudinaliter
1708 820 192 45 possimus
1835 820 112 45 perci

1088 860 127 47 pere,
1173 860 99 47 non
1229 860 127 47 tamen
1314 860 170 47 possumus
1442 860 142 47 scire,
1541 860 127 47 vtrum
1626 860 113 47 illa
1696 860 226 47 facilitatio,
1866 860 71 47 seu

1074 902 208 41 delectatio
1238 902 193 41 proueniat
1386 902 89 41 ex
1431 902 149 41 habitu
1535 902 163 41 infuso,
1654 902 104 41 vel
1713 902 208 41 acquifiro,
1862 902 89 41 quia

1085 940 159 39 habitus
1200 940 159 39 diuinae
1316 940 217 39 dilectionis
1489 940 217 39 naturaliter
1662 940 202 39 acquisitus
1821 940 87 39 ex
1850 940 87 39 fre-

1074 980 196 45 quentatis
1225 980 166 45 actibus
1346 980 166 45 faceret
1467 980 136 45 actus
1557 980 136 45 tales
1648 980 242 45 delectabiles
1829 980 106 45 etiam

1083 1018 90 41 in
1128 1018 164 41 pagano,
1247 1018 105 41 vel
1307 1018 164 41 iudaeo,
1427 1018 149 41 signum
1531 1018 120 41 enim
1606 1018 105 41 est
1666 1018 194 41 acquisiti
1801 1018 149 41 habitus.

1078 1057 268 48 delectationem
1299 1057 158 48 habere
1410 1057 95 48 in
1457 1057 142 48 opere
1552 1057 79 48 2
1584 1057 221 48 ethicorum.
1757 1057 111 48 Sed
1805 1057 126 48 secun-

1072 1098 120 44 dum
1140 1098 154 44 modum
1243 1098 120 44 non
1312 1098 205 44 possumus
1466 1098 103 44 ex
1517 1098 154 44 nobis
1620 1098 154 44 ipsis
1723 1098 171 44 aliquo
1825 1098 103 44 modo

1086 1137 155 53 scire,
1194 1137 124 53 nisi
1272 1137 109 53 Deo
1334 1137 217 53 reuelante,
1504 1137 171 53 propter
1628 1137 124 53 quod
1706 1137 140 53 dixit
1783 1137 155 53 Aposto-

1078 1175 126 54 lus,
1157 1175 142 54 Nihil
1252 1175 126 54 mihi
1331 1175 189 54 conscius
1473 1175 126 54 sum,
1551 1175 110 54 sed
1615 1175 110 54 non
1678 1175 95 54 in
1725 1175 110 54 hoc
1772 1175 158 54 iustifi-

1078 1209 149 47 catus
1161 1209 83 47 sum

1125 1244 108 63 bed
1186 1244 138 63 forte
1278 1244 169 63 diceret
1402 1244 185 63 aliquis,
1540 1244 123 63 quod
1617 1244 185 63 secundum
1740 1244 200 63 philosophum

1084 1291 165 51 questio
1204 1291 120 51 quid
1279 1291 105 51 est
1340 1291 241 51 praesupponit
1535 1291 210 51 questionem
1700 1291 90 51 an
1745 1291 120 51 est.
1821 1291 105 51 cum
1881 1291 105 51 er-
1926 1291 45 51 I

1088 1331 79 56 go
1127 1331 92 56 sic
1180 1331 79 56 se
1219 1331 132 56 habeat
1312 1331 119 56 scire
1391 1331 79 56 ad
1430 1331 132 56 scire,
1522 1331 119 56 sicut
1601 1331 158 56 quaestio
1720 1331 79 56 ad
1759 1331 198 56 quaestionem
1904 1331 66 56 per

1081 1373 103 46 nos
1140 1373 132 46 autem
1228 1373 176 46 possumus
1361 1373 132 46 scire
1449 1373 118 46 quid
1522 1373 103 46 est
1581 1373 176 46 caritas,
1713 1373 103 46 cum
1772 1373 103 46 sit
1816 1373 118 46 quidam

1085 1408 166 54 habitus
1206 1408 181 54 creatus,
1342 1408 91 54 vt
1387 1408 151 54 patuit
1493 1408 91 54 in
1538 1408 212 54 precedenti
1704 1408 196 54 articulo,
1840 1408 91 54 ergo

1084 1445 134 50 etiam
1173 1445 194 50 poterimus
1322 1445 134 50 scire
1412 1445 89 50 an
1456 1445 104 50 sit
1516 1445 89 50 in
1546 1445 104 50 nobis

1123 1480 71 67 2
1151 1480 197 67 Praeterea,
1306 1480 85 67 2.
1349 1480 212 67 posteriorum
1518 1480 169 67 dicitur,
1645 1480 113 67 quod
1715 1480 212 67 impossibile
1870 1480 71 67 est

1079 1522 109 54 nos
1142 1522 155 54 habere
1250 1522 248 54 nobilissimos
1452 1522 186 54 habitus,
1591 1522 78 54 &
1622 1522 155 54 latere
1715 1522 78 54 nos

1165 1562 198 53 Praeterea,
1320 1562 85 53 8.
1362 1562 85 53 de
1405 1562 127 53 trini
1489 1562 127 53 dicit
1574 1562 141 53 beatus
1673 1562 155 53 August.
1786 1562 127 53 Sciri
1856 1562 85 53 ali-

1080 1576 134 81 quid,
1170 1576 75 81 &
1200 1576 105 81 non
1259 1576 149 81 diligi
1364 1576 164 81 potest,
1483 1576 149 81 diligi
1588 1576 134 81 autem
1677 1576 119 81 quod
1752 1576 179 81 nescitur
1871 1576 75 81 ne-

1086 1646 181 51 quaquam,
1222 1646 106 51 sed
1282 1646 166 51 caritas
1403 1646 196 51 diligitur
1554 1646 91 51 ab
1599 1646 151 51 habete
1705 1646 211 51 caritatem,
1856 1646 75 51 qui

1083 1682 122 52 sicut
1165 1682 176 52 perfectum
1300 1682 135 52 scire,
1395 1682 95 52 est
1449 1682 122 52 scire
1531 1682 81 52 se
1571 1682 135 52 scire;
1666 1682 95 52 sic
1720 1682 176 52 perfectum
1842 1682 95 52 dili-

1089 1725 122 57 gere,
1171 1725 108 57 siue
1238 1725 163 57 perfecta
1360 1725 163 57 dilectio
1482 1725 95 57 est
1537 1725 163 57 diligere
1658 1725 81 57 se
1699 1725 176 57 diligere,
1821 1725 122 57 caritas

1083 1762 132 43 autem
1171 1762 103 43 est
1230 1762 176 43 perfecta
1347 1762 161 43 dilectio.

1074 1798 98 57 Ad
1123 1798 164 57 primum
1237 1798 213 57 dicendum,
1401 1798 131 57 quod
1483 1798 147 57 setre
1581 1798 131 57 quid
1663 1798 131 57 est,
1745 1798 196 57 loquendo
1876 1798 65 57 de

1089 1842 111 52 quid
1158 1842 111 52 rei,
1228 1842 222 52 praesupponit
1408 1842 125 52 scire
1491 1842 83 52 an
1532 1842 111 52 est,
1602 1842 69 52 &
1629 1842 97 52 hoc
1685 1842 97 52 vel
1740 1842 83 52 in
1782 1842 97 52 se,
1837 1842 97 52 vel
1879 1842 55 52 in

1080 1887 108 50 sua
1141 1887 154 50 causa.
1249 1887 108 50 Non
1310 1887 138 50 tamen
1403 1887 138 50 scire
1495 1887 123 50 quid
1572 1887 108 50 est
1633 1887 154 50 semper
1726 1887 215 50 praesupponit

1076 1923 102 45 rem
1135 1923 117 45 esse
1208 1923 88 45 in
1252 1923 161 45 propria
1369 1923 219 45 existentia;
1544 1923 146 45 possum
1647 1923 117 45 enim
1720 1923 132 45 scire
1807 1923 117 45 quid
1866 1923 73 45 est

1088 1960 135 41 rosa,
1178 1960 135 41 nulla
1267 1960 135 41 tamen
1357 1960 120 41 rosa
1432 1960 120 41 actu
1507 1960 209 41 existente.
1671 1960 135 41 Etiam
1746 1960 194 41 committitur

1079 2001 175 39 fallacia
1211 2001 161 39 figurae
1328 2001 204 39 dictionis;
1488 2001 117 39 quia
1561 2001 102 39 cum
1620 2001 161 39 deberet
1737 2001 175 39 inferri,
1853 2001 88 39 quod

1083 2038 179 51 sciremus
1217 2038 194 51 caritatem
1367 2038 134 51 esse,
1456 2038 164 51 infert,
1576 2038 119 51 quod
1650 2038 164 51 sciamus
1770 2038 105 51 eam
1830 2038 90 51 in
1859 2038 75 51 no-

1087 2078 95 55 bis
1142 2078 122 55 esse;
1223 2078 82 55 et
1264 2078 177 55 similiter
1400 2078 95 55 est
1455 2078 95 55 ibi
1509 2078 163 55 fallacia
1632 2078 231 55 consequentis,
1822 2078 109 55 puta
1877 2078 54 55 ea

1083 2117 120 41 ritas
1163 2117 107 41 est,
1230 2117 107 41 ergo
1297 2117 94 41 est
1350 2117 80 41 in
1390 2117 94 41 me,
1444 2117 94 41 vel
1497 2117 80 41 in
1524 2117 107 41 nobis.

1129 2148 101 60 Ad
1180 2148 201 60 secundum
1331 2148 218 60 dicendum,
1499 2148 134 60 quod
1582 2148 252 60 philosophus
1767 2148 168 60 loquitur

1084 2192 101 44 ibi
1141 2192 87 44 de
1185 2192 188 44 habitibus
1329 2192 217 44 cognitiuis;
1503 2192 116 44 illi
1575 2192 116 44 enii
1648 2192 101 44 non
1706 2192 159 44 possunt
1821 2192 101 44 nos
1865 2192 72 44 la-

1085 2233 134 47 tere,
1174 2233 74 47 &
1204 2233 119 47 ideo
1278 2233 163 47 secudum
1397 2233 119 47 Aug.
1471 2233 104 47 15.
1530 2233 89 47 de
1575 2233 104 47 tri
1634 2233 119 47 fide
1709 2233 134 47 videt
1783 2233 163 47 vnusquis-

1100 2275 92 42 ue
1146 2275 92 42 in
1192 2275 215 42 semetipso,
1360 2275 153 42 quauis
1468 2275 107 42 non
1529 2275 184 42 possimus
1667 2275 230 42 cognoscere,
1836 2275 107 42 vtrum

1090 2315 193 47 huiusmodi
1238 2315 133 47 fides
1327 2315 104 47 sit
1387 2315 89 47 in
1431 2315 133 47 nobis
1520 2315 193 47 informis,
1668 2315 104 47 aut
1728 2315 178 47 formata:
1846 2315 89 47 quia

1078 2349 88 40 in
1122 2349 103 40 hoc
1181 2349 132 40 fides
1269 2349 176 40 dependet
1401 2349 73 40 a
1416 2349 161 40 caritate,

1128 2384 92 53 Ad
1174 2384 168 53 tertium
1296 2384 199 53 dicendum,
1449 2384 122 53 quod
1526 2384 92 53 ad
1572 2384 122 53 hoc,
1648 2384 122 53 quod
1725 2384 168 53 caritas
1832 2384 107 53 dili-

1093 2434 140 45 gatur,
1191 2434 182 45 sufficit,
1332 2434 112 45 quod
1402 2434 225 45 quidditatiue
1584 2434 225 45 cognoscatur,
1767 2434 112 45 Dato
1823 2434 112 45 etiam,

1095 2477 114 43 quod
1166 2477 114 43 quis
1237 2477 157 43 diligat
1351 2477 85 43 se
1394 2477 185 43 diligere,
1536 2477 142 43 nescit
1636 2477 128 43 tamen
1721 2477 128 43 vtrum
1807 2477 128 43 talis
1878 2477 57 43 di

1080 2504 145 56 lectio
1182 2504 102 56 sit
1226 2504 247 56 supernaturalis.

1169 2618 583 91 ARTICVLVS
1573 2618 224 91 III

1075 2754 154 79 Vtrum
1177 2754 119 79 per
1246 2754 205 79 huiusmod
1399 2754 85 79 i
1433 2754 85 79 (
1467 2754 136 79 dato
1553 2754 154 79 quodm
1655 2754 154 79 nobis
1757 2754 119 79 sit
1809 2754 119 79 cari-

1125 2824 137 63 tas)
1211 2824 223 63 caritatem
1382 2824 206 63 possimus
1537 2824 154 63 exire
1640 2824 103 63 in
1691 2824 154 63 actum
1777 2824 103 63 meri

1181 2857 158 82 torium
1292 2857 174 82 eternae
1418 2857 253 82 beatitudinis
1624 2857 126 82 sine
1687 2857 158 82 speciali

1307 2916 182 73 motione
1439 2916 198 73 spiritus
1571 2916 149 73 sancti.

1147 3044 172 60 VANTVM
1267 3044 103 60 ad
1319 3044 190 60 tertium
1457 3044 259 60 principale;
1664 3044 190 60 posito,
1802 3044 138 60 quod
1871 3044 69 60 in

1084 3089 184 73 cmnobis
1218 3089 117 73 sit
1285 3089 200 73 caritas,
1435 3089 150 73 vtrum
1535 3089 117 73 per
1602 3089 217 73 huiusmodi
1752 3089 184 73 caritatem
