2182 3545
100 241 200 86 Dostremae
253 241 215 86 particulae
422 241 138 86 buius
515 241 261 86 distinctiouis
730 241 154 86 clara,
837 241 77 86 &
853 241 92 86 aper

145 308 282 72 tasubdiuisio,
378 308 83 72 n
411 308 116 72 qua
477 308 166 72 quidem
594 308 199 72 Magister
743 308 100 72 de
776 308 100 72 aug-

195 355 151 74 mento
296 355 218 74 caritatis
463 355 251 74 determmans,
648 355 184 74 opintioni

253 411 199 65 oppositae
406 411 122 65 suae
482 411 214 65 sententiae
635 411 138 65 conctur

378 456 233 72 satisfacere.

390 532 105 55 C
432 532 252 55 QVARITVR
621 532 126 55 SI
683 532 231 55 CARITAS
830 532 105 55 &c.

402 580 90 48 In
447 580 120 48 ista
522 580 134 48 parte
611 580 179 48 magister
746 580 179 48 inquirit
865 580 60 48 di

403 623 181 43 augmento
539 623 212 43 caritatis.
705 623 91 43 Et
751 623 121 43 tria
811 623 121 43 faciti

391 659 132 57 quia
474 659 149 57 primo
573 659 149 57 circa
673 659 116 57 hoc
739 659 149 57 mouet
821 659 116 57 quae-

394 700 199 44 stionem.
544 700 182 44 Secundo
676 700 149 44 ponit
776 700 133 44 suam
842 700 83 44 res

397 739 216 54 ponsionem.
566 739 92 54 Et
612 739 154 54 tertio
720 739 139 54 addit
797 739 123 54 respon

385 775 156 52 sionis
495 775 125 52 suae
572 775 296 52 confirmationem.
806 775 125 52 Secun-

383 817 91 53 da
428 817 121 53 ibi,
504 817 106 53 His
565 817 151 53 itaque
671 817 227 53 respodemus.
837 817 91 53 Ter-

84 857 87 40 ua
127 857 116 40 ibi,
199 857 87 40 Vt
243 857 130 40 autem
330 857 159 40 certius
445 857 101 40 &c.
503 857 116 40 Tunc
576 857 174 40 sequitur
706 857 116 40 illa
778 857 130 40 pars,
851 857 72 40 Su-

91 895 104 48 pra
151 895 149 48 dictum
255 895 104 48 est
314 895 104 48 &c.
373 895 89 48 In
418 895 104 48 qua
477 895 178 48 magister
611 895 163 48 adducit
730 895 193 48 opinionem
864 895 59 48 si

89 937 183 52 pradictis
229 937 211 52 contrariam,
398 937 70 52 &
426 937 183 52 diuiditur
567 937 84 52 in
609 937 112 52 duas
679 937 155 52 partes:
791 937 112 52 quia
848 937 84 52 pri-

77 976 93 40 mo
124 976 93 40 ad
171 976 109 40 hoc
233 976 124 40 quod
311 976 187 40 caritas,
451 976 109 40 qua
513 976 124 40 Deum
591 976 78 40 &
622 976 187 40 proximum
746 976 171 40 diligimus

85 1011 84 40 no
127 1011 98 40 sit
183 1011 169 40 spiritus
310 1011 169 40 sanctus,
437 1011 155 40 adducit
549 1011 141 40 istius
648 1011 183 40 opinionis
774 1011 155 40 probatio-

82 1046 91 56 nt
127 1046 167 56 Secundo
249 1046 182 56 adiungit
386 1046 167 56 quandam
507 1046 137 56 aliam
598 1046 228 56 quaestionem
780 1046 121 56 ibi,
841 1046 76 56 Hi-

89 1087 168 54 paeritus
215 1087 98 54 cum
271 1087 168 54 spiritus
397 1087 168 54 sanctus.
522 1087 126 54 Prima
606 1087 182 54 diuiditur
746 1087 84 54 in
788 1087 126 54 tres,
858 1087 56 54 se

83 1128 142 45 undum
178 1128 126 45 quod
257 1128 189 45 tenentes
399 1128 205 45 opinionem
556 1128 142 45 istam
651 1128 221 45 triplicite
824 1128 79 45 r
840 1128 79 45 pro

81 1166 117 51 bant
154 1166 117 51 suam
227 1166 234 51 intentionem.
417 1166 131 51 Primo
505 1166 175 51 scilicet
636 1166 88 51 ex
680 1166 190 51 caritatis
812 1166 102 51 diui-

82 1209 89 55 na
127 1209 74 55 &
156 1209 163 55 numanae
275 1209 252 55 distinctione.
482 1209 163 55 Secundo
600 1209 89 55 ex
645 1209 178 55 spiritus
778 1209 148 55 sancti
867 1209 44 55 o

79 1248 204 45 peratione,
240 1248 102 45 seu
298 1248 219 45 causatione.
473 1248 88 45 Et
517 1248 146 45 tertio
619 1248 88 45 ex
663 1248 190 45 caritatis
794 1248 117 45 humana

78 1279 232 58 beicrintione
266 1279 159 58 Secunda
382 1279 116 58 ibi,
454 1279 101 58 Sed
512 1279 130 58 aliud
599 1279 101 58 est
657 1279 188 58 inquiunt.
788 1279 130 58 Tertiam

84 1318 96 52 i,
132 1318 144 52 Alias
228 1318 160 52 quoque
340 1318 208 52 inducunt.
500 1318 208 52 Quaelibet
660 1318 176 52 istarum
772 1318 144 52 partium

85 1360 184 54 huiditur
223 1360 92 54 in
269 1360 153 54 duias,
376 1360 184 54 secundum
514 1360 123 54 quod
591 1360 184 54 magister
729 1360 138 54 primo
806 1360 107 54 addu-

75 1405 176 51 tistius
203 1405 207 51 opinionis
362 1405 255 51 probationem.
570 1405 176 51 Secundo
698 1405 176 51 econtra
809 1405 96 51 opp.

78 1435 75 54 m
108 1435 121 54 suam
184 1435 136 54 respo
274 1435 181 54 nsionem,
410 1435 75 54 &
440 1435 151 54 partes
546 1435 91 54 de
591 1435 91 54 se
636 1435 166 54 patent.
757 1435 136 54 Circa
833 1435 75 54 han

71 1474 192 56 lctionem
199 1474 144 56 quaero.

346 1543 264 70 Quaestio
544 1543 88 70 I.

161 1596 102 79 An
212 1596 187 79 habitus
348 1596 221 79 caritatis
518 1596 170 79 possit
620 1596 153 79 augeri.

82 2066 152 56 IIRVM
184 2066 186 56 habitus
319 2066 220 56 caritatis
489 2066 220 56 augmentum
658 2066 169 56 possit
760 2066 152 56 suscipo

96 2111 119 42 re,
164 2111 85 42 &
198 2111 187 42 videtur
334 2111 136 42 quod
419 2111 136 42 non:
504 2111 136 42 quia
590 2111 153 42 motus
692 2111 187 42 aumenti
811 2111 102 42 ter-

59 2147 169 54 minatur
182 2147 92 54 ad
228 2147 246 54 quantitatem,
428 2147 108 54 sed
489 2147 169 54 caritas
612 2147 108 54 non
674 2147 108 54 est
735 2147 215 54 quantitas,

64 2183 100 45 eo
114 2183 100 45 &c
164 2183 149 45 Maior
264 2183 149 45 patet
363 2183 100 45 in
413 2183 116 45 lib
479 2183 332 45 praedicamentorum
762 2183 83 45 &
795 2183 100 45 5.
828 2183 83 45 me-

58 2224 118 50 tph,
132 2224 133 50 minor
221 2224 192 50 similiter
368 2224 148 50 patet:
471 2224 118 50 quia
545 2224 162 50 caritas
663 2224 103 50 cum
722 2224 103 50 sit
766 2224 148 50 habitus;

59 2263 162 56 tportet
177 2263 118 56 quod
250 2263 103 56 sit
309 2263 88 56 in
353 2263 132 56 prima
441 2263 147 56 specie
530 2263 176 56 qualitatis

81 2308 184 45 Contra,
215 2308 101 45 si
266 2308 184 45 caritas
400 2308 117 45 non
467 2308 235 45 susciperet
651 2308 235 45 augmentum,
818 2308 101 45 tunc

59 2342 92 47 ma
105 2342 168 47 taritas
227 2342 107 47 non
288 2342 137 47 esset
379 2342 137 47 maior
471 2342 137 47 alia.
562 2342 214 47 consequens
730 2342 107 47 est
776 2342 137 47 falsum;

52 2385 108 39 emo
113 2385 77 39 &
144 2385 232 39 antecedens,
329 2385 185 39 falsitas
468 2385 247 39 consequentis
669 2385 154 39 patet,
777 2385 123 39 quia
839 2385 77 39 cum

54 2419 187 44 secindum
195 2419 187 44 mensuram
335 2419 202 44 caritatis
490 2419 109 44 sit
553 2419 171 44 mensura
677 2419 156 44 premij
786 2419 93 44 in
818 2419 93 44 vita

47 2459 158 38 teata,
158 2459 95 38 si
205 2459 126 38 vnus
284 2459 111 38 non
347 2459 174 38 haberet
474 2459 174 38 maiorem
600 2459 205 38 caritatem
758 2459 142 38 alio,
837 2459 79 38 om-

53 2501 91 44 P
89 2501 218 44 secundum
253 2501 182 44 eandem
380 2501 218 44 mensuram
544 2501 200 44 gloriam
671 2501 237 44 possiderent

56 2545 98 44 bi
105 2545 213 44 oppositum
269 2545 197 44 saluator
416 2545 197 44 insinuat
564 2545 115 44 cum
629 2545 131 44 ait.
711 2545 98 44 In
760 2545 131 44 domo
826 2545 82 44 pa-

49 2581 174 42 tromer
170 2581 226 42 mansiones
344 2581 174 42 multae
466 2581 156 42 sunt.
570 2581 122 42 Hic
640 2581 156 42 primo
727 2581 191 42 videnduni

43 2610 188 56 envtrum
180 2610 188 56 caritas
316 2610 171 56 possit
436 2610 188 56 augeri.
572 2610 188 56 Secundo
709 2610 205 56 videndum
846 2610 68 56 de

60 2653 124 43 podo
138 2653 186 43 augendi,
278 2653 109 43 seu
340 2653 233 43 suscipiendi
526 2653 155 43 magis,
635 2653 78 43 &
666 2653 140 43 minus
759 2653 109 43 tam
805 2653 109 43 cari-

55 2695 135 50 bti,
140 2695 135 50 quam
224 2695 220 50 ceteratum
393 2695 220 50 formarum,
563 2695 152 50 quae,
664 2695 254 50 intenduntur
850 2695 68 50 ac

56 2735 222 46 temretuntur
234 2735 148 46 Tertio
338 2735 133 46 vtrum
427 2735 163 46 caritas
545 2735 148 46 augeri
649 2735 148 46 possit
753 2735 89 46 in
783 2735 133 46 infini-

58 2771 112 54 mm.
122 2771 96 54 Et
170 2771 160 54 quarto
282 2771 144 54 vtrum
378 2771 160 54 possit
474 2771 112 54 minui

264 2810 463 50 RESOLVTI
573 2810 116 50 O

64 2848 72 55 t
92 2848 144 55 Aobuum
193 2848 144 55 videri
293 2848 144 55 debet,
394 2848 115 55 quin
466 2848 158 55 caritat
581 2848 172 55 secundum
710 2848 144 55 gradut
810 2848 86 55 in
839 2848 72 55 es-

85 2889 97 46 tnn
141 2889 83 46 in
182 2889 139 46 sentia
280 2889 139 46 augeri
377 2889 153 46 pessit,
488 2889 97 46 cum
544 2889 195 46 praelertim
697 2889 125 46 sorma
766 2889 139 46 quaelibs

76 2931 164 47 hmelici,
199 2931 68 47 &
227 2931 205 47 inuariabili
391 2931 164 47 essentia
514 2931 192 47 consistat.
665 2931 109 47 Vnde
733 2931 178 47 simplicit
856 2931 55 47 e-

86 2968 112 43 Cesb
156 2968 84 43 in
198 2968 182 43 infinitum
337 2968 98 43 non
393 2968 182 43 protedit,
533 2968 126 43 licet
617 2968 126 43 vespr
701 2968 126 43 ctius
784 2968 112 43 sibi
840 2968 70 43 non

80 3012 130 45 STneT
166 3012 130 45 senti
253 3012 101 45 nec
311 3012 174 45 secundum
442 3012 87 45 se
485 3012 101 45 nec
543 3012 87 45 ex
587 3012 130 45 parte
674 3012 116 45 Dei,
746 3012 101 45 nec
804 3012 87 45 ex
833 3012 87 45 par-

78 3051 116 47 Rm
136 3051 135 47 Asi
213 3051 154 47 ipsa
309 3051 193 47 manent
444 3051 96 47 e
483 3051 135 47 per
560 3051 154 47 vlum
656 3051 174 47 actum
752 3051 174 47 nortrum

83 3082 94 66 en
130 3082 172 66 emietae
255 3082 219 66 neqnuaquam
412 3082 172 66 possimut.

1008 271 683 70 ARTICVLVS.I

1160 322 152 77 Vtrum
1262 322 186 77 caritas
1397 322 169 77 augeri
1499 322 135 77 possit

985 390 200 62 VANTVM
1125 390 120 62 ad
1185 390 200 62 primum
1324 390 219 62 dicitur
1484 390 299 62 communiter,
1703 390 120 62 quod

1016 428 80 59 e
1048 428 176 59 caritas
1176 428 160 59 potest
1272 428 128 59 augeri

974 459 81 66 1
1006 459 130 66 Quia
1088 459 163 66 forma,
1202 459 147 66 cuius
1300 459 196 66 proprium
1446 459 228 66 principium
1609 459 212 66 productiuum

972 506 106 66 est
1033 506 182 66 libetum,
1169 506 76 66 &
1200 506 213 66 principium
1367 506 228 66 susceptiuum
1549 506 106 66 est
1610 506 213 66 variabile,
1777 506 76 66 &

977 556 150 53 poterit
1086 556 109 53 esse
1154 556 136 53 aliter
1250 556 68 53 &
1277 556 136 53 aliter
1372 556 204 53 dispositum,
1535 556 150 53 quantum
1644 556 82 53 ad
1671 556 150 53 receptio-

979 583 98 58 nem
1035 583 140 58 illius
1133 583 154 58 formae,
1245 583 112 58 illa
1315 583 154 58 poterit
1427 583 154 58 augeri,
1539 583 98 58 sed
1595 583 154 58 caritas
1707 583 98 58 est
1749 583 70 58 hu-

972 633 167 53 usmodi,
1093 633 121 53 ergo
1169 633 106 53 &c.
1229 633 136 53 Maior
1320 633 151 53 patet:
1426 633 106 53 Nam
1487 633 136 53 agens
1578 633 167 53 propter
1699 633 106 53 sui
1744 633 76 53 li-

972 666 175 58 bertatem
1104 666 146 58 potest
1206 666 146 58 aliter
1308 666 73 58 &
1337 666 146 58 aliter
1439 666 190 58 influere,
1585 666 73 58 &
1614 666 190 58 subiectum
1745 666 73 58 pro

980 710 98 54 ter
1036 710 98 54 sui
1092 710 253 54 variabilitatem
1303 710 141 54 potest
1402 710 141 54 aliter
1500 710 70 54 &
1529 710 141 54 aliter
1627 710 169 54 influxum
1740 710 84 54 agen

969 738 87 63 ti
1013 738 204 63 fuscipere,
1174 738 73 63 &
1203 738 102 63 per
1261 738 204 63 consequens
1421 738 131 63 forma
1509 738 160 63 poterit
1625 738 175 63 variari,
1742 738 73 63 seu

955 781 161 57 augeri.
1073 781 132 57 Minor
1160 781 88 57 de
1204 781 88 57 se
1248 781 117 57 nota
1322 781 117 57 est:
1395 781 117 57 quia
1468 781 117 57 Deus
1541 781 103 57 est
1600 781 176 57 proprium
1717 781 88 57 prit

963 818 159 61 cipium
1075 818 239 61 productiuum
1266 818 223 61 caritatis,
1441 818 112 61 qui
1505 818 96 61 in
1553 818 128 61 omni
1633 818 112 61 sua
1680 818 128 61 produ-

960 857 152 52 ctione
1066 857 91 52 ad
1111 857 136 52 extra
1202 857 121 52 agit
1278 857 243 52 contingenter
1475 857 76 52 &
1506 857 167 52 libere.
1627 857 152 52 Etiam,
1718 857 91 52 quod

951 908 131 44 anima
1039 908 146 44 nostra
1141 908 117 44 siue
1214 908 175 44 voluntas
1345 908 102 44 sit
1403 908 204 44 variationi
1563 908 175 44 subiecta
1680 908 131 44 experi-

954 937 118 52 mur
1022 937 152 52 quasi
1123 937 135 52 omni
1190 937 101 52 hora

970 983 84 54 2
1004 983 235 54 Praeterea,
1189 983 151 54 omnis
1290 983 151 54 forma
1391 983 168 54 creata
1508 983 168 54 habens
1626 983 151 54 modum
1710 983 101 54 quan

947 1021 201 58 titatiuum
1101 1021 154 58 potest
1209 1021 201 58 suscipere
1363 1021 216 58 augmentum,
1533 1021 108 58 sed
1595 1021 170 58 caritas
1703 1021 108 58 habet

945 1065 151 44 modum
1046 1065 285 44 quantitatiuum
1280 1065 151 44 ergo.
1380 1065 151 44 Maior
1481 1065 167 44 patet.
1598 1065 184 44 Minorem
1715 1065 84 44 pro

956 1093 104 54 bo,
1016 1093 119 54 quia
1090 1093 134 54 omnis
1180 1093 149 54 virtus
1284 1093 149 54 potest
1388 1093 209 54 comparari,
1552 1093 104 54 vel
1611 1093 89 54 ad
1641 1093 164 54 subiectum

946 1134 84 65 in
988 1134 98 65 quo
1044 1134 112 65 est,
1114 1134 70 65 &
1142 1134 98 65 sic
1198 1134 154 65 dicitur
1310 1134 182 65 qualitas,
1450 1134 70 65 &
1478 1134 84 65 vt
1520 1134 98 65 fic
1576 1134 140 65 potest
1660 1134 154 65 suscipere

957 1174 148 49 magis
1055 1174 82 49 &
1088 1174 148 49 minus
1187 1174 198 49 secundum
1336 1174 132 49 quod
1418 1174 198 49 subiecto
1567 1174 115 49 dat
1633 1174 165 49 magis,
1732 1174 82 49 seu

953 1212 202 51 intensius
1109 1212 78 51 &
1140 1212 202 51 remissius
1295 1212 140 51 esse,
1389 1212 186 51 secundum
1528 1212 171 51 maiorem
1653 1212 109 51 vel
1699 1212 109 51 mino-

948 1255 105 45 rem
1008 1255 254 45 dispositionem
1217 1255 195 45 subiecti;
1367 1255 105 45 vel
1427 1255 150 45 potest
1532 1255 195 45 comparari
1681 1255 90 45 ad
1711 1255 90 45 obie

943 1288 127 60 ctum
1022 1288 95 60 in
1070 1288 127 60 quod
1149 1288 175 60 tendit,
1276 1288 79 60 &
1308 1288 111 60 sic
1372 1288 159 60 induit
1483 1288 175 60 quendam
1610 1288 143 60 modum
1689 1288 111 60 quan-

950 1336 207 47 titatiuum,
1113 1336 89 47 eo
1157 1336 118 47 quod
1231 1336 207 47 mensuretur
1394 1336 89 47 ab
1438 1336 177 47 obiecto,
1571 1336 74 47 &
1601 1336 89 47 vt
1645 1336 104 47 sic
1690 1336 104 47 dici-

947 1376 104 48 tur
1007 1376 104 48 vna
1066 1376 148 48 virtus
1170 1376 134 48 maior
1259 1376 119 48 alia
1333 1376 134 48 etiam
1422 1376 89 48 in
1467 1376 134 48 eadem
1556 1376 163 48 specie,
1659 1376 134 48 secundi

947 1417 101 56 quo
1004 1417 159 56 fortius
1120 1417 144 56 tendit
1221 1417 87 56 in
1264 1417 173 56 obiectum
1394 1417 101 56 Cum
1452 1417 144 56 igitur
1553 1417 159 56 caritas
1669 1417 101 56 sit
1712 1417 87 56 per-

946 1445 219 49 fectissima
1119 1445 157 49 virtus
1228 1445 157 49 omnium
1338 1445 188 49 virtutum
1479 1445 125 49 ergo
1542 1445 78 49 &c.

984 1481 103 62 Sed
1043 1481 146 62 contra
1145 1481 132 62 illud
1233 1481 161 62 videtur
1351 1481 117 62 esse
1424 1481 161 62 quaedam
1541 1481 161 62 opinio,
1658 1481 117 62 quae
1717 1481 73 62 di-

941 1534 124 45 cit,
1019 1534 124 45 quod
1097 1534 140 45 motus
1190 1534 93 45 ad
1236 1534 202 45 caritatem
1392 1534 109 45 non
1454 1534 140 45 debet
1547 1534 124 45 dici
1609 1534 186 45 augmentum,

944 1560 95 52 sed
999 1560 189 52 alteratio.

1011 1604 124 57 Quia
1089 1604 140 57 omnis
1183 1604 140 57 motus
1276 1604 93 57 ad
1323 1604 218 57 qualitatem
1494 1604 109 57 est
1556 1604 218 57 alteratio,
1727 1604 109 57 sed

948 1630 168 68 caritas,
1074 1630 98 68 cum
1130 1630 98 68 sit
1186 1630 154 68 virtus,
1298 1630 98 68 est
1355 1630 112 68 bona
1425 1630 168 68 qualitas
1537 1630 112 68 mentis

1019 1682 226 51 Praeterea,
1196 1682 145 51 omnis
1293 1682 145 51 motus
1390 1682 97 51 ad
1438 1682 177 51 aliquem
1567 1682 210 51 terminum,
1712 1682 81 51 qui

953 1717 101 51 nit
1010 1717 101 51 per
1068 1717 174 51 recessum
1199 1717 72 51 a
1228 1717 203 51 contrario,
1387 1717 101 51 est
1445 1717 159 51 proprie
1560 1717 203 51 alteratio,
1705 1717 87 51 vndi

945 1765 229 50 philosophus
1128 1765 92 50 in
1174 1765 168 50 topicis
1296 1765 168 50 loquens
1418 1765 92 50 de
1463 1765 244 50 alteratione,
1662 1765 122 50 quae
1723 1765 76 50 est

941 1806 206 49 albedinem
1099 1806 158 49 dicit,
1210 1806 158 49 Albius
1321 1806 126 49 esse
1400 1806 126 49 quod
1479 1806 111 49 est
1542 1806 142 49 nigro
1621 1806 174 49 impermix-

955 1834 134 61 tius,
1044 1834 104 61 sed
1104 1834 134 61 motus
1193 1834 89 61 ad
1238 1834 193 61 caritatem
1387 1834 104 61 est
1446 1834 208 61 huiusmodi,
1610 1834 119 61 ergo
1684 1834 104 61 &c.
1729 1834 74 61 Pro

947 1875 127 52 batio
1032 1875 198 52 assumptae:
1187 1875 113 52 quia
1258 1875 99 52 ait
1315 1875 156 52 August.
1428 1875 99 52 83.
1485 1875 226 52 quaestionum,
1654 1875 142 52 secundum

955 1925 119 47 quod
1029 1925 163 47 augetur
1148 1925 178 47 caritas,
1282 1925 178 47 minuitur
1416 1925 208 47 cupiditas:
1579 1925 119 47 quia
1639 1925 163 47 caritatis

947 1963 176 52 venenum
1075 1963 112 52 est
1139 1963 128 52 spes
1220 1963 305 52 adipiscendorum,
1476 1963 241 52 nutrimentum
1669 1963 128 52 eius
1733 1963 64 52 mi

955 1988 129 53 nutio
1041 1988 230 53 cupiditatis,
1228 1988 187 53 persectio
1371 1988 129 53 autem
1458 1988 129 53 nulla
1530 1988 172 53 cupiditas.

978 2032 102 52 Sed
1037 2032 117 52 illa
1110 2032 87 52 in
1153 2032 131 52 nullo
1241 2032 204 52 infringunt
1401 2032 146 52 illud,
1503 2032 117 52 quod
1576 2032 131 52 primo
1664 2032 131 52 dixi:
1737 2032 58 52 Au

949 2071 174 49 ctoritas
1080 2071 131 49 etiam
1167 2071 102 49 iam
1225 2071 174 49 allegata
1356 2071 174 49 expresse
1487 2071 102 49 est
1545 2071 102 49 pro
1603 2071 102 49 me:
1661 2071 116 49 quia
1719 2071 73 49 ma-

950 2110 180 63 nifeste
1080 2110 147 63 ponit
1178 2110 212 63 auementum
1342 2110 147 63 fieri
1440 2110 82 63 m
1472 2110 212 63 caritare.
1636 2110 131 63 Vnde
1701 2110 98 63 idem

947 2150 126 59 Aug.
1026 2150 110 59 ait
1089 2150 95 59 ad
1137 2150 221 59 Ponifacium
1310 2150 79 59 &
1342 2150 174 59 habetur
1468 2150 95 59 In
1515 2150 126 59 Qio.
1594 2150 95 59 1.
1641 2150 142 59 Corum
1720 2150 79 59 1s.

953 2187 117 58 quod
1026 2187 161 58 caritas
1143 2187 161 58 meretur
1260 2187 161 58 augeri,
1377 2187 88 58 vt
1421 2187 132 58 aucta
1509 2187 175 58 mereatur
1626 2187 132 58 perfici

978 2224 109 60 Ad
1032 2224 182 60 primum
1160 2224 146 60 ergo
1251 2224 237 60 dicendum,
1433 2224 146 60 quod
1524 2224 164 60 motus
1615 2224 182 60 augmenti

956 2267 158 60 potest
1067 2267 126 60 esse
1145 2267 95 60 ad
1193 2267 236 60 qualitatem,
1382 2267 189 60 secundum
1523 2267 126 60 quod
1602 2267 142 60 habet
1681 2267 110 60 modum

947 2309 279 42 qnantitatiuum,
1179 2309 170 42 caritas
1303 2309 155 42 autem,
1411 2309 139 42 vtiam
1504 2309 170 42 patuit,
1628 2309 155 42 habuit
1721 2309 77 42 mo-

945 2348 123 52 dum
1016 2348 317 52 quantitatiuum.
1280 2348 194 52 Propter
1421 2348 141 52 enim
1509 2348 229 52 huiusmodi
1668 2348 123 52 modum

950 2384 171 55 taritas
1075 2384 109 55 non
1137 2384 140 55 solum
1230 2384 171 55 dicitur
1354 2384 217 55 intensior,
1524 2384 109 55 sed
1586 2384 140 55 etiam
1664 2384 155 55 dicitur;

940 2427 158 49 maior,
1051 2427 142 49 iuxta
1146 2427 126 49 quod
1224 2427 111 49 ait
1288 2427 205 49 saluator.
1446 2427 174 49 Maiorem
1572 2427 205 49 caritatem
1714 2427 79 49 ne-

946 2462 102 44 mo
997 2462 152 44 habet
1081 2462 85 44 &c.

976 2496 95 62 Ad
1024 2496 189 62 secundum
1165 2496 142 62 patet
1260 2496 110 62 per
1307 2496 189 62 praedicta.

964 2578 708 56 ARTICVLVSI

947 2609 100 83 De
997 2609 134 83 modo
1081 2609 184 83 augendi
1215 2609 117 83 seu
1281 2609 234 83 suscipiedi
1465 2609 167 83 magis,
1582 2609 84 83 &
1615 2609 150 83 minus
1716 2609 117 83 tam

1013 2690 239 55 taritatis,
1200 2690 136 55 quam
1286 2690 102 55 ex
1337 2690 222 55 ceterarum
1507 2690 205 55 formarum
1644 2690 102 55 quae

1137 2723 276 64 nuitenduntur,
1364 2723 97 64 ac
1396 2723 227 64 remittuntur.

1017 2806 178 62 VANTVM
1142 2806 107 62 ad
1195 2806 213 62 secundum
1355 2806 267 62 principale;
1568 2806 213 62 qualiter
1710 2806 89 62 au-

1041 2856 155 56 geatur
1149 2856 186 56 caritas;
1289 2856 124 56 sunt
1366 2856 171 56 diuersi
1490 2856 124 56 modi
1568 2856 202 56 doctorum,
1707 2856 93 56 qui-

956 2894 101 55 bus
1013 2894 187 55 declarant
1157 2894 144 55 formas
1258 2894 230 55 intensibilis
1445 2894 72 55 &
1474 2894 230 55 remissibiles
1646 2894 144 55 suscipe-

947 2928 97 54 re
995 2928 145 54 magis
1092 2928 81 54 &
1108 2928 129 54 minus.

1024 2959 166 62 Doctor
1141 2959 133 62 enim
1224 2959 166 62 noster
1341 2959 150 62 ponit
1440 2959 166 62 formam
1557 2959 150 62 magis
1657 2959 83 62 &
1673 2959 117 62 minus

949 3009 190 51 suscipere
1096 3009 103 51 non
1154 3009 176 51 secundum
1286 3009 146 51 gradus
1389 3009 88 51 in
1433 3009 190 51 essentia:
1579 3009 117 51 quia
1653 3009 132 51 illos
1726 3009 73 51 non

958 3049 144 40 habet,
1058 3049 101 40 cum
1116 3049 129 40 forma
1202 3049 101 40 sit
1260 3049 173 40 simplici
1389 3049 72 40 &
1418 3049 216 40 inuariabili
1591 3049 173 40 essentia
1706 3049 86 40 con-

944 3092 158 56 fistens,
1062 3092 79 56 vt
1102 3092 92 56 ait
1155 3092 132 56 auctor
1247 3092 92 56 sex
1300 3092 224 56 principiorum,
1484 3092 92 56 sed
1537 3092 79 56 vt
1576 3092 105 56 ipse
1642 3092 105 56 ait,
1695 3092 92 56 forma
