2407 3553
239 252 72 80 e
267 252 202 80 Praeterea,
426 252 159 80 arguunt
541 252 144 80 quidam
642 252 115 80 alij
714 252 115 80 sic.
786 252 86 80 Si
830 252 159 80 caritas
945 252 130 80 aeque
1017 252 72 80 per

227 296 138 72 fecte
319 296 169 72 quantum
441 296 92 72 ad
487 296 199 72 essentiam
641 296 138 72 esset
733 296 92 72 in
779 296 184 72 quolibet
917 296 153 72 beato,
1009 296 92 72 tunc

225 355 141 57 omnes
319 355 219 57 aequaliter
491 355 266 57 praemiarentur
710 355 219 57 consequens
881 355 109 57 est
944 355 156 57 falsum
1038 355 62 57 te

232 390 107 50 ste
293 390 183 50 Christo,
430 390 107 50 qui
491 390 122 50 ait.
567 390 92 50 In
613 390 122 50 domo
689 390 153 50 patris
796 390 107 50 mei
857 390 198 50 mansiones
994 390 92 50 mul-

236 440 110 48 tae
299 440 142 48 sunt,
394 440 189 48 probatur
536 440 268 48 consequentia:
756 440 126 48 quia
835 440 189 48 praemium
977 440 110 48 non
1024 440 79 48 re-

224 470 190 59 spondet
362 470 173 59 actui;
483 470 121 59 sed
552 470 190 59 habitui
691 470 225 59 caritatis

243 517 81 51 3
275 517 227 51 Praeterea,
453 517 211 51 capacitas
615 517 227 51 superiorum
793 517 211 51 angelorum
955 517 113 51 est
1004 517 81 51 ma-

219 555 126 48 ior,
298 555 126 48 quam
377 555 237 48 inferiorum:
567 555 111 48 sed
630 555 205 48 perfectio
788 555 142 48 debet
883 555 126 48 esse
946 555 142 48 propor-

227 590 158 55 tionata
341 590 244 55 perfectibili,
542 590 129 55 ergo,
628 590 86 55 si
671 590 158 55 angelus
786 590 172 55 superior
915 590 100 55 non
958 590 129 55 haberet

234 630 178 44 maiorem
363 630 210 44 caritatem
525 630 291 44 essentialiter,
768 630 129 44 quam
848 630 210 44 inferior,
994 630 97 44 tunc

229 669 195 51 inferiori
379 669 195 51 existente
528 669 135 51 beato
618 669 165 51 propter
738 669 224 51 repletionem
917 669 120 51 suae
977 669 105 51 capac

225 711 147 43 tatis,
328 711 176 43 superior
460 711 103 43 non
519 711 132 43 esset
607 711 161 43 beatus:
724 711 117 43 quia
798 711 132 43 penes
886 711 117 43 suam
944 711 147 43 capacita

231 743 110 57 tem
294 743 110 57 non
357 743 141 57 esset
435 743 173 57 repletus.

236 790 80 50 3
268 790 225 50 Praeterea,
445 790 241 50 Commentator
638 790 96 50 8.
686 790 225 50 physicorum
863 790 129 50 ait,
943 790 129 50 quod
1008 790 80 50 cum

223 837 171 45 aliquid
348 837 171 45 mutatur
472 837 93 45 de
518 837 124 45 albo
596 837 93 45 in
642 837 171 45 nigrum,
766 837 155 45 partim
875 837 140 45 habet
968 837 93 45 de
999 837 93 45 ter-

234 872 128 49 mino
314 872 80 49 a
346 872 128 49 quo,
426 872 80 49 &
458 872 160 49 partim
570 872 96 49 de
618 872 176 49 termino
747 872 96 49 ad
795 872 144 49 quem,
891 872 128 49 ergo
955 872 128 49 huius-

233 912 121 47 modi
309 912 152 47 formae
415 912 258 47 essentialiter
627 912 152 47 habent
718 912 121 47 partes

244 947 76 49 S
274 947 213 49 Praeterea,
441 947 167 49 arguunt
563 947 121 49 alii
639 947 106 49 hoc
699 947 121 49 idem
775 947 121 49 sic:
851 947 91 49 Si
897 947 137 49 tales
973 947 121 49 formae

225 989 102 50 non
284 989 175 50 haberent
415 989 146 50 gradus
518 989 88 50 in
562 989 190 50 essentia,
708 989 102 50 hoc
766 989 132 50 esset
854 989 102 50 pro
913 989 146 50 tanto:
1000 989 88 50 qui-

231 1033 190 47 essentiae
377 1033 131 47 earum
465 1033 117 47 sunt
538 1033 204 47 simplices,
698 1033 102 47 sed
757 1033 117 47 esse
829 1033 102 47 non
888 1033 102 47 est
946 1033 131 47 minus
1019 1033 73 47 sim

231 1065 138 50 plex,
323 1065 123 50 quam
399 1065 199 50 essentia,
552 1065 123 50 ergo
629 1065 107 50 nec
690 1065 184 50 haberent
828 1065 153 50 gradus
935 1065 92 50 in
966 1065 92 50 esse

235 1102 94 48 10
282 1102 219 48 Praeterea,
454 1102 141 48 omnis
548 1102 156 48 realis
657 1102 203 48 alteratio
813 1102 219 48 terminatur
985 1102 94 48 ad
1016 1102 78 48 ve-

228 1138 108 53 ram
289 1138 232 53 qualitatem,
475 1138 108 53 sed
537 1138 139 53 motus
630 1138 248 53 intensionis,
831 1138 108 53 quo
893 1138 139 53 forma
970 1138 124 53 susci-

228 1182 103 52 pit
287 1182 147 52 magis,
390 1182 103 52 est
449 1182 118 52 vera
522 1182 206 52 alteratio,
684 1182 118 52 ergo
758 1182 206 52 terminatur
919 1182 88 52 ad
949 1182 132 52 aliquan

226 1220 202 51 qualitatem,
387 1220 94 51 sed
441 1220 121 51 talis
522 1220 162 51 qualitas
643 1220 94 51 non
697 1220 135 51 potest
792 1220 108 51 esse
859 1220 121 51 illa,
940 1220 108 51 quae
994 1220 94 51 prae-

219 1267 134 47 fuit:
308 1267 119 47 quia
383 1267 89 47 ad
427 1267 149 47 illud,
532 1267 119 47 quod
606 1267 104 47 est
665 1267 134 47 actu,
755 1267 104 47 non
814 1267 104 47 est
874 1267 149 47 motus,
978 1267 104 47 cum
1022 1267 60 47 mo

224 1301 104 43 tus
283 1301 104 43 sit
343 1301 133 43 actus
432 1301 133 43 entis
521 1301 89 43 in
565 1301 178 43 potentia
699 1301 178 43 secundum
832 1301 119 43 quod
906 1301 89 43 in
936 1301 148 43 potentia

234 1342 90 47 vt
279 1342 135 47 patet
369 1342 90 47 3.
414 1342 225 47 physicorum:
594 1342 105 47 Nec
654 1342 150 47 potest
759 1342 120 47 esse
834 1342 195 47 totaliter
969 1342 120 47 altera

233 1376 136 53 forma
324 1376 76 53 a
354 1376 152 53 prima:
460 1376 121 53 quia
536 1376 106 53 per
597 1376 106 53 hoc
657 1376 136 53 prima
748 1376 106 53 non
809 1376 243 53 intenderetur
991 1376 106 53 etiam

238 1414 119 52 luae
313 1414 149 52 formae
417 1414 119 52 solo
492 1414 149 52 numero
596 1414 224 52 differentes
776 1414 149 52 essent
880 1414 90 52 in
925 1414 149 52 eodem,
1014 1414 75 52 er-

230 1457 93 48 go
277 1457 125 48 erit
355 1457 187 48 secundum
495 1457 140 48 alium
589 1457 156 48 gradum
698 1457 93 48 in
744 1457 187 48 essentia
885 1457 171 48 eiusdem
994 1457 93 48 for-

222 1491 120 56 mae,
297 1491 105 56 oui
357 1491 120 56 uera
432 1491 180 56 qualitas
567 1491 120 56 dici
627 1491 135 56 potest.

227 1518 93 67 11
273 1518 217 67 Praeterea,
443 1518 170 67 relatio
567 1518 108 67 non
629 1518 155 67 potest
737 1518 186 67 intendi,
876 1518 124 67 nisi
938 1518 155 67 intenda-

218 1571 111 52 tur
281 1571 126 52 suum
360 1571 253 52 fundamentum,
566 1571 111 52 sed
629 1571 253 52 participatio
835 1571 158 52 formae
946 1571 111 52 est
993 1571 79 52 qua

226 1614 109 51 dam
289 1614 187 51 relatio,
429 1614 140 51 cuius
522 1614 233 51 fundamentum
709 1614 109 51 est
771 1614 125 51 ipsa
849 1614 156 51 forma,
958 1614 125 51 ergo
1020 1614 78 51 non

231 1650 142 57 potest
330 1650 142 57 maior,
429 1650 99 57 vel
486 1650 127 57 minor
570 1650 226 57 participatio
754 1650 127 57 esse,
839 1650 113 57 nisi
910 1650 127 57 forma
995 1650 85 57 in
1023 1650 71 57 es-

218 1700 184 48 sentia
346 1700 129 48 sua
420 1700 184 48 habeat
549 1700 184 48 gradus
678 1700 92 48 &
696 1700 166 48 partes.

277 1730 99 50 Sed
333 1730 113 50 illa
404 1730 156 50 quamuis
518 1730 113 50 sint
588 1730 212 50 difficilia,
758 1730 127 50 tamen
843 1730 127 50 solui
928 1730 156 50 possunt
1027 1730 57 50 ex

228 1769 143 52 dictis
328 1769 171 52 doctoris
456 1769 143 52 nostri
556 1769 114 52 bene
613 1769 200 52 intellectis.

264 1807 96 52 Ad
312 1807 145 52 cuius
409 1807 241 52 intellectum
602 1807 113 52 est
666 1807 257 52 aduertendum,
875 1807 129 52 quod
955 1807 113 52 non
1004 1807 80 52 per

236 1846 136 53 omnia
327 1846 242 53 consimiliter
524 1846 136 53 ponit
614 1846 151 53 doctor
721 1846 151 53 noster
827 1846 242 53 susceptionem
1008 1846 76 53 fi-

231 1889 86 52 ri
274 1889 86 52 in
316 1889 186 52 caritate,
459 1889 71 52 &
488 1889 86 52 in
531 1889 157 52 ceteris
645 1889 157 52 formis:
759 1889 114 52 quia
831 1889 129 52 licet
917 1889 129 52 eidem
988 1889 100 52 anime

223 1929 144 46 magis
319 1929 224 46 dispositae
495 1929 112 46 vno
559 1929 192 46 tempore,
702 1929 128 46 quam
782 1929 128 46 alio
862 1929 144 46 eadem
942 1929 144 46 caritas

235 1972 92 46 det
288 1972 119 46 magis
367 1972 119 46 esse,
446 1972 79 46 vt
485 1972 119 46 dixit
564 1972 105 46 ille
630 1972 145 46 doctor,
735 1972 211 46 distinctione
907 1972 92 46 17.
959 1972 79 46 q.
999 1972 79 46 8.
1025 1972 66 46 ta-

233 2016 106 45 men
293 2016 121 45 Deus
369 2016 167 45 ratione
491 2016 121 45 suae
566 2016 212 45 libertatis
733 2016 121 45 sine
809 2016 121 45 omni
885 2016 152 45 nostra
976 2016 106 45 coopi

218 2046 173 50 ratione
344 2046 157 50 potest
454 2046 157 50 animae
564 2046 204 50 infundere
720 2046 220 50 caritatem,
893 2046 78 50 &
924 2046 141 50 ipsam
1003 2046 94 50 dis-

232 2094 143 44 ponere
332 2094 128 44 iuxta
417 2094 157 44 libitum
531 2094 114 44 suae
603 2094 214 44 voluntatis,
774 2094 128 44 sicut
860 2094 128 44 dixit
945 2094 114 44 ille
1002 2094 86 44 idem

227 2124 171 50 doctor
347 2124 154 50 eadem
449 2124 274 50 distinctione
672 2124 120 50 q4.
723 2124 86 50 vl.

271 2162 100 54 Ad
321 2162 167 54 primum
438 2162 167 54 igitur
555 2162 234 54 argumentum
739 2162 217 54 dicendum,
905 2162 134 54 quod
972 2162 117 54 quam-

235 2211 102 42 uis
294 2211 87 42 in
337 2211 160 42 Christo
454 2211 102 42 non
512 2211 116 42 sint
585 2211 146 42 plures
687 2211 146 42 partes
788 2211 189 42 essentiae
919 2211 175 42 caritatis:

225 2244 120 47 quia
300 2244 135 47 tales
390 2244 150 47 partes
495 2244 165 47 caritas
615 2244 105 47 non
674 2244 150 47 habet;
779 2244 105 47 est
839 2244 135 47 tamen
929 2244 90 47 in
974 2244 90 47 eo
1004 2244 90 47 esse

224 2279 229 55 carissimum
403 2279 82 55 &
436 2279 114 55 Deo
502 2279 163 55 maxime
616 2279 180 55 gratum:
747 2279 131 55 quia
828 2279 147 55 sicut
927 2279 147 55 dicit
1008 2279 82 55 do-

231 2323 112 43 ctor
301 2323 140 43 noster
398 2323 126 43 dist.
482 2323 98 43 17.
538 2323 126 43 q4.11
622 2323 126 43 anima
705 2323 153 43 Christi
817 2323 140 43 tantam
915 2323 153 43 recipit
1012 2323 70 43 gra

239 2364 120 44 tiam
314 2364 75 44 &
344 2364 210 44 caritatem,
509 2364 105 44 qua
569 2364 105 44 sic
629 2364 210 44 replebatur
794 2364 120 44 eius
869 2364 195 44 capacitas
1019 2364 105 44 tam

226 2400 183 60 actualis,
367 2400 113 60 quam
437 2400 211 60 possibilis,
606 2400 113 60 quod
676 2400 84 60 si
718 2400 127 60 talis
803 2400 127 60 anima
887 2400 169 60 vlterius
1000 2400 98 60 fuis-

234 2439 101 52 set
291 2439 130 52 aucta
378 2439 87 52 in
422 2439 159 52 gratia,
537 2439 101 52 non
595 2439 217 52 remansisset
769 2439 87 52 in
812 2439 130 52 eadem
885 2439 130 52 specle-

275 2475 102 51 Ad
326 2475 203 51 secundum
478 2475 220 51 dicendum,
648 2475 135 51 quod
732 2475 186 51 quamuis
868 2475 152 51 illud
953 2475 135 51 argumu

224 2512 115 54 tum
289 2512 180 54 aliquam
420 2512 245 54 apparentiam
616 2512 164 54 habeat
731 2512 98 54 de
780 2512 147 54 alijs
862 2512 229 54 accidentibus

228 2565 135 48 magis
318 2565 75 48 &
348 2565 135 48 minus
438 2565 270 48 suscipientibus
663 2565 105 48 via
722 2565 195 48 naturali,
872 2565 90 48 de
917 2565 180 48 caritate
1037 2565 60 48 ta

233 2596 125 52 men,
312 2596 78 52 &
343 2596 172 52 gratia,
468 2596 78 52 &
500 2596 172 52 ceteris
625 2596 219 52 virtutibus
797 2596 78 52 a
829 2596 110 52 Deo
891 2596 110 52 per
938 2596 157 52 creatio-

242 2634 112 47 nem
306 2634 192 47 infusis,
450 2634 144 47 nihil
546 2634 224 47 concludit:
723 2634 128 47 quia
803 2634 144 47 omnem
899 2634 144 47 talem
979 2634 112 47 forma

232 2673 136 50 Deus
317 2673 170 50 potest
436 2673 204 50 secundum
589 2673 153 50 magis
690 2673 85 50 &
724 2673 153 50 minus
826 2673 204 50 intimare
962 2673 136 50 subie-

234 2715 117 47 cto,
308 2715 132 47 nulla
396 2715 161 47 praeuia
513 2715 191 47 requisita
660 2715 249 47 dispositione,
865 2715 103 47 ita
924 2715 117 47 quod
997 2715 132 47 eadem

230 2748 185 56 essentia
368 2748 200 56 caritatis
522 2748 261 56 indiuisibilis
737 2748 185 56 secundum
876 2748 154 56 gradus
968 2748 123 56 essen-

244 2787 176 54 tiales,
372 2787 192 54 secundum
516 2787 128 54 quod
596 2787 144 54 magis
693 2787 80 54 a
725 2787 112 54 suo
789 2787 192 54 creatore
917 2787 176 54 intimatui

236 2831 205 44 subiecto,
394 2831 79 44 &
425 2831 189 44 intimius
567 2831 205 44 radicatur
725 2831 95 44 in
772 2831 110 44 eo,
835 2831 189 44 secundum
977 2831 110 44 hoc
1024 2831 79 44 dat

240 2874 142 58 magis
335 2874 79 58 &
366 2874 189 58 nobilius
508 2874 126 58 esse
587 2874 205 58 subiccto,
745 2874 79 58 &
777 2874 142 58 magis
871 2874 252 58 participatur
1061 2874 47 58 a

221 2909 182 54 subiecto.

289 2921 117 81 Sed
356 2921 184 81 quantum
490 2921 100 81 ad
540 2921 267 81 susceptionem
757 2921 150 81 magis
857 2921 83 81 &
890 2921 167 81 minus,
990 2921 117 81 prout

240 2987 102 49 est
299 2987 87 49 in
342 2987 131 49 rebus
429 2987 232 49 naturalibus,
618 2987 116 49 tunc
691 2987 145 49 doctor
792 2987 145 49 noster
894 2987 102 49 met
952 2987 131 49 facit
1024 2987 73 49 il-

236 3028 107 48 lud
297 3028 213 48 argumentum
464 3028 152 48 contra
571 3028 91 48 se
616 3028 91 48 2.
662 3028 107 48 suo
723 3028 183 48 quolibet
860 3028 137 48 quae.
951 3028 107 48 14.
1012 3028 91 48 Et
1042 3028 61 48 re

233 3073 169 45 spondet
356 3073 92 45 ad
402 3073 139 45 ipsum
494 3073 123 45 sic.
571 3073 139 45 Dicit
664 3073 139 45 enim,
756 3073 123 45 quod
833 3073 185 45 intensio
971 3073 77 45 &
987 3073 123 45 remis-

237 3105 113 63 sio,
308 3105 113 63 quae
379 3105 99 63 est
435 3105 85 63 in
478 3105 170 63 secundis
606 3105 227 63 qualitatibus
790 3105 184 63 reducitur
932 3105 85 63 in
960 3105 142 63 intensio

1121 280 105 61 nem
1181 280 75 61 &
1211 280 240 61 remissionem,
1406 280 120 61 quae
1481 280 105 61 est
1541 280 90 61 in
1586 280 150 61 primis
1691 280 255 61 qualitatibos,
1901 280 75 61 &
1916 280 75 61 il-

1128 325 91 57 la
1173 325 198 57 reducitur
1325 325 182 57 vlterius
1462 325 91 57 in
1508 325 228 57 intensionem
1690 325 76 57 &
1720 325 243 57 remissionem,
1903 325 91 57 quae

1124 367 100 56 est
1181 367 86 56 in
1224 367 172 56 raritate
1353 367 72 56 &
1382 367 201 56 densitate,
1540 367 115 56 haec
1612 367 144 56 autem,
1712 367 115 56 quae
1784 367 100 56 est
1841 367 86 56 in
1885 367 115 56 raro
1942 367 43 56 e

1129 402 146 59 denso
1226 402 113 59 non
1291 402 211 59 reducitur
1453 402 195 59 vlterius
1599 402 97 59 in
1648 402 178 59 aliquam
1761 402 227 59 accidentales

1118 444 287 54 dispositionem,
1357 444 111 54 sed
1421 444 207 54 immediate
1580 444 207 54 reducitur
1739 444 96 54 in
1787 444 159 54 partes
1882 444 96 54 quan

1134 483 197 51 titatiuas
1285 483 197 51 materiae,
1437 483 121 51 quae
1512 483 91 51 ex
1558 483 106 51 sua
1619 483 151 51 natura
1725 483 106 51 hoc
1785 483 167 51 habent,
1891 483 91 51 quoc

1126 525 161 53 possunt
1244 525 88 53 ab
1288 525 147 53 agente
1390 525 220 53 constringi,
1566 525 73 53 &
1595 525 103 53 sic
1654 525 205 53 intenditur
1815 525 191 53 densitas,
1947 525 44 53 &

1131 567 164 51 possunt
1250 567 90 51 ab
1295 567 134 51 eodem
1385 567 149 51 agente
1489 567 179 51 distendi
1624 567 75 51 &
1654 567 194 51 dilatari,
1803 567 75 51 &
1833 567 105 51 sic
1878 567 105 51 inten

1128 601 135 55 ditur
1218 601 181 55 raritas:
1354 601 90 55 Et
1399 601 105 55 per
1459 601 105 55 hoc
1519 601 166 55 cessant
1640 601 151 55 multae
1745 601 271 55 cauillationes,

1135 638 116 55 uae
1202 638 83 55 a
1235 638 198 55 modernis
1384 638 232 55 doctoribus
1566 638 232 55 inducuntur
1747 638 165 55 contra
1847 638 132 55 docto-

1129 686 109 60 tem
1192 686 187 60 nostrum,
1332 686 125 60 quae
1410 686 141 60 omnia
1504 686 203 60 procedunt
1660 686 94 60 ex
1707 686 219 60 ignorantia
1863 686 125 60 istius

1101 713 207 51 solutionis.

1153 758 92 47 Et
1199 758 92 47 si
1245 758 169 47 aliquis
1367 758 184 47 instaret
1505 758 169 47 dicens,
1628 758 123 47 quod
1704 758 169 47 calidum
1827 758 77 47 &
1842 758 169 47 frigidum,

1128 797 183 60 humidum,
1265 797 76 60 &
1296 797 168 60 siccum,
1418 797 107 60 non
1479 797 153 60 debeat
1585 797 153 60 reduci
1692 797 92 60 ad
1738 797 137 60 rarum
1829 797 76 60 &
1845 797 137 60 densum:

1128 842 125 44 quia
1206 842 218 44 qualitates
1378 842 156 44 primae
1487 842 109 44 non
1550 842 156 44 debent
1659 842 156 44 reduci
1768 842 94 44 ad
1799 842 156 44 secundas

1169 874 221 48 Respondet
1339 874 170 48 doctor
1458 874 187 48 ibidem,
1593 874 136 48 quod
1678 874 187 48 quamuis
1814 874 187 48 calidum
1933 874 51 48 &

1118 911 185 50 frigidum
1256 911 108 50 &c.
1318 911 123 50 sint
1395 911 154 50 priora
1503 911 123 50 raro
1581 911 77 50 &
1612 911 139 50 denso
1704 911 108 50 per
1750 911 232 50 comparationem

1128 956 88 53 ad
1172 956 132 53 agens
1260 956 117 53 quia
1334 956 132 53 agens
1422 956 235 53 calefaciendo
1612 956 205 53 rarefacit,
1774 956 161 53 raritas
1876 956 103 53 tamen

1114 995 80 53 &
1146 995 192 53 densitas
1290 995 128 53 sunt
1370 995 176 53 priores
1498 995 176 53 quantum
1625 995 96 53 ad
1673 995 208 53 materiam,
1833 995 128 53 quia
1897 995 80 53 ma-

1126 1035 127 57 teria
1211 1035 198 57 rarefiendo
1366 1035 170 57 calefit.
1493 1035 85 57 et
1536 1035 113 57 quia
1606 1035 113 57 illa
1677 1035 155 57 solutio
1790 1035 99 57 fit
1847 1035 85 57 in
1875 1035 113 57 ordine

1119 1070 97 52 ad
1167 1070 210 52 materiam,
1329 1070 161 52 igitur
1425 1070 65 52 &c

1172 1091 84 74 Ad
1214 1091 153 74 tertium
1325 1091 153 74 patebit
1437 1091 84 74 in
1479 1091 139 74 quarto
1576 1091 139 74 istius
1674 1091 209 74 quaestionis
1827 1091 153 74 articulo,

1151 1156 95 51 Ad
1199 1156 174 51 quartum
1325 1156 206 51 dicendum,
1483 1156 126 51 quod
1562 1156 126 51 esse
1641 1156 221 51 accidentis
1815 1156 111 51 est
1863 1156 126 51 quidam

1129 1190 139 41 modus
1221 1190 247 41 perfectiuus,
1422 1190 123 41 quem
1499 1190 185 41 sortitur
1638 1190 201 41 subiectum
1792 1190 93 41 ex
1838 1190 108 41 con
1884 1190 93 41 iun-

1130 1228 154 57 ctione
1238 1228 108 57 sui
1299 1228 108 57 cum
1361 1228 216 57 accidente,
1531 1228 108 57 qui
1592 1228 154 57 quidem
1700 1228 139 57 modus
1793 1228 108 57 non
1855 1228 108 57 est
1901 1228 77 57 es-

1122 1264 152 58 sentia
1228 1264 228 58 accidentis:
1411 1264 122 58 quia
1487 1264 122 58 ille
1563 1264 137 58 modus
1654 1264 213 58 intenditur
1821 1264 76 58 &
1836 1264 137 58 remitti

1117 1311 133 54 tur,
1201 1311 200 54 secundum
1350 1311 133 54 quod
1434 1311 150 54 ipsum
1534 1311 200 54 accidens
1683 1311 150 54 magis
1783 1311 83 54 &
1817 1311 150 54 minus
1900 1311 83 54 su-

1127 1343 159 46 biecto
1222 1343 175 46 intimatur

1160 1387 97 51 Ad
1208 1387 178 51 quintum
1338 1387 210 51 respondet
1500 1387 162 51 noster
1613 1387 162 51 doctor
1726 1387 81 51 1
1758 1387 259 51 sententiarum

1121 1425 122 48 dist.
1203 1425 95 48 17.
1257 1425 122 48 qu.8.
1338 1425 81 48 in
1378 1425 176 48 solutione
1513 1425 135 48 quarti
1608 1425 176 48 argumenti
1743 1425 149 48 dicens,
1851 1425 108 48 quod
1905 1425 68 48 non

1119 1471 102 48 est
1178 1471 146 48 simile
1280 1471 88 48 de
1324 1471 117 48 luce
1397 1471 73 48 &
1426 1471 88 48 de
1470 1471 146 48 formis
1572 1471 190 48 realibus,
1719 1471 88 48 de
1762 1471 146 48 quibus
1865 1471 88 48 ad
1894 1471 73 48 pre

1122 1501 119 54 sens
1197 1501 104 54 est
1256 1501 149 54 sermo:
1360 1501 119 54 quia
1435 1501 134 54 lumen
1524 1501 283 54 intentionaliter
1762 1501 104 54 est
1821 1501 89 54 in
1851 1501 119 54 medio.

1128 1548 121 48 quod
1204 1548 167 48 probat:
1325 1548 121 48 quia
1401 1548 121 48 duae
1477 1548 227 48 intentiones
1659 1548 121 48 solo
1734 1548 152 48 numero
1825 1548 152 48 differen

1122 1584 104 51 tes
1181 1584 74 51 a
1211 1584 148 51 duabus
1315 1584 178 51 candelis
1448 1584 192 51 deriuatae
1596 1584 163 51 possunt
1714 1584 133 51 simul
1803 1584 118 51 esse
1877 1584 89 51 in
1907 1584 74 51 ea-

1119 1618 108 54 dem
1180 1618 138 54 parte
1272 1618 138 54 medij
1364 1618 123 54 quia
1441 1618 92 54 si
1487 1618 138 54 tales
1580 1618 169 54 candele
1702 1618 92 54 in
1749 1618 138 54 eadem
1841 1618 138 54 linea
1918 1618 61 54 ex

1121 1659 182 49 opposito
1257 1659 197 49 ponantur,
1409 1659 121 49 homo
1484 1659 182 49 existens
1621 1659 91 49 in
1666 1659 106 49 vna
1727 1659 136 49 parte
1818 1659 136 49 uidet
1893 1659 76 49 il-

1128 1699 102 51 am,
1187 1699 116 51 quae
1259 1699 116 51 sibi
1332 1699 204 51 opponitur,
1492 1699 73 51 &
1522 1699 175 51 existens
1653 1699 87 51 in
1696 1699 116 51 alia
1769 1699 102 51 par
1827 1699 73 51 e
1842 1699 131 51 eiusdem

1132 1736 130 55 ineae
1218 1736 130 55 uidet
1305 1736 144 55 aliam,
1405 1736 115 55 quod
1478 1736 101 55 non
1535 1736 231 55 contingeret,
1723 1736 115 55 nisi
1795 1736 86 55 in
1838 1736 115 55 omni
1896 1736 86 55 pare

1131 1782 91 47 te
1176 1782 152 47 illius
1282 1782 152 47 lineae
1389 1782 152 47 essent
1495 1782 227 47 intentiones
1677 1782 167 47 ambarum
1783 1782 197 47 candelarum,

1128 1818 119 42 quae
1202 1818 134 42 tamen
1291 1818 119 42 solo
1366 1818 148 42 numero
1469 1818 208 42 differunt.
1633 1818 89 42 Et
1677 1818 119 42 quia
1751 1818 134 42 talia
1826 1818 148 42 intentio

1119 1856 134 51 nalia
1208 1856 193 51 dependent
1357 1856 134 51 quasi
1446 1856 193 51 totaliter
1595 1856 89 51 ab
1640 1856 164 51 agente:
1759 1856 119 51 quia
1833 1856 104 51 non
1878 1856 104 51 solun

1123 1893 81 42 in
1164 1893 135 42 fieri,
1259 1893 95 42 sed
1313 1893 122 42 etiam
1394 1893 81 42 in
1435 1893 122 42 facto
1516 1893 122 42 esse,
1597 1893 68 42 &
1624 1893 81 42 in
1665 1893 189 42 conseruari
1814 1893 176 42 dependent
1935 1893 41 42 a

1123 1932 110 52 suis
1192 1932 220 52 productiuis;
1371 1932 110 52 hinc
1440 1932 110 52 est,
1508 1932 110 52 quod
1577 1932 69 52 a
1605 1932 165 52 fortiori
1728 1932 151 52 agente,
1838 1932 110 52 puta
1907 1932 69 52 a
1921 1932 55 52 so

1127 1973 92 38 le
1173 1973 107 38 aer
1234 1973 138 38 etiam
1326 1973 138 38 minus
1418 1973 215 38 dispositus
1587 1973 154 38 potest
1695 1973 138 38 magis
1771 1973 200 38 illuminari,

1123 2012 118 53 quam
1197 2012 74 53 a
1227 2012 133 53 luna;
1315 2012 104 53 vel
1375 2012 192 53 debiliori
1523 2012 148 53 agente
1626 2012 104 53 aer
1685 2012 163 53 purior,
1804 2012 74 53 &
1833 2012 133 53 magis
1907 2012 74 53 di-

1124 2057 160 48 positus
1241 2057 233 48 illuminetur.
1431 2057 117 48 Hinc
1504 2057 102 48 est
1562 2057 146 48 etiam,
1664 2057 117 48 quod
1737 2057 131 48 plura
1825 2057 146 48 lumina
1912 2057 73 48 si-

1121 2098 112 44 mul
1185 2098 224 44 praesentia
1361 2098 144 44 eidem
1457 2098 128 44 acri
1537 2098 144 44 magis
1634 2098 224 44 illuminant
1810 2098 128 44 eum,
1874 2098 96 44 quam

1116 2128 146 55 vnum
1207 2128 182 55 lumen.
1334 2128 182 55 Quorum
1462 2128 182 55 omnium
1589 2128 237 55 oppositum
1772 2128 200 55 videmus
1899 2128 73 55 in

1111 2165 159 56 formis
1207 2165 175 56 realibus.

1152 2183 132 79 Forte
1241 2183 177 79 dicetur,
1373 2183 103 79 qud
1432 2183 118 79 idem
1505 2183 162 79 videmus
1623 2183 88 79 in
1667 2183 147 79 formis
1770 2183 177 79 realibus
1888 2183 103 79 rea

1126 2241 129 55 liter
1212 2241 72 55 a
1240 2241 114 55 suis
1312 2241 186 55 agentibus
1455 2241 172 55 inductis
1584 2241 86 55 in
1627 2241 200 55 subiectis.
1784 2241 157 55 Positis
1884 2241 86 55 enin

1125 2286 146 52 duobus
1228 2286 292 52 calefactibilibus
1476 2286 102 52 per
1535 2286 132 52 omnia
1622 2286 132 52 aeque
1710 2286 219 52 dispositis,
1885 2286 73 52 &
1900 2286 73 52 uni

1117 2322 188 54 illorum
1254 2322 188 54 ponatur
1391 2322 154 54 iuxta
1493 2322 137 54 vnum
1579 2322 154 54 solum
1681 2322 222 54 carbonem,
1852 2322 86 54 &
1869 2322 120 54 aliud

1127 2363 126 56 uxta
1206 2363 173 56 maximum
1332 2363 158 56 ignem,
1442 2363 110 56 non
1505 2363 189 56 obstante
1647 2363 236 56 aequalitate
1820 2363 158 56 disposi-

1130 2406 138 48 tionis
1227 2406 83 48 in
1268 2406 111 48 eis,
1337 2406 138 48 illud,
1434 2406 83 48 in
1476 2406 111 48 quod
1545 2406 111 48 agit
1614 2406 111 48 ille
1683 2406 152 48 maximus
1793 2406 138 48 ignis,
1876 2406 97 48 magi-

1119 2443 179 52 calefit,
1253 2443 119 52 quam
1327 2443 149 52 illud,
1432 2443 89 52 in
1476 2443 119 52 quod
1551 2443 119 52 agit
1625 2443 134 52 solus
1714 2443 149 52 carbo;
1818 2443 149 52 igitur
1908 2443 74 52 non

1128 2493 128 48 olum
1208 2493 175 48 ratione
1335 2493 255 48 dispositonis
1543 2493 191 48 subiecti
1686 2493 191 48 maioris,
1830 2493 80 48 &
1846 2493 143 48 minoris

1118 2517 136 48 forma
1209 2517 151 48 realis
1315 2517 106 48 dat
1375 2517 151 48 magis,
1481 2517 76 48 &
1512 2517 136 48 minus
1602 2517 136 48 esse;
1693 2517 212 48 verumetiam
1860 2517 91 48 ex
1890 2517 91 48 uir-

1134 2565 106 48 ute
1194 2565 181 48 agentis,
1330 2565 151 48 stante
1436 2565 136 48 eadem
1526 2565 241 48 dispositione
1722 2565 196 48 subiecti:
1858 2565 121 48 possu-

1118 2598 114 48 mus
1183 2598 131 48 ergo
1265 2598 180 48 dicere,
1395 2598 131 48 quod
1477 2598 114 48 non
1542 2598 147 48 solum
1640 2598 180 48 quantum
1771 2598 98 48 ad
1820 2598 163 48 formas
1918 2598 65 48 in

1121 2645 258 46 tentionales,
1331 2645 226 46 verumetiam
1509 2645 178 46 quantum
1638 2645 97 46 ad
1686 2645 162 46 formas
1799 2645 162 46 reales
1896 2645 81 46 ma-

1126 2679 101 58 ior
1183 2679 173 58 effectus
1313 2679 188 58 inducitur
1457 2679 87 58 ex
1501 2679 159 58 virtute
1616 2679 159 58 agentis
1732 2679 87 58 in
1775 2679 188 58 fubiectis
1905 2679 72 58 ec-

1126 2712 118 58 dem
1194 2712 135 58 modo
1261 2712 202 58 dispositis

1176 2726 190 74 espondeo,
1322 2726 131 74 quod,
1410 2726 175 74 predicto
1541 2726 117 74 casu
1614 2726 161 74 posito,
1731 2726 161 74 quamuis
1848 2726 131 74 talia
1921 2726 73 74 pas

1128 2787 92 54 sa
1174 2787 92 54 in
1220 2787 200 54 principio
1374 2787 123 54 sint
1451 2787 138 54 eodem
1543 2787 123 54 modo
1620 2787 215 54 disposita,
1774 2787 215 54 perseuerante

1128 2834 148 53 tamen
1226 2834 181 53 actione
1358 2834 263 53 praedictorum
1572 2834 197 53 agentium
1720 2834 148 53 circa
1802 2834 181 53 huiusmodi

1127 2866 152 58 passa,
1233 2866 198 58 immediate
1385 2866 106 58 fit
1446 2866 198 58 difformis
1598 2866 213 58 disposito:
1765 2866 122 58 quia
1841 2866 122 58 ille
1902 2866 76 58 ma-

1140 2910 119 56 gnus
1215 2910 134 56 ignis
1304 2910 164 56 ratione
1423 2910 104 56 sui
1483 2910 224 56 praedominij
1662 2910 134 56 super
1751 2910 119 56 tale
1826 2910 149 56 passum
1915 2910 75 56 ue-

1141 2946 149 56 ociter
1245 2946 179 56 disponit
1379 2946 149 56 ipsum,
1484 2946 74 56 &
1513 2946 179 56 intense;
1647 2946 164 56 propter
1767 2946 119 56 quod
1841 2946 119 56 tale
1901 2946 89 56 pas-

1143 2992 110 53 um,
1206 2992 173 53 quamuis
1332 2992 110 53 non
1394 2992 188 53 recipiat
1536 2992 157 53 plures
1646 2992 157 53 gradus
1756 2992 173 53 quantum
1881 2992 94 53 ad
1913 2992 78 53 es-

1126 3026 154 47 sentiam
1238 3026 225 47 caliditatis,
1421 3026 84 47 qu
1463 3026 84 47 am
1505 3026 140 47 passum
1603 3026 168 47 alterum.
1729 3026 112 47 illa
1800 3026 126 47 tamen
1870 3026 126 47 calidi-

1139 3069 100 54 tas
1196 3069 157 54 tribuit
1310 3069 114 54 sibi
1382 3069 129 54 magis
1467 3069 114 54 esse
1539 3069 157 54 calidum
1653 3069 157 54 ratione
1767 3069 157 54 maioris
1867 3069 129 54 disposi

1142 3108 144 58 tionis
1242 3108 173 58 receptae
1372 3108 101 58 per
1430 3108 173 58 actionem
1559 3108 144 58 ipsius
1660 3108 130 58 ignis
1747 3108 130 58 ipsum
1819 3108 187 58 alterantis.
