2214 3517
83 245 164 60 tulutem
202 245 119 60 ibi,
276 245 104 60 Hic
336 245 149 60 oritur
440 245 178 60 quaestio
574 245 164 60 trahens
693 245 104 60 &c.
752 245 134 60 Prima
827 245 59 60 in

92 304 124 40 duas,
175 304 111 40 quia
244 304 124 40 primo
327 304 166 40 ostendit
452 304 194 40 personarum
604 304 221 40 aequalitatem
783 304 83 40 ex
811 304 69 40 hoc

79 340 131 44 quod
161 340 164 44 habent
275 340 164 44 eandem
390 340 278 44 magnitudinem,
619 340 82 44 &
652 340 229 44 maiestatem
816 340 66 44 in

89 378 179 44 essendo,
224 378 164 44 Secundo
343 378 90 44 ex
388 378 120 44 hoc,
463 378 120 44 quod
537 378 149 44 habent
642 378 134 44 eadem
717 378 164 44 virtutem,

81 415 219 46 potestatem
253 415 94 46 in
300 415 156 46 agendo
409 415 125 46 ibi,
487 415 125 46 Nunc
565 415 234 46 ostendemus.
753 415 140 46 Prima
831 415 62 46 di

94 454 139 42 uditur
192 454 84 42 in
233 454 111 42 tres
303 454 111 42 quia
373 454 125 42 primo
456 454 167 42 magister
582 454 181 42 ostendit,
721 454 84 42 in
763 454 98 42 quo
804 454 84 42 con-

92 492 121 43 filit
172 492 188 43 personarum
320 492 188 43 aequalitas
468 492 81 43 in
508 492 161 43 communi,
629 492 161 43 scilicet
750 492 81 43 in
777 492 107 43 aeter-

85 531 150 51 nitate,
195 531 219 51 magnitudine,
372 531 68 51 &
400 531 191 51 potestate.
550 531 150 51 Secundo
659 531 137 51 probat
755 531 96 51 hec
796 531 82 51 tri-

92 575 80 47 on
132 575 159 47 differre
251 575 93 47 re,
304 575 93 47 sed
357 575 106 47 sola
423 575 159 47 ratione.
542 575 80 47 Et
582 575 133 47 tertio
675 575 199 47 prosequitur
821 575 66 47 per

91 610 138 43 onarum
188 610 221 43 aequalitatem
367 610 83 43 in
408 610 179 43 speciali,
546 610 124 43 prout
629 610 193 43 attenditur
781 610 83 43 in
808 610 69 43 ips

92 660 252 31 nagnitudine.
297 660 173 31 Secunda
423 660 126 31 ibi,
502 660 158 31 Cumque
612 660 236 31 enumerentur
785 660 95 31 ista

92 689 139 48 sertia
190 689 112 48 ibi.
259 689 112 48 Quod
329 689 126 48 autem
413 689 223 48 aeternitate.
594 689 84 48 Et
636 689 112 48 haec
706 689 181 48 diuiditur
831 689 56 48 in

90 724 121 47 res,
165 724 121 47 quia
241 724 136 47 primo
331 724 181 47 ostendit
467 724 196 47 diuinarum
618 724 211 47 personarum
768 724 121 47 magni-

91 767 143 43 udinis
191 767 229 43 aequalitatem
377 767 158 43 propter
492 767 344 43 consubstantialitatis
778 767 115 43 vnita-

83 803 119 47 tem,
157 803 163 47 Secundo
276 803 163 47 propter
395 803 222 47 totalitatis
573 803 237 47 immunitatem,
765 803 89 47 Et
795 803 89 47 ter-

80 839 96 49 tio
135 839 152 49 propter
246 839 234 49 simplicitatis
438 839 193 49 puritatem.
590 839 152 49 Secunda
700 839 110 49 ibi,
769 839 96 49 Sed
824 839 96 49 iam

82 887 115 38 tune
153 887 143 38 Tertia
254 887 115 38 ibi,
325 887 172 38 Sciendum
454 887 100 38 est
512 887 158 38 igitur.
627 887 129 38 Prima
713 887 186 38 diuiditur
842 887 57 38 in

84 918 119 49 dias
158 918 119 49 quia
232 918 133 49 primo
321 918 148 49 probat
425 918 178 49 intentum
558 918 89 49 ex
603 918 119 49 hoc,
677 918 119 49 quod
751 918 119 49 tres
810 918 89 49 diui

89 955 183 53 apersonae
230 955 113 53 sunt
301 955 169 53 realiter
427 955 99 53 vna
484 955 155 53 natura,
597 955 155 53 Secundo
710 955 85 53 ex
752 955 113 53 hoc,
808 955 85 53 quod

86 1006 155 40 melibet
198 1006 141 40 diuina
297 1006 155 40 persona
409 1006 126 40 habet
494 1006 112 40 esse
564 1006 84 40 in
606 1006 112 40 alia
676 1006 169 40 persona.
789 1006 98 40 Secur

80 1039 116 52 nibi,
158 1039 77 52 Et
196 1039 103 52 inde
261 1039 103 52 est,
325 1039 103 52 quod
390 1039 116 52 pater
467 1039 142 52 dicitur
570 1039 116 52 esse.
648 1039 103 52 Tunc
712 1039 155 52 sequitur
816 1039 77 52 illa

82 1075 100 51 tan
139 1075 100 51 Sed
196 1075 100 51 iam
253 1075 128 51 nunc;
338 1075 85 51 Et
381 1075 185 51 diuiditur
523 1075 85 51 in
566 1075 128 51 tres,
651 1075 114 51 quia
722 1075 128 51 primo
793 1075 100 51 ponit

88 1113 164 42 entatis
207 1113 179 42 intentae
341 1113 268 42 declarationem,
565 1113 164 42 Sccundo
684 1113 164 42 econtra
789 1113 104 42 ducit

81 1154 199 51 atatentem
233 1154 244 51 obiectionem,
432 1154 153 51 Tertio
539 1154 137 51 huius
631 1154 229 51 obiectionis
799 1154 76 51 sub

75 1190 87 48 di
119 1190 218 48 solutionem.
293 1190 160 48 Secunda
409 1190 116 48 ibi,
482 1190 102 48 His
540 1190 174 48 videntur
671 1190 203 48 aduersari;
816 1190 87 48 Ter-

76 1231 140 41 taibi,
174 1231 126 41 Haec,
258 1231 112 41 quae
328 1231 98 41 hic
384 1231 182 41 dicuntur.
524 1231 126 41 Prima
608 1231 84 41 in
650 1231 126 41 tres:
734 1231 112 41 quia
804 1231 126 41 primo

74 1274 168 40 cundit,
196 1274 122 40 quod
272 1274 153 40 natura
379 1274 183 40 respectu
516 1274 198 40 diuinarum
669 1274 214 40 personarum
822 1274 76 40 non

86 1309 114 52 rbet
157 1309 171 52 rationem
285 1309 142 52 totius
385 1309 213 52 integralis:
555 1309 171 52 Secundo,
684 1309 114 52 quod
755 1309 100 52 non
797 1309 100 52 habet

82 1347 158 54 rxionem
196 1347 143 54 totius
297 1347 229 54 vniuersalis;
483 1347 86 54 Et
526 1347 158 54 tertio,
641 1347 115 54 quod
713 1347 100 54 non
770 1347 129 54 habet
842 1347 57 54 se

84 1382 161 55 nratione
205 1382 134 55 partis
299 1382 202 55 materialis,
460 1382 94 55 vel
514 1382 175 55 formalis.
648 1382 148 55 Secunda
756 1382 108 55 ibi,
809 1382 81 55 Hli-

82 1428 183 38 Miicendum
223 1428 113 38 est.
293 1428 141 38 Tertia
391 1428 113 38 ibi,
462 1428 169 38 Notandum
588 1428 141 38 etiam,
687 1428 113 38 quod
743 1428 155 38 essentia.

85 1468 111 43 sunc
155 1468 167 43 sequitur
279 1468 111 43 illa
349 1468 125 43 pars,
432 1468 167 43 Sciendum
557 1468 97 43 est
613 1468 153 43 igitur;
724 1468 83 43 Et
751 1468 153 43 diuiditur

84 1503 134 46 nires
173 1503 119 46 quia
248 1503 134 46 primo
337 1503 178 46 magister
471 1503 149 46 probat
575 1503 164 46 diuinam
679 1503 208 46 simplicitat.

80 1545 113 48 neo,
151 1545 99 48 quo
207 1545 99 48 vna
264 1545 156 48 persona
378 1545 99 48 non
434 1545 99 48 est
491 1545 128 48 minor
576 1545 170 48 personis
704 1545 184 48 pluribus.
831 1545 71 48 Se-

74 1586 121 46 tinda
154 1586 135 46 infert
249 1586 81 46 ex
289 1586 202 46 praedictis,
451 1586 108 46 quod
518 1586 108 46 Deus
586 1586 94 46 non
640 1586 121 46 debet
721 1586 108 46 dici
775 1586 121 46 triplex

78 1623 103 44 sed
137 1623 132 44 mnus.
225 1623 147 44 Tertio
328 1623 191 44 ostendit,
475 1623 118 44 quod
548 1623 132 44 modus
637 1623 103 44 his
695 1623 191 44 oppositus
828 1623 73 44 in-

82 1663 144 53 initur
182 1663 86 53 in
225 1663 129 53 rebus
312 1663 244 53 corporalibus.
513 1663 158 53 Secunda
628 1663 115 53 ibi,
700 1663 187 53 Praeterea
829 1663 72 53 cum

82 1700 103 65 ens
141 1700 147 65 Tertia
244 1700 117 65 ibi,
317 1700 88 65 In
361 1700 132 65 rebus
449 1700 205 65 corporeis.
610 1700 103 65 Hic
654 1700 132 65 quaero.

252 1820 440 77 Quaestio

169 1908 100 85 An
219 1908 117 85 vna
286 1908 167 85 diuina
403 1908 183 85 persona
536 1908 117 85 sit
602 1908 100 85 in
652 1908 150 85 alia.

271 2190 138 71 IRVM
357 2190 121 71 VNA
426 2190 190 71 persona
565 2190 121 71 sit
634 2190 104 71 in
686 2190 156 71 alia.
790 2190 104 71 Et
824 2190 87 71 vi-

279 2249 145 50 detur,
381 2249 116 50 quod
454 2249 116 50 non:
527 2249 116 50 quia
600 2249 87 50 in
643 2249 189 50 quocunque
789 2249 102 50 est
832 2249 73 50 pa-

279 2296 173 46 ternitas,
412 2296 173 46 filiatio,
545 2296 67 46 &
572 2296 173 46 spiratio;
705 2296 107 46 ille
772 2296 93 46 est
812 2296 93 46 pater

284 2321 67 53 &
310 2321 148 53 filius,
418 2321 67 53 &
445 2321 162 53 spiritus
567 2321 162 53 sanctus,
688 2321 94 53 sed
742 2321 81 53 si
783 2321 135 53 pater,
864 2321 40 53 &

282 2367 171 54 spiritus
410 2367 156 54 sanctus
523 2367 114 54 sunt
594 2367 85 54 in
637 2367 142 54 filio,
736 2367 114 54 tunc
793 2367 114 54 erunit

281 2406 82 47 in
322 2406 82 47 eo
363 2406 204 47 paternitas,
527 2406 68 47 &
554 2406 177 47 filiatio,
690 2406 68 47 &
717 2406 177 47 spiratio,
840 2406 68 47 er-

127 2445 83 48 ms
169 2445 124 48 esset
251 2445 138 48 pater,
348 2445 69 48 &
375 2445 165 48 spiritus
499 2445 165 48 sanctus,
623 2445 69 48 &
650 2445 96 48 sic
705 2445 124 48 esset
774 2445 138 48 confusio

58 2483 193 52 personarum.

87 2511 206 55 Contrarium
249 2511 132 55 ponit
337 2511 177 55 magister
470 2511 88 55 in
514 2511 162 55 littera
632 2511 147 55 illius
734 2511 103 55 15.
779 2511 132 55 distin-

73 2555 122 48 nion
149 2555 122 48 lsta
225 2555 183 48 quaestio
362 2555 152 48 posset
469 2555 152 48 habere
575 2555 183 48 duplicem
697 2555 213 48 intellectum,

74 2600 122 48 porum
156 2600 136 48 primus
251 2600 95 48 est
306 2600 122 48 satis
387 2600 163 48 facilis,
510 2600 122 48 alter
591 2600 109 48 vero
659 2600 204 48 difficilis.
809 2600 95 48 Primo

65 2640 140 49 ponlet
163 2640 196 49 intelligi,
317 2640 126 49 vtrum
401 2640 98 49 vna
457 2640 154 49 persona
568 2640 98 49 sit
624 2640 84 49 in
666 2640 112 49 alia
722 2640 196 49 intellectua-

70 2679 103 46 uer
129 2679 73 46 &
158 2679 206 46 obiectiue;
320 2679 88 46 Et
364 2679 117 46 tunc
437 2679 88 46 de
481 2679 147 46 facili
584 2679 235 46 respondetur,
775 2679 117 46 quod
834 2679 73 46 sic

80 2720 98 47 ia
129 2720 131 47 omne
210 2720 196 47 cognitum
357 2720 114 47 est
423 2720 98 47 in
472 2720 245 47 cognoscente
668 2720 229 47 obiectiue,
831 2720 82 47 uel

78 2758 193 43 ersipsum,
227 2758 104 43 vel
286 2758 104 43 per
346 2758 119 43 suam
420 2758 268 43 similitudinem:
643 2758 104 43 sed
703 2758 193 43 quaelibet
837 2758 74 43 di-

101 2798 197 53 epersona
249 2798 214 53 cognoscit
413 2798 214 53 quamlibet
578 2798 181 53 diuinam
709 2798 197 53 personam
841 2798 82 53 non

82 2834 281 52 nfmilitndinem,
316 2834 109 52 sed
379 2834 109 52 per
441 2834 187 52 seipsam:
582 2834 125 52 quia
660 2834 125 52 quod
738 2834 172 52 aliquid
847 2834 78 52 non

68 2881 220 40 Terentetur
241 2881 235 40 intellectui
429 2881 110 40 per
492 2881 188 40 seipsum:
633 2881 110 40 sed
696 2881 94 40 in
743 2881 110 40 suo
790 2881 126 40 simili

109 2918 128 46 nenit
194 2918 85 46 ex
237 2918 242 46 imperfectione
436 2918 227 46 praesentati,
621 2918 114 46 quae
692 2918 85 46 in
734 2918 156 46 diuinis
834 2918 85 46 esse

80 2955 159 42 potest
191 2955 127 42 ergo
271 2955 207 42 quaelibet
430 2955 159 42 diuina
541 2955 175 42 persona
669 2955 111 42 est
732 2955 95 42 in
764 2955 159 42 qualibet

120 3000 90 43 na
165 3000 165 43 persona
285 3000 105 43 per
345 3000 165 43 seipsam
465 3000 315 43 intellectualiter,
736 3000 75 43 &
751 3000 165 43 obiectiue

90 3028 128 58 modo
170 3028 161 58 posset
283 3028 209 58 intelligi
443 3028 128 58 haec
524 3028 209 58 quaestio,
684 3028 145 58 utrum
780 3028 112 58 una
829 3028 96 58 per-

83 3072 99 64 pia
140 3072 85 64 ft
182 3072 85 64 in
225 3072 113 64 alia
295 3072 170 64 realiter
423 3072 71 64 &
451 3072 213 64 entitatiue;
621 3072 85 64 Et
664 3072 99 64 sic
721 3072 156 64 quamuis
820 3072 99 64 quae

911 241 114 65 stio
982 241 100 65 sit
1039 241 213 65 difficilis,
1209 241 128 65 tamen
1295 241 156 65 ratione
1408 241 142 65 fidei,
1508 241 71 65 &
1536 241 156 65 propter
1636 241 142 65 auctori-

916 296 129 47 tates
1002 296 201 47 sanctorum,
1160 296 72 47 &
1189 296 129 47 dicta
1275 296 129 47 satri
1361 296 172 47 canonis,
1491 296 158 47 necesse
1606 296 101 47 est
1663 296 101 47 nos
1706 296 72 47 il-

915 337 102 43 lud
974 337 174 43 firmiter
1104 337 203 43 confiteri.
1264 337 131 43 Dicit
1351 337 116 43 enim
1424 337 189 43 saluator.
1569 337 102 43 Ego
1627 337 87 43 in
1656 337 116 43 patre,

908 373 78 46 &
940 373 141 46 pater
1034 373 94 46 in
1081 373 94 46 me
1128 373 125 46 est;
1206 373 141 46 Modus
1300 373 141 46 tamen
1395 373 220 46 declarandi
1551 373 220 46 diuersimodem

912 416 184 40 tangitur
1050 416 77 40 a
1081 416 200 40 diuersis.
1234 416 154 40 Quidam
1342 416 123 40 enim
1419 416 138 40 illud
1511 416 200 40 declarant
1664 416 92 40 ex
1695 416 77 40 di-

924 456 118 43 uina
998 456 236 43 productione:
1189 456 147 43 Aliqui
1292 456 88 43 ex
1336 456 147 43 diuina
1439 456 206 43 relatione.
1601 456 118 43 Alij
1675 456 88 43 ex
1704 456 74 43 di-

921 492 172 46 uinarum
1046 492 219 46 personarum
1218 492 219 46 essentiali
1390 492 313 46 identificatione;
1656 492 94 46 Et
1687 492 94 46 ideo

930 534 135 63 ponam
1020 534 180 63 quattuor
1155 534 255 63 conclusiones,
1366 534 180 63 scilicet
1501 534 120 63 tres
1576 534 210 63 negatiuas,
1741 534 75 63 &

924 571 131 42 unam
989 571 246 42 affirmatiuam.

966 609 134 39 Prima
1056 609 119 39 est,
1130 609 119 39 quod
1205 609 194 39 quamlibet
1354 609 164 39 diuinam
1474 609 179 39 personam
1608 609 119 39 esse
1683 609 90 39 in
1712 609 75 39 qua

915 648 135 42 libet
1005 648 150 42 diuina
1110 648 165 42 persona
1231 648 105 42 non
1291 648 150 42 potest
1396 648 165 42 probari
1516 648 90 42 ex
1561 648 195 42 diuinarum
1697 648 90 42 per-

921 687 196 53 sonarum
1046 687 250 53 productione.

938 726 82 46 2
970 726 196 46 Secunda,
1117 726 131 46 quod
1199 726 114 46 hoc
1264 726 114 46 non
1330 726 163 46 potest
1444 726 261 46 sufficienter
1640 726 147 46 probari

922 763 90 51 ex
967 763 151 51 diuina
1057 763 181 51 relatione.

1008 804 162 50 Tertia,
1126 804 117 50 quod
1199 804 103 50 hoc
1258 804 103 50 non
1317 804 147 50 potest
1420 804 162 50 probari
1537 804 250 50 sufficienter,
1728 804 44 50 s

926 844 145 51 ratio
1023 844 161 51 tantum
1135 844 129 51 modo
1216 844 177 51 sumitur
1345 844 97 51 ex
1393 844 210 51 diuinarum
1554 844 226 51 personarum
1716 844 64 51 es

921 882 173 52 sentiali
1036 882 259 52 identificatione.

936 929 77 43 4
966 929 168 43 Quarta,
1089 929 123 43 quod
1165 929 199 43 praedicta
1319 929 245 43 inexistentia
1518 929 214 43 cuiuslibet
1671 929 107 43 diui-

920 963 108 41 nae
981 963 186 41 personae
1121 963 93 41 in
1167 963 186 41 qualibet
1306 963 248 41 sufficienter
1507 963 170 41 probari
1631 963 155 41 potest
1724 963 62 41 ex

927 1002 134 49 reali
1016 1002 253 49 conuenientia,
1225 1002 74 49 &
1254 1002 134 49 reali
1344 1002 238 49 differentia,
1537 1002 119 49 quam
1611 1002 149 49 habent
1701 1002 74 49 di-

919 1042 143 49 uinae
1015 1042 191 49 personae
1158 1042 111 49 non
1221 1042 175 49 propter
1349 1042 207 49 essentiam
1508 1042 175 49 tantum,
1635 1042 111 49 nec
1683 1042 95 49 pro-

929 1078 129 66 pter
1010 1078 226 66 relationem
1188 1078 178 66 tantum,
1317 1078 113 66 sed
1382 1078 178 66 propter
1511 1078 226 66 essentiam,
1689 1078 81 66 &
1705 1078 81 66 re-

913 1117 217 52 lationem
1058 1117 127 52 simul

1078 1224 548 74 RESOLVTI
1443 1224 183 74 OT

930 1310 124 65 Licet
1013 1310 165 65 singulam
1137 1310 151 65 quamque
1247 1310 165 65 personam
1371 1310 151 65 diuinam
1481 1310 83 65 in
1522 1310 151 65 singula
1633 1310 138 65 quaque
1715 1310 69 65 ea-

969 1369 92 44 vum
1021 1369 105 44 esse
1087 1369 118 44 veque
1165 1369 78 44 ex
1204 1369 131 44 eaerum
1296 1369 209 44 productione,
1466 1369 118 44 neque
1545 1369 78 44 ex
1584 1369 131 44 diuina
1662 1369 118 44 relatit

974 1406 91 40 ne,
1026 1406 117 40 neque
1104 1406 78 40 ex
1142 1406 181 40 essentiali
1285 1406 155 40 duntaxat
1401 1406 181 40 identitate
1544 1406 181 40 sigillatim
1673 1406 117 40 probare

968 1449 170 60 possimus,
1098 1449 78 60 ex
1138 1449 170 60 praefatis
1268 1449 117 60 tamen
1346 1449 117 60 simul
1425 1449 170 60 collectis
1555 1449 130 60 exacte
1633 1449 157 60 comprobari

961 1484 105 56 non
1006 1484 194 56 inconuenit.

1093 1580 190 88 c
1169 1580 379 88 ONCLVS
1396 1580 190 88 10.

976 1675 139 71 Quod
1063 1675 226 71 quamsibet
1237 1675 192 71 diuinam
1376 1675 209 71 personam
1533 1675 139 71 esse
1620 1675 105 71 in
1655 1675 87 71 qua

1024 1738 157 66 sibet
1128 1738 157 66 duina
1233 1738 192 66 persona
1373 1738 122 66 non
1443 1738 175 66 potest
1547 1738 140 66 proba-

1126 1787 107 66 ri
1180 1787 107 66 ex
1233 1787 232 66 diuinarum
1393 1787 214 66 personarum

1232 1839 231 71 productione.

947 1936 148 51 RIMVM
1045 1936 164 51 patet:
1160 1936 132 51 quia
1242 1936 99 51 si
1292 1936 181 51 ratione
1423 1936 197 51 originis
1555 1936 230 51 sufficienter

925 1974 80 43 2
957 1974 161 43 posset
1069 1974 177 43 probari
1198 1974 209 43 productum
1358 1974 128 43 esse
1439 1974 96 43 in
1487 1974 241 43 producente,
1680 1974 80 43 &
1696 1974 96 43 eco-

928 2009 141 48 uerso;
1027 2009 113 48 tunc
1097 2009 127 48 pater
1182 2009 169 48 carnalis
1309 2009 113 48 vere
1380 2009 127 48 esset
1464 2009 85 48 in
1507 2009 99 48 suo
1563 2009 141 48 filio,
1662 2009 71 48 &
1676 2009 113 48 filius

941 2055 98 47 in
990 2055 163 47 patre.
1104 2055 229 47 consequens
1284 2055 114 47 est
1349 2055 180 47 falsum,
1480 2055 131 47 ergo
1561 2055 82 47 &
1578 2055 212 47 antecedens;

931 2091 241 51 consequentia
1127 2091 151 51 patet:
1232 2091 121 51 quia
1308 2091 151 51 filius
1413 2091 181 51 carnalis
1549 2091 121 51 Vere
1609 2091 181 51 originatur

941 2134 73 47 a
971 2134 131 47 patre
1044 2134 131 47 carnali

976 2170 130 42 Forte
1062 2170 173 42 dicetur,
1192 2170 116 42 quod
1265 2170 101 42 non
1322 2170 101 42 est
1380 2170 145 42 simile
1482 2170 87 42 de
1525 2170 130 42 patre
1612 2170 173 42 carnali;
1727 2170 87 42 quia

933 2212 138 37 talis
1025 2212 138 37 pater
1116 2212 122 37 agit
1193 2212 168 37 actione
1315 2212 230 37 transeunte,
1499 2212 138 37 pater
1591 2212 138 37 autem
1667 2212 138 37 diuinus

935 2249 189 51 actione
1055 2249 207 51 immanente.

975 2289 213 45 Respondeo,
1142 2289 122 45 quod
1219 2289 168 45 quamuis
1341 2289 198 45 generatio
1493 2289 152 45 diuina
1600 2289 107 45 non
1661 2289 107 45 sit
1707 2289 91 45 ton-

932 2327 144 42 siens
1028 2327 112 42 quo
1092 2327 96 42 ad
1140 2327 176 42 diuinam
1267 2327 192 42 naturam,
1411 2327 112 42 est
1475 2327 144 42 tamen
1571 2327 208 42 transiens
1714 2327 80 42 quo

939 2366 98 43 ad
988 2366 212 43 personam:
1150 2366 130 43 quia
1232 2366 147 43 pater
1330 2366 114 43 non
1395 2366 179 43 generat
1525 2366 195 43 seipsum,
1672 2366 114 43 sed
1721 2366 81 43 fi-

944 2409 142 51 lium,
1039 2409 110 51 qui
1102 2409 189 51 realiter
1244 2409 174 51 quantum
1370 2409 95 51 ad
1417 2409 189 51 personam
1559 2409 252 51 distinguitur
1749 2409 47 51 a

906 2447 155 61 patre.

1013 2481 184 45 Preterea,
1155 2481 128 45 dato,
1240 2481 113 45 quod
1311 2481 99 45 per
1367 2481 142 45 realem
1467 2481 170 45 originem
1594 2481 142 45 possit
1680 2481 113 45 aliquo

940 2524 122 52 modo
1016 2524 184 52 probari,
1154 2524 122 52 quod
1231 2524 199 52 productum
1384 2524 107 52 sit
1445 2524 92 52 in
1491 2524 230 52 producente,
1675 2524 92 52 eo
1705 2524 92 52 quod

942 2563 130 43 omne
1023 2563 211 43 productum
1185 2563 162 43 aliquo
1298 2563 130 43 modo
1379 2563 113 43 sit
1444 2563 97 43 in
1492 2563 113 43 suo
1557 2563 211 43 principio
1703 2563 97 43 pro-

939 2602 189 43 ductiuo,
1081 2602 110 43 per
1144 2602 110 43 hoc
1207 2602 142 43 tamen
1301 2602 173 43 probari
1427 2602 110 43 non
1490 2602 173 43 potest,
1616 2602 126 43 quod
1679 2602 126 43 produ-

940 2638 119 48 cens
1015 2638 104 48 sit
1074 2638 89 48 in
1119 2638 194 48 producto:
1268 2638 104 48 sed
1328 2638 89 48 in
1373 2638 164 48 diuinis
1492 2638 104 48 non
1551 2638 134 48 magis
1641 2638 104 48 est
1686 2638 119 48 produ-

948 2678 128 61 ctum
1028 2678 96 61 in
1076 2678 239 61 producente,
1267 2678 128 61 quam
1347 2678 207 61 producens
1506 2678 96 61 in
1554 2678 207 61 producto,
1697 2678 112 61 aeque

955 2719 108 40 enim
1023 2719 108 40 vere
1091 2719 95 40 est
1145 2719 122 40 pater
1226 2719 81 40 in
1267 2719 135 40 filio,
1362 2719 122 40 sicut
1443 2719 135 40 filius
1538 2719 81 40 in
1565 2719 108 40 patre.

1020 2751 220 49 Praeterea,
1193 2751 110 49 cum
1256 2751 188 49 origines
1397 2751 94 49 in
1444 2751 173 49 diuinis
1570 2751 126 49 sint
1633 2751 188 49 diuersarum

926 2761 84 52 3

981 2803 193 49 rationum,
1130 2803 119 49 ergo
1204 2803 89 49 si
1249 2803 164 49 ratione
1368 2803 178 49 originis
1501 2803 104 49 vna
1561 2803 164 49 persona
1665 2803 104 49 esset

1024 2834 89 54 in
1069 2834 134 54 alia,
1158 2834 119 54 tunc
1233 2834 104 54 non
1292 2834 208 54 similiter,
1456 2834 74 54 &
1486 2834 223 54 uniformiter
1650 2834 74 54 in-

1073 2875 137 50 essent
1169 2875 109 50 sibi
1238 2875 123 50 mutuo
1320 2875 151 50 diuinae
1429 2875 178 50 personae,
1552 2875 137 50 falsitas

1107 2916 263 50 consequentis
1320 2916 115 50 est
1386 2916 132 50 nota
1468 2916 132 50 apud
1534 2916 115 50 omnes

1146 2950 205 53 doctores:
1304 2950 252 53 consequentia
1493 2950 126 53 patet:

1198 2990 105 62 quia
1264 2990 105 62 quae
1329 2990 92 62 per
1382 2990 171 62 difformen
1500 2990 79 62 ron-

1221 3029 105 51 nem
1281 3029 165 51 insunt,
1386 3029 165 51 difformi-

1297 3068 119 62 ter
1348 3068 136 62 insunt
