2372 3551
469 265 340 83 Questio.
695 265 85 83 I

305 354 112 84 An
361 354 187 84 diuina
493 354 300 84 omnipotentia
736 354 131 84 Dei
811 354 187 84 filio.

432 422 217 69 perfecte
577 422 217 69 conueniat.

189 784 158 52 ITRVM
295 784 282 52 omnipotentia
524 784 176 52 diuina
647 784 211 52 perfecte
806 784 229 52 conueniat
964 784 88 52 fi

223 808 112 64 lio
287 808 96 64 Et
335 808 175 64 videtur
462 808 128 64 quod
542 808 128 64 non:
622 808 128 64 quia
701 808 128 64 illi
781 808 191 64 perfecte
924 808 112 64 non
972 808 80 64 con

177 870 135 38 uenit
267 870 255 38 omnipotentia,
477 870 105 38 cui
537 870 165 38 deficit
656 870 150 38 aliqua
761 870 195 38 potentia,
911 870 120 38 puta
971 870 75 38 po-

183 904 155 49 tentia
291 904 217 49 generandi,
461 904 108 49 cum
523 904 124 49 ipse
601 904 108 49 non
663 904 155 49 possit
771 904 201 49 gencrare,
926 904 124 49 ergo
988 904 62 49 &c

218 944 163 48 Contra,
337 944 89 48 si
381 944 237 48 omnipotentia
574 944 178 48 perfecte
707 944 104 48 non
766 944 207 48 conueniret
929 944 148 48 filio,

189 985 116 45 tunc
262 985 145 45 silius
364 985 102 45 non
422 985 131 45 esset
509 985 174 45 perfecte
639 985 131 45 deus.
726 985 203 45 consequens
886 985 102 45 est
929 985 131 45 falsum:

192 1028 123 47 quia
268 1028 169 47 dicitur
391 1028 92 47 in
437 1028 169 47 svmbolo
560 1028 92 47 de
606 1028 154 47 filio.
714 1028 200 47 Perfectus
868 1028 123 47 Deus
929 1028 123 47 perfe-

187 1063 128 43 ctus
267 1063 144 43 homo,
363 1063 96 43 ex
411 1063 144 43 anima
507 1063 208 43 rationali
666 1063 96 43 &c
714 1063 144 43 probo
810 1063 272 43 consequentiam

194 1106 119 52 quia
268 1106 238 52 ommipotentia
462 1106 104 52 est
521 1106 208 52 proprietas
685 1106 149 52 solius
789 1106 119 52 dei,
863 1106 104 52 sed
922 1106 104 52 cui
967 1106 89 52 per-

183 1143 138 49 fecte
275 1143 107 49 non
336 1143 184 49 conuenit
474 1143 153 49 aliqua
581 1143 230 49 proprietas,
766 1143 138 49 ipsum
858 1143 107 49 non
919 1143 107 49 est
965 1143 92 49 per-

186 1179 138 48 fecte
278 1179 154 48 illud,
385 1179 138 48 cuius
477 1179 108 48 est
539 1179 230 48 proprietas,
723 1179 123 48 ergo
800 1179 108 48 &c.
861 1179 108 48 Hic
907 1179 154 48 quattuor

179 1221 129 41 sunt
260 1221 194 41 videnda.
405 1221 145 41 Primo
502 1221 145 41 vtrum
598 1221 194 41 potentia
743 1221 226 41 generatiua
905 1221 145 41 compre-

185 1260 186 48 hendatur
324 1260 108 48 sub
386 1260 263 48 omnipotentia:
603 1260 170 48 Secundo
727 1260 124 48 dato
804 1260 124 48 quod
882 1260 124 48 sic,
944 1260 108 48 vtrum

178 1303 155 47 alicui
286 1303 155 47 possit
394 1303 201 47 conuenire
549 1303 263 47 omnipotentia,
766 1303 108 47 cui
828 1303 139 47 tamen
906 1303 139 47 repugna

182 1347 206 39 generare.
340 1347 158 39 Tertio
451 1347 142 39 vtrum
546 1347 253 39 omnipotentia
752 1347 190 39 perfecte
878 1347 174 39 conueniat

182 1385 150 40 filio.
287 1385 90 40 Et
332 1385 150 40 quarto
437 1385 135 40 vtrum
527 1385 180 40 perfecte
662 1385 195 40 conueniat
812 1385 180 40 spiritui
932 1385 120 40 sancto

356 1453 302 56 RES
528 1453 388 56 OLVTI
744 1453 129 56 O

173 1529 170 83 Potentia
300 1529 141 83 quidem
399 1529 184 83 genevandi
541 1529 85 83 ab
583 1529 226 83 omnipotentia
767 1529 156 83 absolut
880 1529 71 83 e
908 1529 141 83 sumpta
993 1529 71 83 non

241 1592 199 61 excluditur,
400 1592 106 61 quae
466 1592 106 61 sane
533 1592 93 61 cum
586 1592 66 61 a
612 1592 93 61 Dei
665 1592 119 61 filio
745 1592 133 61 minime
838 1592 199 61 lecludatur,

384 1627 164 68 profecto
507 1627 137 68 diuina
603 1627 82 68 in
644 1627 82 68 to
672 1627 191 68 omnipotentia

499 1675 176 59 reperitur.

316 1758 652 64 ARTICVLVS
767 1758 151 64 I

241 1844 155 82 Vtrum
344 1844 207 82 potentia
500 1844 259 82 generatiusa
707 1844 121 82 com
759 1844 224 82 prebendatiu

464 1903 124 74 sub
517 1903 265 74 ommipotentia-

178 2005 224 63 SVANTVM
341 2005 122 63 ad
402 2005 204 63 primum
544 2005 143 63 sic
626 2005 265 63 procedam.
830 2005 183 63 Primo
932 2005 122 63 enim

304 2043 207 48 ostendam,
463 2043 127 48 quod
543 2043 255 48 omnipotentia
750 2043 239 48 considerata
941 2043 143 48 abso

181 2083 135 51 lute
266 2083 270 51 comprehendit
485 2083 220 51 potentiam
654 2083 237 51 generandi,
840 2083 186 51 Secundo
959 2083 101 51 quod

190 2121 265 45 omnipotentia
405 2121 149 45 filij
505 2121 265 45 comprehendit
720 2121 215 45 potentiam
869 2121 198 45 generandi.

198 2160 152 50 Tertio
304 2160 198 50 ostendam,
456 2160 122 50 quod
532 2160 152 50 quidam
639 2160 91 50 in
684 2160 122 50 ista
760 2160 243 50 distinctione
942 2160 122 50 arguen

191 2199 121 49 tes
260 2199 173 49 contra
381 2199 191 49 dominum
520 2199 208 49 AEgidium
676 2199 156 49 ipsum
780 2199 121 49 non
832 2199 225 49 intelligunt

194 2243 113 46 nec
259 2243 146 46 dicta
356 2243 113 46 sua
421 2243 211 46 fideliter
582 2243 308 46 conscripserunt.
842 2243 162 46 Quarto
939 2243 113 46 ponan

192 2280 148 47 circa
290 2280 148 47 istum
389 2280 214 47 articulum
553 2280 148 47 modos
651 2280 181 47 dicendi
783 2280 214 47 aliquorum
931 2280 131 47 docto-

190 2325 129 44 rum,
270 2325 80 44 &
302 2325 113 44 eis
367 2325 193 44 obuiabo,
511 2325 209 44 inquantum
672 2325 161 44 dictis
785 2325 177 44 nostris
897 2325 161 44 videntur

197 2360 115 52 esse
254 2360 172 52 contrarij.

231 2396 155 47 Primum
340 2396 155 47 patet:
449 2396 124 47 quia
527 2396 264 47 perfectissima
744 2396 186 47 potentia
884 2396 109 47 non
931 2396 124 47 exclu-

190 2432 144 50 ditur
286 2432 96 50 ab
334 2432 257 50 omipotentia,
543 2432 112 50 sed
607 2432 192 50 potentia
751 2432 208 50 generandi
912 2432 96 50 in
944 2432 112 50 diui-

196 2481 103 47 nis
255 2481 103 47 est
314 2481 251 47 perfectissima
521 2481 192 47 potentia,
669 2481 118 47 ergo
742 2481 89 47 &c
787 2481 133 47 maior
875 2481 89 47 de
919 2481 89 47 se
949 2481 118 47 patet,

196 2519 174 44 minorem
323 2519 158 44 probo:
433 2519 127 44 quia
512 2519 206 44 potentia,
671 2519 111 44 qua
734 2519 221 44 producitur
892 2519 174 44 productum

201 2558 244 46 nobilissimum
399 2558 107 46 est
460 2558 229 46 nobilissima
643 2558 198 46 potentia,
796 2558 107 46 sed
857 2558 183 46 potentia
979 2558 76 46 ge-

202 2596 171 45 nerandi
327 2596 218 45 producitur
498 2596 155 45 filius
606 2596 124 45 Dei,
684 2596 109 45 qui
746 2596 109 45 est
808 2596 202 45 productum
948 2596 109 45 nobi-

202 2638 224 52 lissimum,
374 2638 138 52 ergo
443 2638 69 52 &c

211 2676 82 45 2
243 2676 231 45 Praeterea,
425 2676 132 45 omne
507 2676 165 45 illud,
622 2676 132 45 quod
705 2676 214 45 perfectam
869 2676 148 45 habet
952 2676 115 45 ratio

201 2722 108 40 nem
262 2722 184 40 alicuius
400 2722 184 40 termini,
539 2722 277 40 comprehenditur
769 2722 108 40 sub
831 2722 154 40 illius
923 2722 138 40 termini

197 2751 220 49 vniuersali
370 2751 283 49 distributione,
607 2751 110 49 sed
669 2751 189 49 potentia
811 2751 205 49 geucrandi
953 2751 110 49 habet

202 2792 208 51 perfectam
362 2792 192 51 rationem
506 2792 224 51 potentiae,
683 2792 128 51 ergo
763 2792 288 51 comprehenditur
987 2792 80 51 cum

194 2827 178 53 dicitur
323 2827 275 53 omnipotentia:
550 2827 130 53 quia
631 2827 130 53 tunc
712 2827 113 53 hic
777 2827 194 53 terminus
906 2827 162 53 potentia

192 2873 301 48 vniuersaliter
440 2873 301 48 distribuitur.

206 2914 77 46 3
236 2914 217 46 Praeterea,
407 2914 108 46 non
469 2914 139 46 magis
562 2914 170 46 haberet
686 2914 186 46 rationem
825 2914 201 46 potentiae
965 2914 108 46 poten

207 2949 102 47 tia
266 2949 175 47 creandi,
397 2949 117 47 quam
471 2949 175 47 potentia
602 2949 205 47 generandi,
763 2949 102 47 sed
821 2949 175 47 potentia
938 2949 132 47 creandi

201 2987 303 49 comprehenditur
453 2987 118 49 sub
521 2987 286 49 omnipotentia,
756 2987 135 49 ergo
840 2987 84 49 &
857 2987 185 49 generandi

215 3032 78 43 4
247 3032 204 43 Preterea,
404 3032 126 43 omne
482 3032 141 43 illud
576 3032 126 43 quod
655 3032 110 43 est
718 3032 220 43 principium
875 3032 188 43 productiur

194 3069 190 46 alicuius
337 3069 174 46 termini
463 3069 158 46 realis
574 3069 238 46 productione
764 3069 143 46 reali
843 3069 222 46 comprehendi-

186 3104 103 51 tur
245 3104 103 51 sub
304 3104 251 51 omnipotentia,
511 3104 103 51 sed
570 3104 177 51 essentia
704 3104 163 51 diuina,
822 3104 118 51 quae
896 3104 103 51 est
955 3104 118 51 ipsa
1014 3104 59 51 po

1088 272 151 50 tentia
1193 272 211 50 generandi,
1359 272 90 50 vt
1404 272 151 50 patuit
1509 272 196 50 superius,
1660 272 105 50 est
1720 272 211 50 printipium
1871 272 90 50 pro-

1089 323 179 46 ductiuum
1223 323 164 46 termini
1342 323 164 46 realis;
1461 323 119 46 puta
1536 323 149 46 filij,
1640 323 74 46 &
1670 323 223 46 productione
1834 323 119 46 reali-

1100 363 110 49 uta
1163 363 126 49 ipsa
1242 363 252 49 generatione,
1446 363 126 49 ergo
1509 363 79 49 &c.

1117 401 186 41 Secundo
1252 401 152 41 dico,
1354 401 135 41 quod
1439 401 203 41 potentia
1591 401 220 41 gencrandi
1743 401 203 41 comprehen-

1095 438 139 42 ditur
1187 438 108 42 sub
1249 438 247 42 omnipotentia
1450 438 139 42 filij
1543 438 170 42 quantum
1667 438 93 42 ad
1713 438 124 42 suum
1775 438 170 42 principa-

1083 476 89 55 le
1113 476 223 55 significatum.

1167 516 115 40 Quia
1239 516 115 40 illa
1311 516 187 40 potentia,
1455 516 115 40 quae
1527 516 115 40 vere
1599 516 101 40 est
1657 516 86 40 in
1700 516 144 40 filio,
1786 516 159 40 comprehe-

1083 555 136 42 ditur
1174 555 106 42 sub
1234 555 227 42 omipotentia
1416 555 152 42 filij,
1523 555 106 42 sed
1583 555 182 42 potentia
1720 555 197 42 generandi
1856 555 91 42 vero

1090 597 101 40 est
1147 597 87 40 in
1191 597 130 40 filio
1277 597 144 40 faltem
1378 597 101 40 quo
1436 597 87 40 ad
1479 597 115 40 suum
1551 597 202 40 principale
1710 597 245 40 significatum,
1897 597 58 40 vt

1092 634 174 49 superius
1223 634 160 49 probaui
1339 634 131 49 dist.
1426 634 87 49 7.
1470 634 131 49 Maior
1557 634 145 49 patet,
1659 634 116 49 quia
1731 634 189 49 potentiam
1862 634 87 49 vere

1085 674 129 42 esse
1166 674 97 42 in
1214 674 161 42 aliquo
1327 674 258 42 omnipotente,
1537 674 113 42 que
1601 674 145 42 tamen
1698 674 113 42 non
1762 674 129 42 incl
1827 674 129 42 latur.

1084 714 106 44 sub
1144 714 106 44 sua
1205 714 257 44 omnipotentia,
1417 714 136 44 esset
1507 714 197 44 oppositum
1659 714 91 44 in
1704 714 182 44 adiecto.
1825 714 121 44 Minori

1091 750 79 50 vt
1130 750 118 50 dixi,
1209 750 144 50 probata
1314 750 92 50 est
1367 750 144 50 distin.
1458 750 53 50 7.

1107 793 76 49 2
1137 793 214 49 Praeterea,
1305 793 92 49 in
1351 793 229 49 gentratione
1534 793 153 49 filij,
1641 793 92 49 vt
1687 793 153 49 patuit
1778 793 168 49 superius;

1085 830 120 45 idem
1160 830 105 45 est
1220 830 180 45 potentia
1355 830 225 45 productiua,
1535 830 120 45 siue
1610 830 180 45 potentia
1745 830 210 45 generandi,
1910 830 75 45 &

1087 871 191 47 terminus
1230 871 270 47 generationis:
1453 871 111 47 sed
1517 871 191 47 terminus
1660 871 254 47 generationis
1851 871 95 47 Vero

1090 910 98 43 est
1146 910 84 43 in
1188 910 140 43 filio,
1286 910 112 43 puta
1356 910 112 43 ipsa
1426 910 140 43 diuina
1524 910 154 43 natura,
1637 910 112 43 quae
1707 910 98 43 est
1763 910 168 43 terminus
1875 910 84 43 for-

1095 950 135 48 malis
1185 950 150 48 ipsius
1290 950 165 48 diuinae
1410 950 255 48 generationis,
1619 950 120 48 ergo
1694 950 75 48 &
1724 950 210 48 principium
1874 950 75 48 ge-

1093 989 182 44 nerandi
1226 989 132 44 erit
1309 989 99 44 in
1358 989 116 44 eo.
1424 989 182 44 Quantum
1557 989 149 44 tamen
1656 989 99 44 ad
1706 989 132 44 suum
1772 989 182 44 consigni-

1094 1029 190 45 ficatum,
1237 1029 127 45 siue
1316 1029 238 45 connotatum,
1506 1029 190 45 potentia
1649 1029 206 45 generandi
1807 1029 111 45 non
1855 1029 95 45 com-

1096 1063 209 49 prehenditur
1263 1063 97 49 sub
1319 1063 222 49 omnipotentia
1499 1063 139 49 filij:
1597 1063 111 49 quia
1666 1063 83 49 vt
1708 1063 111 49 sic,
1777 1063 125 49 nihil
1861 1063 125 49 aliud
1930 1063 42 49 l

1095 1104 151 41 dicit,
1201 1104 121 41 nisi
1277 1104 197 41 respectum
1428 1104 257 41 paternitatis,
1640 1104 121 41 sine
1716 1104 106 41 quo
1776 1104 151 41 habens
1867 1104 106 41 huius

1091 1144 114 44 modi
1162 1144 185 44 potentiam
1304 1144 99 44 non
1361 1144 142 44 potest
1460 1144 185 44 generare,
1602 1144 128 44 sicut
1688 1144 85 44 si
1730 1144 156 44 aliquis
1844 1144 142 44 ignis,
1929 1144 43 44 i

1092 1182 201 51 quacunque
1246 1182 170 51 virtute
1370 1182 170 51 fieret,
1494 1182 108 51 qui
1555 1182 201 51 perfectam
1710 1182 170 51 haberet
1818 1182 155 51 igneita-

1081 1219 124 52 tem,
1159 1219 124 52 sine
1237 1219 140 52 tamen
1330 1219 171 52 calore,
1454 1219 202 52 potentiam
1609 1219 202 52 generandi
1765 1219 140 52 ignem
1842 1219 109 52 vtiqu

1081 1259 192 46 haberet,
1225 1259 176 46 quamuis
1352 1259 176 46 numquam
1480 1259 144 46 ignem
1576 1259 160 46 posset
1688 1259 208 46 generare;
1847 1259 80 46 &
1863 1259 80 46 il-

1090 1303 90 46 la
1135 1303 165 46 videtur
1255 1303 180 46 expressa
1390 1303 150 46 nostri
1495 1303 180 46 doctoris
1629 1303 180 46 intentio
1764 1303 105 46 tam
1824 1303 90 46 in
1854 1303 90 46 isla

1086 1339 255 45 distinctione,
1296 1339 120 45 quam
1371 1339 90 45 in
1416 1339 135 45 alia,
1506 1339 105 45 vbi
1565 1339 120 45 ait,
1640 1339 150 45 eandem
1745 1339 195 45 potentiam
1880 1339 75 45 ge-

1096 1378 171 62 nerandi,
1224 1378 114 62 quae
1296 1378 100 62 est
1353 1378 86 62 in
1395 1378 143 62 patre,
1495 1378 114 62 esse
1567 1378 86 62 in
1609 1378 128 62 filio
1695 1378 157 62 quamuis
1809 1378 100 62 sub
1852 1378 100 62 oppo-

1084 1416 106 53 sito
1137 1416 158 53 respectu.-

1122 1454 98 49 Ex
1171 1454 114 49 quo
1236 1454 163 49 patet,
1350 1454 131 49 quod
1432 1454 163 49 quidam
1546 1454 147 49 minus
1644 1454 147 49 iuste
1742 1454 196 49 Doctorem
1873 1454 65 49 no

1087 1496 149 49 strum
1187 1496 232 49 impugnant,
1369 1496 165 49 Dicunt
1485 1496 132 49 enim
1567 1496 199 49 Doctorem
1716 1496 116 49 hic
1783 1496 165 49 dicere
1882 1496 66 49 po

1093 1532 190 48 tentiam
1231 1532 224 48 generandi
1403 1532 121 48 non
1472 1532 224 48 pertinere
1645 1532 104 48 ad
1697 1532 138 48 omne
1766 1532 207 48 potentiam,

1089 1576 128 44 cuius
1174 1576 185 44 oppositum
1317 1576 114 44 ipsi
1388 1576 171 44 probant:
1516 1576 71 44 &
1545 1576 114 44 stat
1616 1576 142 44 virtus
1716 1576 171 44 rationis
1844 1576 85 44 in
1887 1576 114 44 hoc.

1100 1615 78 50 1
1132 1615 140 50 Quia,
1225 1615 109 50 cum
1287 1615 264 50 omnipotentia,
1505 1615 93 50 vt
1551 1615 93 50 in
1598 1615 140 50 patre
1691 1615 124 50 est,
1769 1615 109 50 sit
1816 1615 124 50 perse-

1084 1648 115 44 ctio
1156 1648 231 44 simpliciter,
1343 1648 72 44 &
1372 1648 87 44 vt
1415 1648 115 44 sic,
1487 1648 87 44 ad
1531 1648 130 44 ipsum
1617 1648 188 44 pertineat
1761 1648 173 44 potentia
1877 1648 72 44 ge-

1096 1696 184 43 nerandi,
1234 1696 123 43 ergo
1310 1696 92 43 si
1356 1696 184 43 potentia
1494 1696 199 43 generandi
1647 1696 138 43 esset
1724 1696 230 43 imcompossibi-

1084 1732 98 46 lis
1140 1732 140 46 filio,
1238 1732 140 46 aliqua
1335 1732 181 46 perfectio
1475 1732 209 46 simpliciter
1642 1732 126 46 esset
1712 1732 237 46 incompossibilis

1086 1771 136 46 filio:
1182 1771 68 46 &
1209 1771 96 46 sic
1264 1771 136 46 filius
1359 1771 96 46 non
1414 1771 123 46 esset
1496 1771 205 46 simpliciter
1646 1771 150 46 perfectus

1096 1806 85 45 2
1130 1806 238 45 Praeterea,
1317 1806 272 45 quandocumque
1538 1806 170 45 aliqua
1657 1806 119 45 sic
1725 1806 102 45 se
1776 1806 170 45 habent
1878 1806 68 45 ad

1084 1841 297 56 omnipotentiam,
1331 1841 132 56 quod
1414 1841 264 56 omnipotentia
1628 1841 149 56 vnius
1727 1841 149 56 plura
1810 1841 149 56 claudit

1079 1885 96 47 in
1127 1885 111 47 se,
1191 1885 127 47 quam
1270 1885 255 47 omnipotentia
1477 1885 207 47 alterius,
1636 1885 127 47 illa
1716 1885 111 47 non
1780 1885 127 47 sunt
1844 1885 111 47 paria

1090 1928 95 44 in
1138 1928 270 44 omnipotentia,
1360 1928 127 44 ergo
1440 1928 238 44 impossibile
1630 1928 111 44 est
1694 1928 207 44 potentiam
1837 1928 111 44 gene-

1089 1960 145 56 randi
1185 1960 161 56 claudi
1298 1960 96 56 in
1346 1960 257 56 omnipotentia
1555 1960 177 56 patris,
1684 1960 80 56 &
1716 1960 113 56 non
1780 1960 96 56 in
1812 1960 161 56 ommipo

1092 2004 124 55 tentia
1166 2004 87 55 filij

1099 2039 87 60 3
1133 2039 245 60 Praeterea,
1326 2039 192 60 arguunt
1465 2039 175 60 contra
1588 2039 192 60 quoddam
1727 2039 175 60 dictum
1832 2039 140 60 docto-

1090 2090 120 47 ris:
1165 2090 135 47 dixit
1255 2090 120 47 enim
1329 2090 165 47 Doctor,
1449 2090 120 47 quod
1524 2090 150 47 filius
1629 2090 105 47 non
1689 2090 150 47 potest
1793 2090 195 47 generare:
1928 2090 45 47 1

1101 2124 122 49 quia
1177 2124 291 49 contradictionem
1422 2124 230 49 implicaret.
1606 2124 92 49 Si
1652 2124 122 49 enim
1728 2124 153 49 posset
1836 2124 92 49 in
1866 2124 92 49 actu

1101 2174 254 43 generationis,
1311 2174 120 43 tunc
1385 2174 210 43 generaret:
1550 2174 120 43 quia
1625 2174 90 43 in
1670 2174 195 43 perpetuis
1819 2174 105 43 non
1864 2174 90 43 dif-

1086 2201 108 53 fert
1154 2201 108 53 esse
1222 2201 68 53 &
1249 2201 136 53 posse:
1344 2201 95 53 Sed
1398 2201 81 53 si
1439 2201 190 53 generaret,
1588 2201 108 53 tunc
1656 2201 122 53 esset
1737 2201 136 53 pater;
1832 2201 81 53 Si
1859 2201 95 53 esset

1097 2239 138 44 pater,
1194 2239 111 44 tunc
1263 2239 97 44 non
1319 2239 125 44 esset
1402 2239 152 44 filius:
1512 2239 111 44 quia
1581 2239 138 44 pater,
1678 2239 69 44 &
1706 2239 138 44 filius
1803 2239 83 44 in
1830 2239 125 44 diuinis

1083 2280 258 47 distinguuntur
1296 2280 198 47 oppositis
1448 2280 289 47 proprietatibus:
1691 2280 122 47 ergo
1767 2280 91 47 de
1812 2280 137 47 primo
1888 2280 61 47 ad

1088 2319 162 43 vltimum
1206 2319 89 43 si
1251 2319 148 43 filius
1354 2319 89 43 in
1398 2319 162 43 diuinis
1516 2319 148 43 posset
1619 2319 89 43 in
1664 2319 133 43 actum
1737 2319 207 43 generationis

1085 2358 115 43 tunc
1157 2358 144 43 filius
1257 2358 101 43 non
1315 2358 130 43 esset
1401 2358 158 43 filius,
1516 2358 158 43 propter
1631 2358 115 43 quod
1703 2358 144 43 filium
1804 2358 101 43 non
1847 2358 101 43 posse

1098 2399 180 51 generare
1233 2399 105 51 non
1293 2399 165 51 derogat
1414 2399 256 51 omnipotentiae
1624 2399 150 51 filij:
1729 2399 120 51 quia
1805 2399 105 51 non
1850 2399 105 51 posse

1097 2441 111 47 ea,
1161 2441 127 47 quae
1240 2441 301 47 contradictionem
1493 2441 222 47 implicant,
1668 2441 111 47 non
1731 2441 174 47 derogat
1842 2441 111 47 omni

1094 2475 159 45 otentiae.

1115 2512 155 53 Contra
1224 2512 140 53 illud
1318 2512 155 53 arguit
1426 2512 124 53 sic.
1504 2512 171 53 Quamuis
1629 2512 109 53 sic
1691 2512 233 53 describatur
1862 2512 93 53 omni

1109 2555 188 51 otentia:
1251 2555 251 51 Omnipotentia
1455 2555 110 51 est
1517 2555 188 51 potentia
1659 2555 204 51 attingens
1816 2555 126 51 omne
1879 2555 78 51 pos

1088 2598 156 47 sibile
1198 2598 296 47 contradictionem
1447 2598 109 47 non
1509 2598 218 47 implicans,
1681 2598 140 47 tamen
1774 2598 94 47 in
1821 2598 109 47 hac
1868 2598 78 47 de-

1096 2635 216 46 scriptione
1265 2635 216 46 implicatio
1434 2635 293 46 contradictionis
1681 2635 169 46 sumitur
1789 2635 169 46 absolute,

1086 2679 85 47 &
1120 2679 118 47 non
1188 2679 118 47 per
1255 2679 288 47 comparationem
1492 2679 102 47 ad
1543 2679 169 47 agens;
1661 2679 203 47 alioquin
1797 2679 152 47 quodli-

1097 2710 105 49 bet
1157 2710 135 49 agens
1247 2710 135 49 esset
1338 2710 226 49 omnipotens,
1518 2710 120 49 quia
1594 2710 196 49 quodlibet
1744 2710 151 49 agetis
1835 2710 120 49 potest

1088 2754 94 51 in
1135 2754 125 51 omne
1214 2754 156 51 illud,
1323 2754 125 51 quod
1401 2754 172 51 naturae
1527 2754 125 51 suae
1605 2754 203 51 congruit,
1761 2754 78 51 &
1793 2754 110 51 non
1839 2754 110 51 repu-

1102 2800 128 46 gnat,
1187 2800 100 46 seu
1244 2800 100 46 non
1302 2800 214 46 contradicit
1473 2800 114 46 sibi
1544 2800 71 46 :
1573 2800 114 46 ergo
1644 2800 228 46 relinquitur,
1830 2800 114 46 quod
1887 2800 57 46 di

1094 2826 174 50 ratione
1221 2826 268 50 omnipotentiae
1442 2826 126 50 sit,
1521 2826 205 50 attingere
1679 2826 126 50 omne
1757 2826 158 50 illud,
1852 2826 95 50 quod

1099 2867 194 48 absolute,
1248 2867 75 48 &
1278 2867 89 48 in
1323 2867 89 48 se
1367 2867 104 48 non
1427 2867 179 48 implicat
1561 2867 298 48 contradictionem.
1815 2867 89 48 Et
1845 2867 104 48 infra

1092 2905 141 54 cadem
1186 2905 220 54 quaestione
1359 2905 125 54 ille
1437 2905 125 54 idem
1516 2905 157 54 ponens
1626 2905 94 54 in
1673 2905 125 54 siac
1751 2905 173 54 materia
1861 2905 94 54 suam

1097 2959 211 37 opinionem
1259 2959 130 37 ait,
1340 2959 130 37 quod
1421 2959 195 37 potentia
1567 2959 211 37 generandi
1729 2959 113 37 non
1778 2959 178 37 clauditur

1101 2990 111 46 sub
1164 2990 269 46 omnipotentia:
1386 2990 127 46 quia
1465 2990 190 46 potentia
1608 2990 206 46 generandi
1766 2990 111 46 non
1829 2990 111 46 est
1877 2990 79 46 po-

1097 3027 145 45 tentia
1198 3027 218 45 productiua,
1372 3027 102 45 sed
1430 3027 102 45 est
1488 3027 174 45 potentia
1619 3027 218 45 entitatiua;
1793 3027 131 45 posse
1865 3027 87 45 enim

1105 3070 172 46 generare
1234 3070 101 46 non
1291 3070 101 46 est
1349 3070 129 46 posse
1435 3070 158 46 clicere
1550 3070 244 46 generationem,
1751 3070 101 46 sed
1808 3070 101 46 est
1851 3070 101 46 posse

1107 3108 128 53 esse
1187 3108 272 53 generationem,
1411 3108 80 53 &
1443 3108 144 53 posse
1539 3108 128 53 esse
1618 3108 176 53 patrem:
1730 3108 224 53 omnipotentia
