2374 3545
191 231 91 76 ra
236 231 166 76 excepta
357 231 121 76 sola
432 231 151 76 natura
538 231 166 76 diuina,
659 231 106 76 non
719 231 226 76 inueniuntur
900 231 121 76 tria
960 231 91 76 sup-

185 302 155 48 posita
294 302 78 48 n
325 302 109 48 vna
387 302 186 48 indiuisa
527 302 202 48 essentia,
682 302 124 48 ergo
760 302 93 48 ad
807 302 186 48 rationem
931 302 124 48 contra

180 338 213 40 articulum
344 338 246 40 trinitatis,
540 338 164 40 nullam
655 338 148 40 extra
754 338 230 40 propositum
918 338 131 40 poteri

193 378 216 54 instantiam
347 378 169 54 assignare

228 421 97 47 Ad
276 421 274 47 dissolutionem
502 421 193 47 illorum,
647 421 81 47 &
679 421 258 47 consimilium,
888 421 129 47 quae
952 421 97 47 fier

195 465 160 38 possunt
312 465 87 38 in
355 465 102 38 hoc
413 465 203 38 proposito,
573 465 102 38 est
632 465 174 38 sciedum:
762 465 116 38 quod
835 465 131 38 sicut
922 465 102 38 est
966 465 87 38 mul-

192 498 151 45 tiplex
298 498 136 45 genus
388 498 226 45 deceptoriae
569 498 302 45 argumentationis,
826 498 121 45 puta
901 498 91 45 in
931 498 121 45 dictio

197 533 101 50 ne,
254 533 72 50 &
283 533 130 50 extra
370 533 202 50 dictionem,
529 533 87 50 vt
572 533 144 50 patet.
673 533 87 50 1.
717 533 202 50 elencorum,
876 533 101 50 sic
933 533 101 50 est
977 533 72 50 mul

201 572 152 53 tiplex
307 572 136 53 genus
398 572 227 53 solutionis,
580 572 121 53 puta
656 572 197 53 quandoque
807 572 182 53 soluitur
929 572 121 53 sophis

188 612 148 47 maper
286 612 297 47 distinctionem,
534 612 82 47 &
567 612 231 47 assignatur
748 612 198 47 peccatum
896 612 99 47 in
929 612 132 47 forma:

190 654 215 49 quandoque
356 654 116 49 per
422 654 315 49 interemptionem,
687 654 83 49 &
721 654 232 49 assignatur
886 654 166 49 peccatun

194 695 92 45 in
240 695 184 45 materia;
378 695 77 45 &
408 695 123 45 quia
485 695 138 45 omnia
577 695 184 45 adducta,
715 695 107 45 vel
776 695 153 45 adduci
868 695 184 45 possibili-

194 729 142 47 contra
293 729 156 47 nostrae
407 729 199 47 catholicae
563 729 128 47 fidei
649 729 185 47 veritatem
791 729 114 47 sunt
862 729 199 47 falsissima
1004 729 57 47 so

196 769 168 38 phismata
322 769 126 38 teste
406 769 154 38 August.
518 769 98 38 14.
574 769 84 38 de
616 769 140 38 ciuit.
715 769 112 38 Dei.
785 769 98 38 vbi
841 769 112 38 ait.
911 769 84 38 In
939 769 112 38 nostri

187 808 202 43 relixionis
345 808 187 43 historia,
489 808 144 43 diuina
590 808 216 43 auctoritate
763 808 173 43 fulciti,
893 808 173 43 quicquid
1008 808 58 43 es

180 852 193 47 resistit,
328 852 104 47 non
388 852 193 47 dubitamus
536 852 119 47 esse
610 852 237 47 falsissimum.
803 852 89 47 Et
847 852 89 47 in
892 852 178 47 epistola
1011 852 44 47 7

185 892 92 48 ad
231 892 245 48 Marcellinum.
430 892 122 48 ait.
506 892 92 48 Si
552 892 138 48 ratio
644 892 153 48 contra
751 892 199 48 diuinarum
889 892 168 48 scriptura

180 927 120 55 rum
248 927 274 55 auctoritatem
471 927 223 55 redditur,
643 927 291 55 quantumcumque
883 927 154 55 acuta
968 927 86 55 sit

180 973 190 45 verissime
327 973 161 45 fallit.
444 973 146 45 Igitur
546 973 132 45 omnes
634 973 132 45 tales
722 973 176 45 rationes
854 973 132 45 solui
927 973 132 45 possunt

183 1004 118 48 vel
250 1004 118 48 per
318 1004 302 48 distinctionem,
570 1004 118 48 vel
637 1004 118 48 per
704 1004 319 48 interemptionem.
956 1004 101 48 Verb

187 1041 158 59 gratia.
301 1041 115 59 Fiat
373 1041 115 59 ille
445 1041 230 59 svllogisinus
632 1041 72 59 a
660 1041 100 59 non
718 1041 158 59 fideli.
832 1041 215 59 Impossibile
990 1041 72 59 ess

190 1088 84 50 in
232 1088 140 50 aliqua
330 1088 140 50 natura
429 1088 210 50 plurificari
597 1088 196 50 supposita,
751 1088 112 50 quin
821 1088 126 50 etiam
892 1088 168 50 plurifice-

187 1123 105 43 tur
247 1123 165 43 natura:
367 1123 90 43 in
412 1123 180 43 diuinis,
546 1123 180 43 secundum
681 1123 105 43 te,
741 1123 120 43 sunt
816 1123 135 43 plura
890 1123 165 43 supposita

188 1163 153 42 igitur
295 1163 122 42 erit
371 1163 244 42 multiplicata
569 1163 168 42 natura,
692 1163 76 42 &
722 1163 107 42 per
783 1163 214 42 consequens
936 1163 122 42 plure-

195 1201 121 52 Dij.
271 1201 197 52 Respondeo
423 1201 106 52 per
483 1201 273 52 distinctionem:
711 1201 121 52 quia
787 1201 182 52 duplicia
923 1201 121 52 sunt
984 1201 76 52 sup

196 1248 174 46 posita,
323 1248 190 46 quaedam.
465 1248 221 46 Tabsoluta,
639 1248 174 46 quaedam
765 1248 126 46 vero
844 1248 205 46 relatiua.
986 1248 79 46 Lo-

186 1292 150 40 quendo
291 1292 90 40 de
336 1292 210 40 suppositis
501 1292 210 40 absolutis,
667 1292 120 40 tunc
742 1292 135 40 maior
832 1292 105 40 est
892 1292 120 40 vera
952 1292 105 40 prae-

185 1320 150 52 dictae
290 1320 195 52 rationis:
439 1320 105 52 sed
499 1320 135 52 minor
589 1320 105 52 est
649 1320 150 52 falsa.
754 1320 180 52 Loquendo
888 1320 120 52 vero
963 1320 90 52 de
993 1320 75 52 sup

195 1368 158 42 positis
309 1368 201 42 relatiuis,
467 1368 129 42 minor
553 1368 100 42 est
610 1368 129 42 vera:
696 1368 100 42 sed
753 1368 129 42 maior
839 1368 100 42 est
882 1368 172 42 falsissima

179 1401 125 59 quia
257 1401 140 59 nihil
351 1401 203 59 repugnat,
507 1401 125 59 tres
585 1401 171 59 diuinas
709 1401 187 59 personas
850 1401 94 59 in
897 1401 109 59 vna
943 1401 125 59 diuina

188 1441 149 51 natura
292 1441 104 51 per
352 1441 193 51 oppositas
500 1441 208 51 relationes
664 1441 134 51 dist:
738 1441 104 51 ngui-

242 1465 130 58 Forte
328 1465 130 58 dicet
414 1465 202 58 infidelis,
573 1465 115 58 quod
645 1465 115 58 illa
717 1465 158 58 solutio
832 1465 158 58 assumit
932 1465 130 58 falsum;

198 1514 123 56 quia
274 1514 199 56 oppositae
428 1514 215 56 relationes
596 1514 153 56 reales
703 1514 107 56 non
765 1514 169 56 possunt
887 1514 138 56 simul
964 1514 92 56 essi

190 1562 101 50 in
241 1562 151 50 eodem
342 1562 252 50 indistincto
526 1562 219 50 fundamento.

232 1594 166 48 Respon
348 1594 132 48 tunc
431 1594 281 48 distinguendum
663 1594 116 48 est
729 1594 99 48 de
779 1594 248 48 fundamento:
961 1594 99 48 qui-

197 1634 104 53 aut
257 1634 179 53 loqueris
391 1634 89 53 de
435 1634 208 53 fundamento
599 1634 164 53 finito,
718 1634 104 53 aut
777 1634 193 53 infinito.
926 1634 89 53 si
956 1634 104 53 primo

196 1676 129 48 modo
276 1676 193 48 concedo;
421 1676 97 48 si
470 1676 177 48 secundo
598 1676 145 48 modo,
695 1676 145 48 nego.
791 1676 97 48 Et
840 1676 193 48 dicerent
968 1676 97 48 ali-

198 1712 121 55 qui,
274 1712 121 55 quod
349 1712 136 55 nihil
440 1712 197 55 repugnat,
591 1712 121 55 duas
667 1712 212 55 relationes
833 1712 197 55 oppositas
969 1712 91 55 simu

190 1753 135 49 esse
274 1753 101 49 in
325 1753 152 49 eodem
426 1753 253 49 fundamento:
629 1753 118 49 Nam
696 1753 152 49 inter
797 1753 185 49 mouens,
932 1753 84 49 &
949 1753 118 49 motum

195 1795 124 46 sunt
273 1795 124 46 duae
351 1795 217 46 relationes
521 1795 217 46 oppositae,
692 1795 124 46 quae
769 1795 124 46 idem
847 1795 155 46 habent
940 1795 124 46 funda-

191 1832 200 49 mentum,
336 1832 182 49 quando
463 1832 145 49 idem
554 1832 164 49 mouet
645 1832 182 49 seipsum.

236 1876 128 42 Forte
321 1876 184 42 infidelis
463 1876 142 42 iterum
562 1876 142 42 dicet,
661 1876 113 42 quod
732 1876 184 42 supposita
874 1876 170 42 relatiua
987 1876 71 42 non

212 1914 174 51 poterunt
342 1914 116 51 esse
415 1914 87 51 in
458 1914 145 51 natura
560 1914 189 51 absoluta:
705 1914 102 51 hic
763 1914 189 51 assumitur
908 1914 160 51 falsum;
1009 1914 58 51 Ei

211 1956 107 38 deo
272 1956 244 38 respondendum
470 1956 107 38 est
531 1956 107 38 per
592 1956 289 38 interemptionem.
835 1956 91 38 Et
881 1956 137 38 ratio
957 1956 107 38 inte-

207 1998 200 42 remptionis
364 1998 171 42 petitur,
492 1998 114 42 illa
564 1998 114 42 esse
635 1998 157 42 potest:
749 1998 114 42 quia
820 1998 128 42 ille,
906 1998 100 42 qui
949 1998 114 42 iudica

208 2028 105 42 de
260 2028 192 42 aliquo,
400 2028 140 42 quod
487 2028 175 42 omnino
610 2028 140 42 suum
697 2028 280 42 intellectum,
924 2028 87 42 &
942 2028 122 42 modum

197 2070 126 43 suum
276 2070 251 43 considerandi
480 2070 188 43 excedit,
621 2070 126 43 ille
699 2070 220 43 temerarie,
872 2070 78 43 &
903 2070 126 43 male
966 2070 110 43 vide-

201 2104 109 54 tur
264 2104 188 54 iudicare
405 2104 109 54 sed
467 2104 172 54 noscere
592 2104 172 54 quomodo
717 2104 125 54 tria
796 2104 188 54 relatiua
921 2104 156 54 supposi-

200 2145 88 49 ta
244 2145 118 49 sint
318 2145 88 49 in
362 2145 103 49 vna
421 2145 176 49 infinita
553 2145 103 49 Dei
612 2145 162 49 natura,
729 2145 162 49 excedit
847 2145 235 49 intellectum,
1023 2145 44 49 &

202 2187 148 47 modum
300 2187 263 47 considerandi
514 2187 230 47 cuiuslibet
695 2187 230 47 philosophi
876 2187 198 47 mundani,
1008 2187 66 47 et

224 2231 106 50 so:
284 2231 136 50 sicut
375 2231 151 50 igitur
481 2231 242 50 philosophus,
677 2231 136 50 etiam
768 2231 91 50 vt
813 2231 257 50 metaphisicus,
1010 2231 60 50 i:

209 2272 255 42 metaphisicae,
419 2272 150 42 noluit
524 2272 255 42 praesumptuose
734 2272 180 42 iudicare
869 2272 90 42 de
914 2272 150 42 acerto
1004 2272 60 42 ni

210 2297 120 53 mero
285 2297 314 53 intelligentiarum,
554 2297 105 53 sed
614 2297 164 53 detulit
733 2297 209 53 superiori,
898 2297 164 53 dicens,
1002 2297 75 53 ll-

212 2340 104 53 lud
272 2340 134 53 autem
361 2340 104 53 per
420 2340 238 53 certitudinem
614 2340 208 53 inquirere,
777 2340 179 53 iltioris
896 2340 179 53 inquisitio

214 2392 101 42 nis
271 2392 115 42 esse
343 2392 172 42 videtur.
472 2392 101 42 Sic
530 2392 129 42 multo
616 2392 129 42 magis
702 2392 86 42 de
745 2392 187 42 articulis
889 2392 129 42 fidei
975 2392 101 42 non
1019 2392 57 42 ha

207 2422 108 56 bet
268 2422 232 56 philosophus
454 2422 201 56 iudicare:
608 2422 108 56 sed
670 2422 170 56 deserre
793 2422 170 56 tenetur
901 2422 170 56 superiori

246 2464 103 48 Ad
297 2464 171 48 primum
417 2464 137 48 ergo
502 2464 222 48 dicendum,
673 2464 137 48 quod
758 2464 120 48 non
827 2464 239 48 ostenditur
998 2464 68 48 po

210 2504 220 46 solutionem
383 2504 141 46 datam
477 2504 79 46 a
509 2504 204 46 theologo,
666 2504 126 46 quod
744 2504 204 46 articulus
901 2504 110 46 non
964 2504 110 46 sit
1011 2504 63 46 im

219 2538 212 55 possibilis,
388 2538 99 55 sed
445 2538 85 55 eo
487 2538 127 55 modo,
572 2538 99 55 quo
628 2538 141 55 dictum
727 2538 113 55 est,
798 2538 184 55 soluitur,
939 2538 71 55 &
953 2538 113 55 vltim;

214 2581 98 51 te
263 2581 131 51 sibi
344 2581 245 51 ostenditur,
540 2581 131 51 quod
622 2581 163 51 medium
736 2581 212 51 aisumptum
899 2581 114 51 per
948 2581 131 51 ipsum,

223 2624 104 49 est
283 2624 179 49 extraneu
417 2624 75 49 a
447 2624 209 49 proposito;
611 2624 75 49 &
641 2624 104 49 non
700 2624 224 49 applicabile
879 2624 89 49 ad
909 2624 164 49 conclusio

215 2665 123 41 nem,
291 2665 123 41 quam
368 2665 169 41 nititur
491 2665 215 41 reprobare,
660 2665 92 41 eo
706 2665 123 41 quod
783 2665 138 41 talis
875 2665 200 41 conclusio
1014 2665 61 41 to

212 2695 119 60 tam
280 2695 136 60 suam
365 2695 239 60 facultatem
553 2695 205 60 excedit,
707 2695 85 60 &
741 2695 154 60 modum
843 2695 136 60 suum
911 2695 171 60 conside-

207 2746 158 43 randi.
318 2746 126 43 Vnde
397 2746 126 43 dato
476 2746 111 43 per
539 2746 253 43 impossibile,
744 2746 126 43 quod
823 2746 221 43 conciusio,
981 2746 95 43 quam

210 2777 179 47 intendit
344 2777 164 47 probare
464 2777 224 47 philosophus
643 2777 149 47 contra
747 2777 134 47 fidem
836 2777 119 47 vera
911 2777 149 47 esset,
1000 2777 75 47 qud

210 2815 115 49 huc
275 2815 231 49 ostenditur
457 2815 148 49 sibi,
556 2815 132 49 quod
638 2815 165 49 medium
753 2815 214 49 assumptum
918 2815 99 49 ad
951 2815 132 49 proban

216 2859 121 49 dum,
292 2859 106 49 est
352 2859 243 49 impertinens,
550 2859 76 49 &
580 2859 197 49 extrancum
732 2859 76 49 a
762 2859 213 49 proposito,
929 2859 76 49 &
960 2859 106 49 per
1005 2859 76 49 con

217 2903 174 42 sequens
343 2903 110 42 non
407 2903 221 42 concludit.

261 2928 91 53 Et
306 2928 106 53 per
367 2928 106 53 hoc
427 2928 136 53 patet
517 2928 91 53 ad
563 2928 196 53 secundum,
714 2928 121 53 quia
789 2928 106 53 per
850 2928 166 53 fideles
955 2928 136 53 solutio

219 2970 124 50 nes,
297 2970 109 50 non
359 2970 217 50 improbatur
530 2970 171 50 directe
654 2970 186 50 oppostum
793 2970 155 50 fidei,
902 2970 109 50 sed
948 2970 140 50 ostendi

214 3012 119 51 tur,
289 3012 119 51 quod
363 3012 179 51 rationes
497 3012 208 51 infidelium
660 3012 104 51 non
720 3012 208 51 concludunt
869 3012 193 51 propositum.

224 3057 98 45 Ad
273 3057 179 45 tertium
403 3057 212 45 dicendum,
566 3057 130 45 quod
648 3057 147 45 maior
746 3057 130 45 vera
827 3057 130 45 eit,
909 3057 163 45 quando
1006 3057 82 45 non

206 3090 219 60 assignatur
378 3090 141 60 ratio
472 3090 297 60 interemptiouis:
722 3090 109 60 sed
784 3090 156 60 quando
894 3090 187 60 rationem
1019 3090 62 60 in

1091 235 247 71 teremptionis
1291 235 232 71 assignamus,
1477 235 124 71 tunc
1554 235 185 71 possumus
1693 235 124 71 dare
1755 235 185 71 instantian

1094 301 93 52 in
1141 301 218 52 proposito:
1312 301 78 52 &
1343 301 109 52 non
1406 301 171 52 oportet
1530 301 218 52 instantiam
1701 301 202 52 assignare
1841 301 109 52 extra

1098 348 219 45 propositum.
1274 348 102 45 Sed
1332 348 132 45 vtrum
1420 348 146 45 aliqui
1522 348 175 45 articuli
1654 348 132 45 fidei
1741 348 161 45 possint
1844 348 102 45 proba

1096 384 93 50 ri
1142 384 185 50 efficaci
1281 384 185 50 ratione,
1419 384 123 50 puta
1496 384 123 50 Deum
1574 384 123 50 esse
1651 384 200 50 creatorem
1805 384 93 50 in
1836 384 123 50 tempo-

1089 420 105 42 te,
1149 420 75 42 &
1179 420 119 42 alia
1253 420 179 42 similia,
1388 420 164 42 patebit
1507 420 149 42 domino
1612 420 209 42 concedente
1776 420 134 42 circa
1850 420 105 42 prin-

1088 456 133 46 libri
1177 456 177 46 secundi.
1310 456 103 46 Pro
1369 456 207 46 supradicta
1531 456 221 46 conclusione
1708 456 162 46 faciunt
1826 456 74 46 &
1841 456 103 46 aucto

1085 499 178 42 ritates
1214 499 227 42 sanctorum.
1393 499 146 42 Primo
1490 499 146 42 Pauli
1587 499 211 42 Apostoli,
1749 499 113 42 qui
1798 499 146 42 habitum

1102 535 201 50 theologiae
1259 535 158 50 saepius
1374 535 172 50 appellat
1503 535 201 50 scientiam,
1661 535 72 50 &
1690 535 215 50 sapientiam,
1848 535 100 50 Secun

1089 575 94 44 do
1136 575 126 44 Aug.
1215 575 94 44 In
1262 575 157 44 multis
1372 575 126 44 enim
1450 575 126 44 suis
1529 575 157 44 libris
1639 575 126 44 hunc
1717 575 173 44 habitum
1827 575 126 44 vocat.

1095 616 216 42 scientiam,
1264 616 77 42 &
1295 616 201 42 quandoque
1450 616 170 42 nominat
1573 616 201 42 scientiam
1728 616 185 42 salutis:
1851 616 93 42 quan

1086 654 140 42 doque
1180 654 202 42 scientiam
1335 654 156 42 fidei.
1444 654 249 42 Recitationes
1646 654 140 42 tamen
1724 654 218 42 auctoritatum

1091 694 218 42 dimittantur
1266 694 160 42 ratione
1382 694 218 42 breuitatis.
1557 694 102 42 Ait
1615 694 131 42 etiam
1702 694 131 42 Hich.
1789 694 87 42 1.
1833 694 87 42 de
1862 694 87 42 tri-

1092 735 122 41 nit.
1168 735 122 41 Meae
1244 735 229 41 intentionis
1427 735 107 41 est
1488 735 92 41 in
1534 735 107 41 hoc
1595 735 137 41 opere
1687 735 107 41 non
1748 735 137 41 solum
1824 735 122 41 inueni

1091 771 87 43 re
1135 771 203 43 probabiles
1295 771 189 43 rationes,
1440 771 102 43 sed
1498 771 131 43 etiam
1586 771 233 43 necessarias.
1775 771 87 43 Et
1818 771 87 43 in
1847 771 102 43 eoden

1101 807 121 43 cap.
1176 807 121 43 ait.
1252 807 121 43 Omni
1328 807 166 43 studio,
1448 807 76 43 &
1479 807 136 43 summa
1569 807 212 43 diligentia
1735 807 166 43 debemus
1841 807 106 43 consi

1085 851 162 43 stere,
1198 851 97 43 vt
1247 851 97 43 ad
1295 851 146 43 eorum
1392 851 307 43 intelligentiam,
1651 851 129 43 quae
1732 851 129 43 fide
1796 851 162 43 tenemus,

1092 891 240 44 quotidianis
1284 891 240 44 incrementis
1476 891 208 44 proficere
1636 891 208 44 valeamus,
1796 891 96 44 in
1828 891 128 44 quorum

1106 927 132 43 lena,
1194 927 73 43 &
1224 927 176 43 perfecta
1356 927 250 43 intelligentia
1562 927 118 43 vita
1635 927 191 43 obtinetur
1768 927 132 43 aeterna

1124 964 124 46 Item
1202 964 109 46 Ans
1264 964 93 46 in
1311 964 93 46 de
1358 964 249 46 incarnatione
1560 964 140 46 verbi
1653 964 124 46 ait.
1731 964 124 46 quod
1809 964 124 46 illa
1871 964 78 46 duo

1092 1011 198 47 opuscula,
1244 1011 183 47 scilicet
1382 1011 244 47 prosologion,
1580 1011 76 47 &
1610 1011 214 47 monologion
1778 1011 92 47 ad
1824 1011 107 47 hoc
1870 1011 76 47 fa-

1095 1045 102 41 cta
1154 1045 132 41 sunt,
1242 1045 88 41 vt
1285 1045 117 41 quod
1358 1045 117 41 fide
1432 1045 161 41 tenemus
1548 1045 88 41 de
1592 1045 146 41 diuina
1695 1045 161 41 natura,
1811 1045 73 41 &
1826 1045 117 41 perso.

1096 1078 109 58 nis:
1165 1078 218 58 necessariis,
1342 1078 205 58 rationibus,
1506 1078 68 58 &
1533 1078 246 58 auctoritatibus
1738 1078 137 58 sacrae
1820 1078 123 58 scripti

1089 1123 100 52 rae
1146 1123 158 52 probari
1246 1123 115 52 possit

1181 1198 615 83 ARTICVLVS
1607 1198 189 83 I.

1183 1278 140 90 Vtrum
1276 1278 93 90 in
1322 1278 124 90 ista
1400 1278 186 90 scientia
1539 1278 217 90 Theologiae
1694 1278 155 90 articuli

1370 1352 130 65 fidet
1456 1352 116 65 sint
1514 1352 159 65 pruicipia

1167 1426 179 62 VAMTVM
1293 1426 108 62 ad
1346 1426 233 62 secundurm
1526 1426 251 62 articulum.
1723 1426 215 62 Preuiter
1866 1426 90 62 di

1128 1446 119 71 co,
1196 1446 136 71 quod
1281 1446 136 71 sic.
1365 1446 136 71 quia
1450 1446 204 71 respecta
1603 1446 187 71 ipsorum
1739 1446 153 71 omnia
1823 1446 136 71 consi-

1096 1516 144 47 derata
1197 1516 87 47 in
1240 1516 116 47 illa
1312 1516 173 47 scientia
1442 1516 217 47 regulantur,
1616 1516 72 47 &
1645 1516 217 47 diriguntur.
1818 1516 101 47 Sed
1861 1516 87 47 con-

1099 1561 102 46 tra
1158 1561 102 46 hoc
1216 1561 146 46 aliqui
1318 1561 263 46 imultipliciter
1537 1561 175 46 nituntur
1654 1561 131 46 arguere

1135 1586 131 54 Primo
1223 1586 116 54 sic.
1295 1586 131 54 Nulla
1383 1586 174 54 scientia
1513 1586 145 54 probat
1615 1586 102 54 sua
1673 1586 204 54 principia,
1833 1586 102 54 sed
1877 1586 87 54 ipsa

1101 1633 181 47 supponit
1236 1633 105 47 sed
1297 1633 120 47 tota
1372 1633 196 47 theologia
1522 1633 196 47 ordinatur
1673 1633 135 47 eotra
1763 1633 226 47 haeretieos,

1104 1671 76 42 &
1134 1671 212 42 infideles,
1301 1671 197 42 inquantum
1452 1671 136 42 negat
1527 1671 182 42 articulos.

1115 1704 70 56 2
1143 1704 195 56 Praeterea,
1296 1704 125 56 nulla
1379 1704 167 56 scientia
1505 1704 153 56 quaerit
1616 1704 83 56 de
1658 1704 111 56 suis
1727 1704 209 56 principijs,
1880 1704 70 56 nec

1106 1749 191 45 concludit
1253 1749 103 45 ea,
1312 1749 103 45 sed
1371 1749 147 45 docto,
1474 1749 221 45 theologici,
1650 1749 132 45 quasi
1738 1749 88 45 in
1783 1749 162 45 omnibus
1885 1749 74 45 li-

1109 1784 107 54 bris
1175 1784 120 54 suis,
1256 1784 147 54 formant
1363 1784 200 54 quaestiones
1523 1784 80 54 de
1563 1784 120 54 fidei
1643 1784 187 54 articulis,
1790 1784 67 54 &
1817 1784 120 54 ipsas
1884 1784 80 54 com-

1096 1828 183 53 cludunt
1229 1828 133 53 ergo
1296 1828 83 53 &c.

1137 1862 73 58 3
1167 1862 204 58 Praeterea,
1327 1862 87 58 in
1370 1862 131 58 nulla
1457 1862 175 58 scientia
1588 1862 189 58 principia
1734 1862 116 58 sunt
1807 1862 131 58 minus
1879 1862 73 58 co-

1105 1902 142 58 gnita,
1204 1902 114 58 quam
1275 1902 199 58 conclusio,
1431 1902 85 58 vt
1474 1902 142 58 patet,
1574 1902 71 58 i
1602 1902 227 58 posteriorum:
1787 1902 99 58 sed
1843 1902 85 58 de
1872 1902 85 58 arti

1097 1952 140 42 culis
1190 1952 140 42 fidei
1283 1952 171 42 habemus
1407 1952 140 42 solum
1500 1952 186 42 notitiam
1639 1952 233 42 creditiuam:
1810 1952 140 42 conclu-

1100 1985 149 49 siones
1204 1985 134 49 autem
1294 1985 149 49 aliquo
1398 1985 119 49 modo
1472 1985 193 49 sciuntur,
1621 1985 134 49 sicut
1710 1985 149 49 patuit
1814 1985 89 49 in
1844 1985 119 49 praece

1101 2023 132 52 denti
1189 2023 191 52 articulo,
1336 2023 117 52 ergo
1395 2023 73 52 &c.

1136 2068 74 47 4
1166 2068 206 47 Praeterea.
1328 2068 88 47 1.
1372 2068 118 47 Det.
1446 2068 162 47 dicitur
1564 2068 88 47 de
1608 2068 206 47 habentibus
1770 2068 162 47 habitum
1874 2068 88 47 theo

1111 2097 153 51 logiae,
1223 2097 111 51 quod
1292 2097 139 51 semper
1390 2097 139 51 debent
1487 2097 111 51 esse
1557 2097 139 51 parati
1654 2097 84 51 ad
1696 2097 251 51 satisfaciendum
1891 2097 70 51 om-

1099 2145 85 51 ni
1141 2145 169 51 posceti,
1268 2145 71 51 &
1296 2145 155 51 reddere
1409 2145 169 51 rationem
1536 2145 85 51 de
1578 2145 99 51 ca,
1635 2145 113 51 quae
1705 2145 85 51 in
1748 2145 169 51 nobisest
1860 2145 99 51 fide.

1137 2187 76 41 3
1167 2187 213 41 Praeterea,
1335 2187 168 41 August.
1457 2187 137 41 totum
1548 2187 152 41 librum
1655 2187 91 41 de
1701 2187 137 41 trini
1792 2187 91 41 vt
1823 2187 137 41 ipsemet

1107 2214 176 56 fatetur.
1239 2214 88 56 1.
1283 2214 88 56 de
1327 2214 132 56 trini
1415 2214 191 56 ordinauit
1562 2214 88 56 ad
1606 2214 235 56 declacrandum
1797 2214 132 56 istum
1870 2214 103 56 arti-

1107 2266 154 42 culum.
1214 2266 123 42 Deus
1291 2266 108 42 est
1352 2266 169 42 trinus,
1475 2266 77 42 &
1506 2266 138 42 vnus.
1598 2266 92 42 Et
1644 2266 154 42 ibidem
1752 2266 123 42 ait.
1829 2266 123 42 quod
1890 2266 77 42 om-

1110 2299 114 43 nes,
1181 2299 100 43 qui
1238 2299 114 43 ante
1310 2299 100 43 eum
1367 2299 214 43 scripserunt
1538 2299 86 43 de
1581 2299 200 43 trinitate,
1738 2299 114 43 quae
1810 2299 114 43 Deus
1881 2299 114 43 est,

1112 2332 213 53 diuinorum
1275 2332 196 53 librorum
1422 2332 196 53 veterum,
1570 2332 82 53 &
1602 2332 180 53 nonorum
1733 2332 213 53 catholici
1880 2332 82 53 tra

1110 2374 196 55 ctatores
1257 2374 114 55 hoc
1322 2374 245 55 intenderunt
1518 2374 196 55 secundum
1665 2374 229 55 scripturas
1828 2374 131 55 docere

1123 2420 111 51 quod
1193 2420 139 51 pater,
1290 2420 70 51 &
1318 2420 153 51 filius,
1429 2420 70 51 &
1457 2420 167 51 spiritus
1582 2420 167 51 sanctus,
1708 2420 111 51 sunt
1777 2420 125 51 vnius
1847 2420 125 51 diuinae

1093 2457 187 50 substantiae

1152 2479 122 65 Item
1228 2479 91 65 i4
1273 2479 91 65 de
1319 2479 137 65 trini
1410 2479 137 65 dicit
1502 2479 122 65 idem
1578 2479 122 65 Aug.
1654 2479 122 65 quod
1730 2479 122 65 huic
1791 2479 167 65 scientiae

1119 2542 123 44 quae
1195 2542 168 44 dicitur
1318 2542 214 44 theologia,
1486 2542 107 44 non
1548 2542 138 44 omnia
1639 2542 199 44 tribuenda
1793 2542 138 44 sunt,
1869 2542 92 44 quam

1107 2577 90 47 im
1152 2577 135 47 rebus
1242 2577 180 47 humanis,
1378 2577 90 47 ab
1423 2577 150 47 homine
1528 2577 135 47 sciri
1618 2577 180 47 possunt:
1754 2577 105 47 sed
1814 2577 90 47 id
1844 2577 120 47 tantum

1112 2613 107 54 quo
1173 2613 138 54 fides
1265 2613 245 54 saluberrima,
1463 2613 122 54 quae
1540 2613 92 54 ad
1586 2613 138 54 veram
1677 2613 245 54 beatitudinem
1861 2613 107 54 ducit

1125 2649 194 57 signitur,
1274 2649 194 57 nutritur,
1423 2649 223 57 defenditur,
1602 2649 74 57 &
1631 2649 194 57 roboratur
1780 2649 89 57 Ex
1825 2649 149 57 quibus
1914 2649 60 57 om

1112 2697 142 48 nibus
1207 2697 157 48 patet,
1317 2697 126 48 quod
1395 2697 189 48 articuli
1537 2697 142 48 fidei
1631 2697 110 48 per
1694 2697 220 48 thoologiam
1851 2697 126 48 desen-

1107 2724 170 51 duntur,
1230 2724 77 51 &
1261 2724 248 51 declarantur,
1463 2724 77 51 &
1494 2724 108 51 per
1556 2724 217 51 consequens
1726 2724 108 51 non
1788 2724 170 51 possunt
1897 2724 77 51 es-

1106 2769 88 46 se
1150 2769 204 46 principium
1311 2769 219 46 theologiae:
1486 2769 131 46 quia,
1573 2769 88 46 vt
1617 2769 146 46 paret.
1719 2769 88 46 1.
1763 2769 219 46 physicorum:
1923 2769 44 46 &

1122 2809 87 52 1.
1165 2809 231 52 posteriorum,
1352 2809 173 52 scientia
1482 2809 101 52 non
1540 2809 144 52 probat
1641 2809 101 52 sua
1684 2809 159 52 principia

1142 2840 111 53 Sed
1206 2840 127 53 illa
1285 2840 111 53 non
1349 2840 239 53 concludunt.
1540 2840 159 53 igitur
1652 2840 96 53 ad
1699 2840 159 53 primum
1795 2840 175 53 dicendum,

1117 2891 99 54 que
1174 2891 128 54 maior
1259 2891 99 54 est
1315 2891 142 54 falsa:
1414 2891 227 54 metaphysicus
1599 2891 128 54 enim.
1684 2891 85 54 4:
1726 2891 227 54 metaphysicae
1896 2891 71 54 pro

1118 2928 99 56 bat
1175 2928 184 56 principia
1302 2928 71 56 sua

1136 2958 104 59 Sed
1196 2958 148 59 dices,
1299 2958 119 59 quod
1374 2958 104 59 hoc
1433 2958 104 59 non
1492 2958 104 59 est
1552 2958 89 59 ad
1596 2958 223 59 propositum:
1774 2958 119 59 quia
1834 2958 148 59 metaphy-

1113 3017 118 39 sica
1187 3017 103 39 est
1246 3017 177 39 scientia
1378 3017 191 39 communis,
1526 3017 191 39 tmeologia
1673 3017 103 39 est
1732 3017 177 39 scientia
1849 3017 133 39 specin-

1124 3044 119 54 lis:
1199 3044 119 54 ideo
1273 3044 164 54 quamuis
1392 3044 223 54 metaphysica
1571 3044 149 54 possit
1675 3044 164 54 probire
1794 3044 104 54 sua
1839 3044 134 54 princi-

1134 3081 108 64 ia,
1195 3081 108 64 hoc
1257 3081 108 64 non
1319 3081 170 64 poterit
1443 3081 201 64 competere
1582 3081 201 64 thcologiae.
