2366 3528
155 235 81 68 2
187 235 226 68 Praeterea,
365 235 97 68 si
413 235 129 68 idem
494 235 145 68 lumen
590 235 97 68 in
639 235 129 68 sole
719 235 194 68 existens
849 235 177 68 illuminat

146 301 78 42 &
178 301 203 42 calefacit
334 301 94 42 in
381 301 125 42 alio
459 301 172 42 corpore
584 301 219 42 tantummodo
756 301 250 42 illuminaret,
944 301 78 42 il-

149 336 103 48 lud
208 336 147 48 corpus
311 336 103 48 non
370 336 191 48 diceretur
517 336 132 48 aeque
605 336 162 48 potens,
722 336 132 48 sicut
810 336 118 48 sol;
884 336 103 48 sic
928 336 88 48 dato

155 376 121 54 quod
230 376 136 54 eadem
321 376 196 54 potentia,
472 376 121 54 quae
547 376 106 54 est
608 376 91 54 in
653 376 136 54 patre
743 376 91 54 ad
789 376 181 54 creandum
924 376 75 54 &
940 376 75 54 ge-

157 420 213 46 nerandum,
320 420 115 46 sit
386 420 98 46 in
435 420 147 46 filio
533 420 98 46 ad
583 420 197 46 creandum
730 420 82 46 &
763 420 115 46 non
828 420 98 46 ad
861 420 164 46 generan-

147 462 133 43 dum,
230 462 166 43 filius
347 462 100 43 ex
396 462 116 43 hoc
463 462 116 43 non
529 462 216 43 diceretur
695 462 149 43 aeque
795 462 166 43 potens
894 462 133 43 patri.

198 495 74 51 3
228 495 207 51 Praeterea,
390 495 177 51 essentia
523 495 177 51 absoluta
656 495 103 51 non
715 495 103 51 est
774 495 177 51 potentia
907 495 103 51 sed
951 495 74 51 so-

148 532 116 48 lum
215 532 116 48 est
281 532 232 48 principium
464 532 166 48 actus,
580 532 83 48 &
613 532 133 48 ideo
696 532 116 48 cum
762 532 133 48 vnum
829 532 199 48 suppositum

151 581 162 45 potest
264 581 243 45 princiniare
458 581 178 45 aliquem
587 581 162 45 actum,
701 581 129 45 quem
781 581 178 45 alterum
911 581 113 45 non
959 581 65 45 po

158 620 121 43 test,
238 620 121 43 licet
319 620 81 43 in
359 620 121 43 illis
440 620 188 43 suppositis
588 620 108 43 dici
656 620 135 43 possit
750 620 121 43 eadem
831 620 175 43 essentia,
952 620 67 43 non

147 651 165 53 tamen
257 651 165 53 eadem
349 651 184 53 potentia

160 689 116 53 Sed
226 689 132 53 quia
308 689 132 53 illa
391 689 116 53 non
457 689 149 53 minus
556 689 132 53 sunt
638 689 165 53 contra
754 689 198 53 Doctorem
886 689 149 53 nostrum

144 728 150 44 quam
238 728 188 44 contra
370 728 225 44 communem
539 728 263 44 veritatem,
745 728 150 44 ideo
820 728 207 44 responde-

149 772 113 47 bo
206 772 113 47 ad
243 772 75 47 ea

199 815 100 41 Ad
249 815 166 41 primum
365 815 166 41 igitur
482 815 216 41 dicendum,
648 815 133 41 quod
731 815 149 41 maior
830 815 116 41 non
897 815 116 41 est
947 815 66 41 ve

164 857 105 42 ta,
224 857 90 42 si
269 857 135 42 habet
359 857 135 42 actum
449 857 210 42 adaequatum
613 857 135 42 prius
703 857 165 42 origine
823 857 90 42 in
868 857 120 42 alio
928 857 105 42 suppo

154 890 129 48 sito;
239 890 100 48 sed
297 890 100 48 sic
354 890 114 48 est,
425 890 114 48 quod
497 890 171 48 potentia
625 890 200 48 generandi,
782 890 86 48 vt
825 890 100 48 est
882 890 86 48 in
911 890 114 48 patre,

153 928 106 49 est
213 928 212 49 principium
380 928 212 49 elicitiuum
546 928 136 49 actus
637 928 121 49 sibi
712 928 197 49 totaliter
849 928 181 49 adaequati,

158 967 120 53 puta
233 967 269 53 perfectissimae
457 967 254 53 generationis:
666 967 90 53 si
711 967 120 53 enim
786 967 135 53 actus
861 967 164 53 generatio

170 1015 110 43 nis
233 1015 110 43 non
296 1015 142 43 esset
391 1015 158 43 omnino
501 1015 221 43 adaequatus
674 1015 173 43 virturi
800 1015 236 43 generatiuae
974 1015 47 43 v

163 1042 101 51 est
220 1042 86 51 in
263 1042 144 51 patre,
364 1042 115 51 tunc
436 1042 144 51 filius
536 1042 86 51 in
579 1042 158 51 diuinis
694 1042 101 51 non
752 1042 129 51 esset
838 1042 144 51 omnino
924 1042 101 51 perfe

163 1082 130 46 ctus.
249 1082 130 46 Etiam
336 1082 144 46 posset
437 1082 130 46 dici,
523 1082 115 46 quod
595 1082 87 46 in
639 1082 130 46 filio
725 1082 101 46 non
783 1082 101 46 est
840 1082 130 46 posse
913 1082 115 46 genera

167 1122 105 49 re,
227 1122 164 49 quamuis
346 1122 90 49 in
391 1122 119 49 ipso
466 1122 105 49 sit
525 1122 179 49 potentia
645 1122 179 49 generandi-

211 1171 95 45 Ad
259 1171 191 45 secundum
402 1171 207 45 dicendum,
561 1171 127 45 quod
640 1171 95 45 si
688 1171 143 45 illud
784 1171 159 45 corpus
895 1171 111 45 non
943 1171 80 45 fa-

165 1199 132 51 ceret
253 1199 146 51 easdem
355 1199 234 51 operationes,
546 1199 117 51 quas
619 1199 132 51 facit
706 1199 117 51 sol,
779 1199 102 51 hoc
838 1199 132 51 esset
926 1199 88 51 ex
955 1199 73 51 par

159 1239 88 54 te
203 1239 176 54 alicuius
335 1239 190 54 absolutae
482 1239 234 54 perfectionis
672 1239 205 54 existentis
833 1239 88 54 in
877 1239 132 54 sole,
950 1239 88 54 quae

164 1276 111 48 non
227 1276 142 48 esset
322 1276 95 48 in
370 1276 111 48 hoc
433 1276 190 48 corpore,
575 1276 79 48 &
607 1276 127 48 ideo
686 1276 111 48 non
749 1276 142 48 esset
844 1276 127 48 tale
907 1276 127 48 corpus

159 1314 128 49 aeque
244 1314 156 49 potens,
357 1314 128 49 sicut
442 1314 113 49 sol:
513 1314 99 49 sic
570 1314 128 49 autem
655 1314 99 49 non
712 1314 99 49 est
769 1314 85 49 in
811 1314 170 49 diuinis,
939 1314 128 49 sicut

171 1362 104 50 um
205 1362 139 50 patuit

199 1396 96 51 Ad
247 1396 176 51 tertium
375 1396 208 51 dicendum,
535 1396 128 51 quod
615 1396 192 51 potentia
759 1396 160 51 potest
871 1396 192 51 duplici

161 1437 109 47 ter
224 1437 250 47 considerari,
427 1437 109 47 vno
490 1437 141 47 modo,
583 1437 94 47 vt
630 1437 109 47 est
693 1437 203 47 coniuncta
849 1437 172 47 omnibus
958 1437 63 47 ni

168 1479 179 47 tessario
303 1479 209 47 requisitis
467 1479 90 47 ad
512 1479 120 47 hoc,
587 1479 90 47 vt
631 1479 90 47 in
676 1479 135 47 actum
766 1479 209 47 prorumpat,
915 1479 120 47 respe-

166 1511 104 53 ctu
225 1511 133 53 cuius
314 1511 104 53 est
374 1511 193 53 potentia.
522 1511 163 53 Secundo
640 1511 133 53 modo,
729 1511 89 53 vt
773 1511 104 53 non
833 1511 104 53 est
892 1511 118 53 actu
951 1511 89 53 tali

160 1551 110 58 bus
223 1551 219 58 coniuncta.
395 1551 141 58 Primo
489 1551 125 58 modo
568 1551 141 58 maior
662 1551 110 58 est
725 1551 141 58 vera,
819 1551 110 58 sed
881 1551 110 58 non
928 1551 110 58 secu-

157 1597 94 43 do
204 1597 141 43 modo.
298 1597 125 43 Dato
376 1597 141 43 enim,
470 1597 125 43 quod
548 1597 94 43 in
595 1597 156 43 aliquo
705 1597 141 43 esset
798 1597 188 43 igneitas
924 1597 109 43 virtu

173 1639 89 42 te
218 1639 148 42 diuina
321 1639 118 42 sine
395 1639 118 42 omni
469 1639 163 42 calore,
587 1639 133 42 illud
676 1639 89 42 vt
720 1639 118 42 sic,
794 1639 163 42 numquam
898 1639 133 42 princi-

171 1670 148 55 piaret
275 1670 133 55 actum
363 1670 237 55 generationis
556 1670 148 55 ipsius
659 1670 148 55 ignis,
763 1670 74 55 &
792 1670 133 55 tamen
881 1670 89 55 in
925 1670 89 55 se
955 1670 74 55 ha-

175 1717 144 41 beret
271 1717 144 41 veram
367 1717 208 41 potentiam
527 1717 208 41 generandi
687 1717 160 41 ignem;
799 1717 80 41 &
831 1717 128 41 ista
895 1717 144 41 videtur

171 1752 118 47 esse
245 1752 192 47 intentio.
393 1752 89 47 P.
437 1752 118 47 Aug.
511 1752 103 47 li.
570 1752 89 47 3.
614 1752 148 47 contra
717 1752 192 47 Maximinum
865 1752 103 47 vbi
924 1752 118 47 ait,
983 1752 59 47 Ab

175 1789 96 51 sit
230 1789 83 51 vt
272 1789 110 51 ideo
340 1789 124 51 pater
423 1789 179 51 potentior
560 1789 96 51 sit
615 1789 138 51 filiot
712 1789 110 51 quia
780 1789 193 51 creatorem,
918 1789 110 51 scili-

181 1833 105 45 tet
241 1833 150 45 filium
346 1833 150 45 genuit
450 1833 150 45 pater,
555 1833 150 45 filius
660 1833 135 45 autem
750 1833 105 45 non
810 1833 150 45 genuit
899 1833 135 45 creato-

178 1864 126 50 rem,
257 1864 110 50 non
320 1864 126 50 enim
398 1864 110 50 non
461 1864 173 50 potuit,
587 1864 110 50 sed
650 1864 110 50 non
713 1864 204 50 oportuit.
870 1864 110 50 Cum
917 1864 126 50 igitur

176 1905 156 49 logice
286 1905 203 49 loquendo,
442 1905 125 49 duae
521 1905 219 49 negationes
693 1905 172 49 faciant
818 1905 125 49 vnam
881 1905 156 49 affirma-

175 1946 183 50 xionem,
309 1946 183 50 oportet
442 1946 133 50 quod
525 1946 233 50 exponatur:
709 1946 117 50 Non
775 1946 133 50 enim
859 1946 117 50 non
909 1946 133 50 potuit

175 1983 99 60 id
225 1983 116 60 est
291 1983 215 60 potentiam
456 1983 215 60 generandi
621 1983 182 60 habuit,
753 1983 116 60 sed
819 1983 116 60 non
869 1983 165 60 oportuit

176 2026 119 52 quia
250 2026 133 52 talis
339 2026 178 52 potentia
473 2026 89 52 in
517 2026 163 52 paterno
636 2026 193 52 supposito
784 2026 133 52 actum
873 2026 119 52 sibi
932 2026 119 52 totali

182 2071 110 43 ter
245 2071 220 43 coaequatum
418 2071 173 43 habuit:
544 2071 126 43 Vnde
623 2071 142 43 sicut
717 2071 94 43 in
765 2071 142 43 patre
859 2071 173 43 propter
969 2071 79 43 hoc

175 2105 108 46 non
236 2105 139 46 deest
329 2105 185 46 potentia
468 2105 216 46 generandi:
638 2105 123 46 quia
715 2105 108 46 non
777 2105 154 46 potest
885 2105 139 46 alium
962 2105 77 46 fi-

184 2147 128 48 lium
264 2147 208 48 generare,
424 2147 128 48 quam
504 2147 144 48 illum
600 2147 240 48 vnigenitum,
792 2147 128 48 quem
872 2147 96 48 ab
904 2147 144 48 aeterno

181 2183 173 56 genuit;
307 2183 110 56 sic
370 2183 110 56 non
433 2183 126 56 bene
511 2183 189 56 arguitur
653 2183 157 56 filium
763 2183 110 56 non
826 2183 157 56 habere
920 2183 126 56 poten-

181 2222 129 48 tiam
261 2222 257 48 generatiuam:
470 2222 129 48 quia
550 2222 145 48 alium
647 2222 161 48 filium
759 2222 112 48 non
807 2222 161 48 generat.

230 2262 124 49 punt
308 2262 140 49 etiam
401 2262 155 49 quidam
510 2262 140 49 alij,
603 2262 109 49 qui
666 2262 155 49 dicunt
774 2262 202 49 potentiam
914 2262 140 49 generam

181 2300 97 57 di
229 2300 113 57 non
294 2300 211 57 pertinere
456 2300 97 57 ad
505 2300 291 57 omnipotentiam.
748 2300 97 57 Ad
796 2300 146 57 cuius
877 2300 162 57 declara-

183 2344 163 51 tionem
297 2344 229 51 premittunt
477 2344 180 51 quasdam
607 2344 294 51 suppositiones,
852 2344 163 51 quarum
950 2344 98 51 pri-

182 2382 95 45 ma
230 2382 126 45 est,
308 2382 126 45 quod
387 2382 110 45 cum
450 2382 95 45 in
497 2382 110 45 Deo
560 2382 110 45 non
624 2382 110 45 sit
687 2382 173 45 passiua
813 2382 205 45 potentia,
954 2382 95 45 ideo

184 2423 249 42 omnipotentia
387 2423 109 42 est
449 2423 187 42 potentia
589 2423 156 42 actiua
698 2423 171 42 Secunda
823 2423 125 42 est,
900 2423 125 42 quod
963 2423 93 42 obie

187 2461 118 47 ctum
261 2461 162 47 actiuae
378 2461 191 47 potentiae
525 2461 103 47 est
584 2461 103 47 ens
643 2461 206 47 possibile,
804 2461 103 47 non
863 2461 132 47 tamen
936 2461 118 47 possi-

199 2496 113 53 bile
270 2496 128 53 tale,
355 2496 113 53 quod
426 2496 184 53 opponitur
567 2496 213 53 simpliciter
737 2496 227 53 impossibili:
921 2496 113 53 quia
978 2496 71 53 sic

188 2536 190 52 quaelibet
334 2536 146 52 diuina
436 2536 160 52 persona
553 2536 102 52 est
611 2536 102 52 ens
670 2536 204 52 possibile:
830 2536 117 52 quia
903 2536 131 52 etiam
976 2536 73 52 por

199 2575 119 52 sonam
278 2575 132 52 patris
371 2575 93 52 non
424 2575 93 52 est
476 2575 198 52 impossibile
635 2575 119 52 esse,
714 2575 66 52 &
741 2575 119 52 tamen
820 2575 93 52 non
873 2575 132 52 potest
966 2575 106 52 esse

192 2624 174 41 terminus
323 2624 160 41 actiuae
439 2624 203 41 potentiae;
599 2624 116 41 ergo
672 2624 160 41 obiectu
788 2624 160 41 actiuae
889 2624 160 41 potentiae

202 2655 109 51 erit
270 2655 190 51 possibile,
420 2655 109 51 quod
488 2655 177 51 opponitur
623 2655 81 51 ei
664 2655 109 51 quod
732 2655 95 51 est
786 2655 190 51 formaliter
922 2655 136 51 necesse,

194 2694 106 51 eum
254 2694 151 51 igitur
360 2694 196 51 quaelibet
511 2694 211 51 formaliter
677 2694 151 51 diuina
782 2694 136 51 psona
873 2694 106 51 sit
918 2694 136 51 necesse

206 2728 117 52 esse,
284 2728 130 52 patet,
374 2728 104 52 quod
439 2728 181 52 oipotentia
582 2728 91 52 non
634 2728 130 52 potest
724 2728 104 52 esse
789 2728 155 52 respectu
906 2728 155 52 alicuius
1009 2728 52 52 di

203 2769 125 53 uinae
286 2769 166 53 personae
411 2769 83 53 ad
452 2769 139 53 intra.
549 2769 83 53 Ex
591 2769 139 53 quibus
688 2769 125 53 etiam
771 2769 139 53 patet,
868 2769 111 53 quod
923 2769 139 53 potentia

206 2808 206 58 generandi
364 2808 111 58 non
428 2808 190 58 pertinet
570 2808 95 58 ad
618 2808 285 58 omnipotentiam,
855 2808 111 58 cum
919 2808 111 58 sit
966 2808 95 58 res-

204 2846 133 58 pectu
293 2846 162 58 diuinae
410 2846 191 58 personae,
558 2846 74 58 &
587 2846 118 58 quod
661 2846 147 58 filius
764 2846 103 58 est
823 2846 221 58 omnipotens,
985 2846 88 58 quam

189 2886 108 56 uis
250 2886 108 56 non
312 2886 154 56 possit
419 2886 200 56 generare,
573 2886 77 56 &
603 2886 123 56 quod
680 2886 138 56 omnes
772 2886 123 56 tres
849 2886 169 56 diuinae
957 2886 108 56 perso

199 2930 110 52 nae
262 2930 125 52 fint
340 2930 141 52 aeque
434 2930 251 52 omnipotentes
638 2930 78 52 &
670 2930 204 52 intensiue
826 2930 78 52 &
842 2930 188 52 extensiue-

278 2966 92 50 Et
324 2966 137 50 illud
415 2966 168 50 probant
537 2966 153 50 quidam
644 2966 122 50 alij
705 2966 76 50 sic

239 3018 78 38 2
271 3018 250 38 Omnipotentia
474 3018 110 38 est
537 3018 188 38 potentia
678 3018 110 38 non
740 3018 94 38 ad
787 3018 141 38 esse,
881 3018 110 38 sed
944 3018 94 38 ad
975 3018 94 38 age-

187 3047 109 48 re;
250 3047 124 48 vnde
327 3047 171 48 aliquis
451 3047 171 48 dicitur
575 3047 217 48 omipotens,
746 3047 109 48 non
808 3047 124 48 quia
886 3047 155 48 potest
979 3047 93 48 esse

199 3084 173 57 emnia:
320 3084 121 57 sed
389 3084 138 57 quia
476 3084 173 57 potest
597 3084 156 57 agere
700 3084 173 57 omnia,
822 3084 121 57 cum
891 3084 138 57 ergo
960 3084 121 57 gene

1040 247 117 54 rare
1114 247 88 54 in
1158 247 176 54 diuinis,
1290 247 117 54 siue
1363 247 176 54 potentia
1495 247 191 54 generandi
1641 247 103 54 sit
1700 247 132 54 idem,
1788 247 117 54 quod
1847 247 73 54 es-

1055 295 97 47 se
1103 295 177 47 patrem,
1232 295 129 47 ideo
1313 295 113 47 non
1377 295 193 47 pertinet
1522 295 97 47 ad
1571 295 290 47 ommipotentiam,
1812 295 81 47 &
1828 295 97 47 ideo

1052 336 143 48 sicut
1147 336 111 48 non
1211 336 158 48 arguit
1321 336 238 48 impotentiam
1511 336 95 48 in
1559 336 158 48 filio,
1670 336 127 48 quod
1749 336 111 48 non
1796 336 127 48 potest

1065 382 111 40 sse
1129 382 159 40 pater:
1240 382 111 40 sic
1303 382 111 40 non
1367 382 159 40 arguit
1478 382 238 40 impotentiam
1669 382 95 40 in
1716 382 111 40 eo,
1780 382 127 40 quod
1844 382 79 40 non

1049 415 153 56 potes
1134 415 170 56 genetare

1129 439 210 66 Praeterea,
1294 439 195 66 potentia,
1444 439 150 66 actiua
1548 439 105 66 est
1608 439 210 66 principium
1758 439 165 66 tansmutan

1052 491 99 53 di
1101 491 181 53 alterum
1232 491 197 53 secundum
1380 491 132 53 quod
1463 491 197 53 alterum:
1611 491 115 53 sed
1676 491 197 53 potentia
1808 491 115 53 gene-

1057 533 157 56 ratiua
1167 533 94 56 in
1215 533 173 56 diuinis
1340 533 110 56 non
1403 533 220 56 transmutat
1576 533 173 56 alterum
1702 533 189 56 secundum
1828 533 94 56 quod

1047 568 185 48 alterum:
1186 568 124 48 quia
1263 568 185 48 terminus
1402 568 263 48 generationis;
1618 568 124 48 puta
1696 568 155 48 diuina
1788 568 124 48 essen-

1053 611 101 49 tia
1110 611 101 49 non
1168 611 101 49 est
1225 611 158 49 alterum
1340 611 72 49 a
1369 611 201 49 generante,
1527 611 129 49 etiam
1613 611 158 49 filius,
1728 611 101 49 qui
1786 611 101 49 est
1829 611 86 49 ter-

1052 654 140 41 minus
1146 654 171 41 totalis
1270 654 155 41 ipsius
1379 654 264 41 generationis,
1596 654 109 41 non
1658 654 109 41 est
1720 654 186 41 alterum,
1844 654 78 41 vel

1065 690 119 52 iliud
1144 690 66 52 a
1157 690 106 52 patre,

1077 727 110 47 Sed
1140 727 141 47 illud
1234 727 110 47 non
1297 727 172 47 videtur
1422 727 125 47 esse
1500 727 188 47 consonum
1641 727 157 47 dictis
1735 727 172 47 sanctorum

1052 769 126 43 quia
1131 769 126 43 Aug.
1210 769 94 43 de
1257 769 126 43 fide
1335 769 94 43 ad
1382 769 157 43 Petrum
1493 769 189 43 expresse
1634 769 157 43 dicit,
1744 769 126 43 quod
1807 769 110 43 pater

1057 806 104 59 non
1117 806 134 59 esset
1206 806 224 59 omnipotens,
1385 806 89 59 si
1430 806 104 59 non
1490 806 149 59 posset
1594 806 194 59 producere
1743 806 149 59 filiu,
1832 806 75 59 seu

1058 854 171 50 equalem
1183 854 218 50 creatorem.
1354 854 93 50 Ex
1401 854 109 50 quo
1463 854 109 50 ego
1526 854 140 50 arguo
1604 854 93 50 sic.

1071 886 77 50 1
1101 886 138 50 Illud
1194 886 215 50 necessario
1363 886 138 50 cadit
1455 886 108 50 sub
1516 886 261 50 omnipotentia,
1732 886 92 50 ad
1778 886 138 50 cuius
1855 886 61 50 ne

1061 929 191 45 pationem
1204 929 175 45 negatur
1331 929 270 45 omnipotentia,
1554 929 111 45 sed
1618 929 95 45 vt
1666 929 143 45 patet
1761 929 95 45 in
1793 929 127 45 praedi

1059 966 108 47 cta
1120 966 232 47 auctoritate
1306 966 124 47 Aug.
1384 966 93 47 ad
1430 966 217 47 negationem
1600 966 201 47 potentiae
1740 966 170 47 generandi

1052 1005 96 47 in
1100 1005 144 47 patre
1196 1005 192 47 sequitur
1340 1005 176 47 negatio
1468 1005 272 47 omipotentiae,
1691 1005 128 47 ergo
1771 1005 96 47 ex
1819 1005 144 47 eadem

1051 1044 244 52 auctoritate
1246 1044 162 52 patet,
1359 1044 130 52 quod
1441 1044 260 52 omnipotentia
1652 1044 114 52 non
1717 1044 146 52 solum
1814 1044 114 52 est
1863 1044 65 52 ad

1064 1080 129 51 extra
1150 1080 158 51 actiua;
1264 1080 100 51 sed
1321 1080 129 51 etiam
1407 1080 86 51 ad
1450 1080 129 51 intra
1536 1080 86 51 in
1579 1080 158 51 diuinis
1694 1080 215 51 productiua.
1851 1080 72 51 Pa-

1062 1127 109 46 tet
1125 1127 156 46 etiam,
1234 1127 125 46 quod
1312 1127 109 46 non
1375 1127 141 46 solum
1468 1127 250 46 omnipotentia
1671 1127 109 46 est
1734 1127 187 46 respectu
1859 1127 78 46 pos

1053 1163 183 42 sibilis,
1190 1163 92 42 vt
1236 1163 244 42 distinguitur
1435 1163 153 42 contra
1542 1163 214 42 sormaliter
1710 1163 183 42 necesse,
1832 1163 107 42 verum

1058 1201 145 45 etiam
1154 1201 97 45 vt
1203 1201 258 45 distinguitur
1412 1201 161 45 contra
1525 1201 129 45 omne
1605 1201 161 45 illud,
1718 1201 129 45 quod
1798 1201 113 45 non
1847 1201 80 45 est

1058 1240 242 47 impossibile,
1254 1240 121 47 vnde
1330 1240 166 47 quamuis
1451 1240 151 47 patrem
1556 1240 121 47 esse
1632 1240 106 47 non
1692 1240 106 47 sit
1738 1240 181 47 possibile,

1070 1283 155 45 patrem
1179 1283 140 45 tamen
1272 1283 202 45 productum
1427 1283 124 45 esse
1505 1283 109 45 est
1567 1283 233 45 simpliciter
1738 1283 186 45 impossibi-

1069 1315 107 50 se:
1130 1315 122 50 quia
1206 1315 122 50 tunc
1283 1315 138 50 pater
1375 1315 107 50 non
1436 1315 138 50 esset
1527 1315 153 50 pater:
1634 1315 122 50 quod
1711 1315 183 50 implicat
1833 1315 92 50 con

1043 1356 243 57 tradictionem,

1097 1402 72 40 a
1125 1402 201 40 Praeterea,
1283 1402 86 40 si
1326 1402 86 40 ex
1369 1402 115 40 hoc,
1440 1402 115 40 quod
1512 1402 172 40 potentia
1641 1402 158 40 passiua
1755 1402 100 40 non
1813 1402 100 40 est
1856 1402 57 40 in

1065 1427 164 49 diuinis
1185 1427 239 49 fufficienter
1379 1427 179 49 arguitur
1513 1427 269 49 omnipotentiam,
1737 1427 119 49 quae
1812 1427 105 49 est
1856 1427 60 49 in

1064 1475 188 43 diuinis,
1206 1475 126 43 esse
1284 1475 204 43 potentiam
1441 1475 188 43 actiuam,
1583 1475 126 43 tunc
1661 1475 141 43 eodem
1755 1475 126 43 modo
1818 1475 110 43 sequi

1068 1511 107 47 tur
1129 1511 199 47 potentiam
1282 1511 199 47 generandi
1435 1511 92 47 in
1481 1511 168 47 diuinis
1604 1511 122 47 esse
1680 1511 199 47 potentiam
1818 1511 107 47 acti-

1063 1559 134 48 uam,
1147 1559 134 48 quod
1231 1559 118 48 est
1298 1559 168 48 contra
1416 1559 118 48 te,
1483 1559 84 48 &
1517 1559 252 48 fundamentum
1701 1559 101 48 tuum

1095 1591 98 48 Et
1144 1591 115 48 per
1209 1591 115 48 hoc
1275 1591 147 48 patet
1373 1591 98 48 ad
1422 1591 147 48 illam
1520 1591 164 48 primam
1635 1591 262 48 deductionem,
1831 1591 98 48 quam

1078 1628 123 54 acit
1154 1628 154 54 primus
1247 1628 138 54 doctor.

1102 1665 92 46 Ad
1148 1665 183 46 secundum
1285 1665 138 46 patet
1377 1665 92 46 ex
1423 1665 122 46 his,
1499 1665 122 46 quae
1575 1665 122 46 dixi
1652 1665 92 46 in
1698 1665 153 46 tertia
1789 1665 138 46 conclu-

1070 1706 158 52 sione,
1181 1706 111 52 vbi
1244 1706 190 52 probaui,
1386 1706 126 52 quod
1465 1706 190 52 potentia
1608 1706 221 52 generatiua
1782 1706 111 52 est
1829 1706 95 52 vere

1053 1745 206 56 productiua.

1100 1786 95 45 Ad
1148 1786 174 45 tertium
1274 1786 142 45 patet
1369 1786 127 45 quod
1448 1786 237 45 philosophus
1638 1786 111 45 per
1702 1786 127 45 illa
1781 1786 142 45 verba
1860 1786 79 45 de-

1070 1827 164 50 scribit
1190 1827 194 50 potentiam
1339 1827 164 50 actiuam
1459 1827 105 50 pro
1518 1827 90 50 vt
1563 1827 194 50 reperitur
1713 1827 90 50 in
1758 1827 135 50 istis
1832 1827 105 50 rebus

1081 1877 242 35 materialibus,
1280 1877 100 35 vbi
1337 1877 199 35 producens,
1493 1877 71 35 &
1522 1877 185 35 productum
1664 1877 185 35 differunt
1806 1877 100 35 per
1849 1877 85 35 natu

1074 1903 108 50 ras
1135 1903 216 50 absolutas.
1305 1903 108 50 Non
1366 1903 123 50 enim
1443 1903 139 50 vidit
1536 1903 185 50 Aristot.
1674 1903 123 50 hanc
1736 1903 200 50 ineffabilem

1092 1951 241 43 enerationem,
1288 1951 91 43 in
1333 1951 106 43 qua
1394 1951 196 43 generans,
1545 1951 75 43 &
1575 1951 166 43 genitum
1696 1951 196 43 totaliter
1831 1951 91 43 con-

1076 1984 174 50 ueniunt
1203 1984 95 50 in
1250 1984 206 50 absoluto,
1409 1984 79 50 &
1440 1984 222 50 tantummodo
1614 1984 206 50 differunt
1757 1984 174 50 relatiue,

1085 2022 141 48 Etiam
1179 2022 188 48 possemus
1321 2022 157 48 dicere
1430 2022 157 48 silium
1540 2022 125 48 esse
1618 2022 172 48 alterum
1744 2022 78 48 a
1775 2022 141 48 patre
1854 2022 78 48 non

1090 2063 225 50 eutraliter,
1270 2063 105 50 sed
1330 2063 210 50 masculine,
1495 2063 105 50 nec
1556 2063 270 50 essentialiter,
1781 2063 105 50 sed
1826 2063 105 50 sup

1072 2099 196 50 positaliter.

1089 2183 466 77 ARTICVLVS
1447 2183 215 77 IL
1555 2183 215 77 II
1662 2183 215 77 Et
1734 2183 179 77 hi-

1081 2297 148 88 Vtrum
1179 2297 164 88 alicui
1294 2297 164 88 possit
1408 2297 213 88 conuenire
1572 2297 262 88 ommipotentia
1785 2297 131 88 cium
1851 2297 82 88 ta-

1302 2377 122 52 men
1371 2377 209 52 vepugnat
1511 2377 192 52 gencrare.

1111 2459 103 52 AN
1162 2459 120 52 PRE
1231 2459 171 52 DICTIS
1351 2459 154 52 Etiam
1454 2459 206 52 apparet,
1608 2459 137 52 quid
1694 2459 120 52 sit
1745 2459 189 52 dicendum,

1088 2493 188 53 Aquantum
1229 2493 94 53 ad
1276 2493 141 53 alios
1370 2493 125 53 tres
1448 2493 203 53 articulos
1589 2493 203 53 quaestionis

1129 2531 94 49 Ad
1176 2531 219 49 argumentum
1349 2531 219 49 principale
1521 2531 125 49 nego
1599 2531 188 49 minorem.
1740 2531 94 49 Ad
1771 2531 157 49 pbationi

1088 2578 177 47 dicendum
1221 2578 118 47 quoe
1295 2578 103 47 non
1353 2578 103 47 est
1412 2578 118 47 bona
1486 2578 250 47 consequentia,
1692 2578 103 47 non
1751 2578 147 47 potest
1840 2578 88 47 gene

1082 2610 136 55 rare,
1173 2610 121 55 ergo
1248 2610 106 55 non
1309 2610 136 55 habet
1400 2610 197 55 potentiam
1551 2610 212 55 generandi;
1718 2610 136 55 etiam
1809 2610 91 55 in
1839 2610 91 55 cres

1102 2648 146 53 turis,
1205 2648 117 53 puta
1278 2648 88 53 in
1322 2648 146 53 spetie
1425 2648 161 53 humana,
1542 2648 161 53 quamuis
1659 2648 161 53 aliquis
1776 2648 146 53 habeat
1864 2648 73 53 po-

1101 2689 159 63 tentiam
1216 2689 202 63 generandi,
1375 2689 87 63 si
1418 2689 130 63 tamen
1504 2689 115 63 sibi
1576 2689 187 63 deficeret
1721 2689 159 63 aliquod
1822 2689 115 63 instru

1136 2739 167 41 mentum
1253 2739 234 41 necessario
1437 2739 234 41 requisitum
1620 2739 100 41 ad
1670 2739 150 41 actum
1754 2739 150 41 genera-

1170 2779 152 53 tionis
1276 2779 182 53 humanae,
1413 2779 122 53 ipse
1489 2779 106 53 sic
1550 2779 167 53 haberet
1671 2779 198 53 potentiam
1808 2779 61 53 ge

1204 2808 191 48 nerandi,
1348 2808 128 48 quod
1427 2808 144 48 tamen
1523 2808 112 48 non
1587 2808 159 48 posset
1682 2808 144 48 genera-

1251 2850 102 55 re,
1310 2850 102 55 sic
1368 2850 117 55 quia
1441 2850 146 55 filius
1544 2850 132 55 habet
1631 2850 190 55 potentiam

1284 2881 222 60 generandi
1454 2881 119 60 non
1523 2881 119 60 sub
1574 2881 170 60 respectu

1341 2923 206 55 proposito
1500 2923 95 55 ad
1547 2923 143 55 actum
1627 2923 95 55 gene

1357 2958 194 57 rationis,
1507 2958 120 57 immo
1581 2958 105 57 sub
1626 2958 60 57 op

1404 2999 151 55 posito
1509 2999 121 55 ipse
1570 2999 75 55 non

1441 3042 161 53 potest
1538 3042 81 53 ge

1441 3082 170 52 nerate.
