2334 3531
488 222 557 73 DISTINCTIO
886 222 239 73 SxII

389 276 219 91 Persbicua,
562 276 94 91 ac
609 276 188 91 vesolita
749 276 188 91 diuuisio
890 276 141 91 huius
984 276 282 91 distinctionis,
1203 276 63 91 in

437 348 121 57 qua
506 348 242 57 aggreditur
696 348 207 57 Magister
851 348 225 57 tractatum
1024 348 104 57 de
1059 348 155 57 nonuni-

463 393 109 58 bus
525 393 186 58 vnitatem
664 393 171 58 diuinae
788 393 217 58 essentiae,
959 393 202 58 personaru
1098 393 93 58 tri-

524 436 185 72 nitatem,
662 436 246 72 perfectiones
862 436 139 72 atque
939 436 185 72 productio-

648 487 126 73 nes
702 487 271 73 exprimentibus

726 552 111 68 OST
789 552 206 68 praedicta
948 552 158 68 nobis.
1058 552 190 68 Postquam
1185 552 63 68 Mi

749 601 133 52 gister
842 601 66 52 a
868 601 212 52 distinctione
1041 601 146 52 secunda
1147 601 133 52 vsquoe

741 638 103 51 huc
800 638 235 51 determinauit
991 638 88 51 de
1035 638 162 51 diuinae
1138 638 118 51 essen-

749 681 114 47 tiae
820 681 171 47 vnitate,
948 681 199 47 personarum
1090 681 157 47 trinitate

746 717 89 49 ac
791 717 162 49 diuinis
909 717 266 49 perfectionibus
1130 717 74 49 &
1145 717 118 49 produm

757 759 200 44 ctionibus
911 759 108 44 Deo
972 759 216 44 intrinsece
1127 759 123 44 conue-

742 800 199 57 nientibus,
898 800 85 57 in
941 800 114 57 ista
1012 800 100 57 22.
1069 800 100 57 di.
1112 800 128 57 Magiste

743 838 177 45 incipit
872 838 242 45 determinare
1066 838 97 45 de
1098 838 145 45 nominib

383 877 118 41 ista
457 877 264 41 exprimentibus;
677 877 73 41 &
706 877 103 41 duo
765 877 147 41 facit:
868 877 118 41 quia
942 877 132 41 primo
1030 877 162 41 tractat
1147 877 88 41 de
1177 877 73 41 hu-

380 914 179 49 iusmodi
510 914 228 49 nominibus;
689 914 163 49 Secudo
802 914 98 49 de
851 914 309 49 proprietatibus,
1111 914 81 49 a
1127 914 114 49 quibu

388 961 135 50 talia
478 961 150 50 nomina
583 961 180 50 videntur
719 961 120 50 esse
794 961 180 50 imposita
929 961 120 50 ibi,
1004 961 120 50 Nunc
1080 961 90 50 de
1110 961 135 50 proprit

393 996 177 45 tatibus.
526 996 133 45 Prima
614 996 88 45 in
659 996 133 45 duas:
747 996 118 45 quia
821 996 133 45 primo
909 996 177 45 magister
1042 996 162 45 tractat
1160 996 88 45 de
1189 996 59 45 hu

393 1037 161 37 usmodi
506 1037 177 37 diuinis
635 1037 210 37 nominibus
796 1037 97 37 in
844 1037 210 37 generali;
1005 1037 177 37 Secundo
1118 1037 129 37 prose-

389 1077 134 42 quitur
482 1077 80 42 de
522 1077 94 42 eis
576 1077 120 42 magis
656 1077 80 42 in
696 1077 160 42 speciali
816 1077 107 42 ibi,
883 1077 187 42 Praedictis
1030 1077 200 42 adiiciendum
1177 1077 67 42 est

389 1109 141 47 Prima
483 1109 94 47 in
530 1109 141 47 duas:
624 1109 125 47 quia
703 1109 141 47 primo
797 1109 141 47 ponit
891 1109 188 47 duplicem
1032 1109 172 47 ordinem
1141 1109 110 47 circa

391 1155 171 39 diuina
510 1155 188 39 nomina;
647 1155 188 39 Secundo
784 1155 188 39 quantum
920 1155 102 39 ad
972 1155 137 39 vsum
1057 1155 171 39 talium
1160 1155 85 39 no-

379 1191 144 48 minum
475 1191 192 48 instruit
620 1191 112 48 nos
684 1191 160 48 quadam
796 1191 160 48 fideli
908 1191 160 48 regula
1020 1191 128 48 ibi,
1085 1191 160 48 Sciendum

385 1230 101 43 est
442 1230 144 43 igitur
543 1230 130 43 Prima
630 1230 87 43 in
673 1230 130 43 duas,
760 1230 173 43 secundum
890 1230 101 43 que
947 1230 159 43 istorum
1063 1230 159 43 nominum
1164 1230 72 43 duc

382 1271 116 45 sunt
455 1271 174 45 ordines.
586 1271 160 45 Secunda
702 1271 116 45 ibi,
774 1271 102 45 His
833 1271 232 45 adiiciendum.
1021 1271 116 45 Tunc
1094 1271 174 45 sequitur

385 1310 109 46 illa
454 1310 123 46 pars,
536 1310 164 46 Sciendum
659 1310 96 46 est
714 1310 150 46 igitur,
823 1310 68 46 &
850 1310 178 46 diuiditur
987 1310 82 46 in
1028 1310 123 46 duas:
1110 1310 109 46 quia
1165 1310 82 46 pri-

393 1356 88 41 mo
437 1356 162 41 regulam
555 1356 206 41 praemissam
716 1356 191 41 assignat.
863 1356 162 41 Secundo
981 1356 132 41 circa
1069 1356 176 41 predicta
1186 1356 59 41 re

382 1386 182 64 capituiat
522 1386 112 64 ibi,
592 1386 112 64 Ecce
662 1386 140 64 aperte
760 1386 154 64 docuit.
873 1386 126 64 Circa
957 1386 126 64 istam
1041 1386 126 64 dist.
1111 1386 112 64 quaero

645 1452 381 69 Questio.

428 1512 118 71 An
487 1512 217 71 aliquod
645 1512 177 71 nomen
763 1512 99 71 a
803 1512 177 71 nobis
921 1512 138 71 Deo
980 1512 217 71 impositum

611 1572 189 64 proprie
748 1572 223 64 conueniat
920 1572 137 64 Deo.

410 1843 168 74 VTRVM
522 1843 205 74 aliquod
671 1843 168 74 nomen
783 1843 112 74 ab
839 1843 186 74 homine
969 1843 130 74 Deo
1025 1843 205 74 impositum

437 1897 163 47 propric
556 1897 192 47 conueniat
703 1897 118 47 Deo:
777 1897 74 47 &
807 1897 163 47 videtur
925 1897 118 47 quod
999 1897 118 47 non,
1073 1897 118 47 quia
1132 1897 104 47 illi-

386 1928 120 53 quod
461 1928 105 53 est
521 1928 225 53 innarrabile
701 1928 105 53 non
761 1928 180 53 possumus
896 1928 180 53 proprie,
1031 1928 105 53 seu
1076 1928 150 53 perfectu

374 1972 145 41 nomen
471 1972 210 41 imponere,
632 1972 113 41 sed
697 1972 129 41 Deus
778 1972 113 41 est
842 1972 226 41 huiusmodi;
1020 1972 129 41 quia
1085 1972 145 41 dicitur

378 2010 74 43 4
408 2010 222 43 propositone
585 2010 89 43 de
629 2010 162 43 causis,
748 2010 118 43 quod
821 2010 133 43 prima
910 2010 133 43 causa
999 2010 103 43 est
1058 2010 133 43 super
1132 2010 103 43 omnem

374 2051 275 47 cnarrationem,
601 2051 81 47 &
633 2051 211 47 deficiunt
795 2051 178 47 linguae
924 2051 81 47 a
957 2051 227 47 narratione
1119 2051 113 47 eius.

381 2086 168 56 Contra
499 2086 185 56 Commen.
634 2086 101 56 12
684 2086 185 56 metaph.
819 2086 135 56 ait,
903 2086 135 56 quod
987 2086 135 56 vita
1071 2086 84 56 &
1088 2086 135 56 scien-

371 2126 110 45 tia
434 2126 172 45 proprie
559 2126 94 45 de
606 2126 110 45 Deo
669 2126 203 45 dicuntur,
825 2126 125 45 ergo
903 2126 110 45 &c.
966 2126 110 45 Hic
1029 2126 141 45 primo
1107 2126 125 45 viden-

366 2167 102 46 dum
425 2167 116 46 est,
497 2167 131 46 vtrum
584 2167 116 46 Deus
657 2167 102 46 sit
715 2167 233 46 nominabilis,
904 2167 174 46 Secundo,
1035 2167 131 46 vtrum
1122 2167 102 46 sit
1166 2167 58 46 no

373 2208 200 50 minabilis
527 2208 185 50 pluribus
665 2208 216 50 nominibus.
835 2208 154 50 Tertio
943 2208 139 50 vtrum
1035 2208 169 50 aliquid
1143 2208 77 50 il-

361 2248 143 41 lorum
457 2248 175 41 nominum
584 2248 143 41 pure,
679 2248 80 41 &
711 2248 175 41 proprie
838 2248 207 41 conueniat
997 2248 207 41 essentiae
1140 2248 80 41 di-

371 2288 148 52 uinae
469 2288 197 52 secundum
616 2288 115 52 se,
682 2288 82 52 &
715 2288 115 52 non
780 2288 98 52 in
830 2288 164 52 ordine
944 2288 98 52 ad
994 2288 180 52 aliquod
1108 2288 115 52 opus.

365 2325 161 42 Quarto
478 2325 145 42 vtrum
575 2325 161 42 nomina
688 2325 258 42 attributalia
897 2325 97 42 de
946 2325 113 42 Deo
1010 2325 194 42 dicantur
1139 2325 81 42 pro

372 2357 135 60 prie,
462 2357 75 60 &
492 2357 180 60 secundum
627 2357 210 60 distinctas
776 2357 165 60 rationes.

520 2400 331 52 RES
662 2400 378 52 OLVTIO

364 2427 106 71 Deus
430 2427 106 71 sane
497 2427 93 71 est
550 2427 200 71 nominabilis
710 2427 67 71 a
736 2427 120 71 nobis
816 2427 160 71 pluribus
936 2427 120 71 quide
1015 2427 173 71 nominibus
1135 2427 80 71 lice

402 2490 204 47 imperfecte,
565 2490 109 47 quia
633 2490 122 47 satis
715 2490 176 47 exprimere
850 2490 163 47 nequimus
973 2490 149 47 naturam
1081 2490 109 47 Dei:
1136 2490 81 47 pro-

401 2537 103 43 prie
465 2537 116 43 tamen
543 2537 77 43 in
581 2537 167 43 respectu,
710 2537 154 43 quatenus
826 2537 90 43 ea,
877 2537 103 43 quae
942 2537 103 43 fide
1006 2537 154 43 tenemus,
1109 2537 103 43 distin

396 2568 115 44 cte,
468 2568 86 44 ac
511 2568 159 44 proprie
626 2568 187 44 enunciare
770 2568 159 44 conamur
886 2568 115 44 Vude
958 2568 187 44 buiusmodi
1087 2568 130 44 nominal

401 2612 89 48 cet
452 2612 89 48 quo
503 2612 76 48 ad
541 2612 115 48 modum
618 2612 204 48 significandi
784 2612 166 48 improprie
911 2612 89 48 Deo
962 2612 191 48 ascribatur,
1115 2612 89 48 quo
1153 2612 64 48 ac-

393 2656 129 52 tamen
479 2656 101 52 rem
536 2656 201 52 significat
695 2656 86 52 am
738 2656 101 52 Deo
795 2656 144 52 maxime
881 2656 173 52 conueniunt

424 2692 577 77 ARTICVLVS

558 2756 157 67 Vtrum
662 2756 139 67 Deus
749 2756 122 67 sit
802 2756 227 67 nommabilis.

377 2810 197 67 SVANTVM
520 2810 107 67 ad
574 2810 197 67 primum,
717 2810 161 67 vtrum
824 2810 143 67 Deus
913 2810 125 67 sit
967 2810 250 67 nominabilis,

371 2867 171 46 eadico,
496 2867 124 46 quod
574 2867 124 46 Deus
651 2867 109 46 est
713 2867 249 46 nominabilis:
916 2867 124 46 ipse
993 2867 78 46 e
1024 2867 109 46 nim
1071 2867 140 46 seipsun

363 2912 180 46 nominat,
498 2912 105 46 cum
558 2912 135 46 dixit
649 2912 150 46 Moysi,
754 2912 105 46 Ego
814 2912 120 46 sum,
889 2912 105 46 qui
949 2912 120 46 sum.
1025 2912 150 46 Potest
1115 2912 105 46 etiam

355 2951 194 40 nominari
500 2951 81 40 a
533 2951 162 40 nobis:
646 2951 129 40 quia
726 2951 194 40 quicquid
872 2951 194 40 possumus
1001 2951 210 40 intelligero

369 2990 179 42 possumus
503 2990 239 42 significare,
697 2990 104 42 cum
757 2990 134 42 voces
846 2990 119 42 sint
921 2990 134 42 notae
1010 2990 134 42 earum
1085 2990 134 42 passio-

367 3028 120 49 num,
442 3028 120 49 quae
517 3028 120 49 sunt
592 3028 90 49 in
637 3028 150 49 anima,
742 3028 90 49 vt
787 3028 135 49 patet
878 3028 90 49 1.
923 3028 270 49 perihermenias,
1148 3028 105 49 sed

374 3065 131 51 Deum
455 3065 196 51 possumus
602 3065 261 51 intelligere,
815 3065 82 51 &
847 3065 196 51 secundum
994 3065 229 51 theologos,
1174 3065 82 51 &

360 3105 202 58 secundum
512 3105 270 58 philosophos.
731 3105 185 58 Quamuis
866 3105 152 58 autem
967 3105 135 58 illa
1035 3105 185 58 conclusio

1279 241 111 56 nec
1343 241 79 56 a
1374 241 254 56 Philosophis,
1581 241 111 56 nec
1645 241 79 56 a
1676 241 207 56 entilibus
1835 241 238 56 conuertatur
2026 241 95 56 in
2058 241 79 56 du-

1285 290 144 47 bium;
1381 290 144 47 tamen
1477 290 176 47 propter
1604 290 176 47 aliquas
1732 290 255 47 auctoritates
1939 290 208 47 sanctorum
2099 290 80 47 &

1282 330 173 48 maxime
1403 330 173 48 Dioni.
1524 330 138 48 quae
1611 330 208 48 secundum
1766 330 173 48 primam
1887 330 208 48 verborum
2026 330 121 48 appa-

1282 365 172 49 rentiam
1407 365 94 49 ab
1454 365 109 49 hac
1516 365 234 49 conclusione
1703 365 203 49 dissonare
1859 365 203 49 videntur,
2000 365 140 49 adducam

1283 404 163 51 aliqua
1397 404 163 51 contra
1511 404 114 51 me,
1576 404 82 51 &
1609 404 228 51 respondebo
1788 404 98 51 ad
1821 404 65 51 ea

1293 445 82 42 1
1325 445 196 42 Secundum
1472 445 131 42 enim
1554 445 131 42 Dio.
1635 445 98 42 1.
1684 445 98 42 de
1733 445 147 42 diuin
1831 445 114 42 no.
1896 445 131 42 Deus
1978 445 114 42 est
2027 445 114 42 inno-

1292 480 202 48 minabilis
1448 480 78 48 a
1479 480 156 48 nobis;
1588 480 109 48 nam
1650 480 140 48 nihil
1744 480 218 48 nominamus,
1915 480 124 48 quod
1992 480 140 48 nulla
2070 480 78 48 co-

1286 522 188 50 gnitione
1427 522 250 50 cognoscimus,
1630 522 109 50 sed
1693 522 94 50 vt
1740 522 125 50 ipse
1818 522 156 50 ibidem
1927 522 172 50 videtur
2037 522 109 50 dedu-

1284 561 138 47 cere,
1376 561 123 47 Deum
1453 561 138 47 nulla
1545 561 215 47 cognitione
1714 561 246 47 cognoscimus:
1914 561 123 47 quia
1991 561 123 47 eius
2052 561 77 47 ne-

1288 600 107 49 que
1349 600 107 49 est
1410 600 168 49 sensus,
1532 600 137 49 neque
1623 600 198 49 fantasma,
1775 600 137 49 neque
1867 600 168 49 opinio,
1989 600 137 49 idest
2065 600 76 49 co-

1294 647 153 45 gnitio
1401 647 230 45 estimatiua,
1585 647 138 45 neque
1677 647 138 45 nomen
1768 647 138 45 idest
1860 647 214 45 simplicium
2013 647 123 45 appre-

1282 668 166 53 hensio,
1403 668 106 53 qua
1463 668 181 53 formatur
1598 668 226 53 diffinitio,
1779 668 121 53 quae
1855 668 106 53 per
1915 668 136 53 nomen
1990 668 151 53 intelli-

1285 714 139 55 gitur,
1383 714 111 55 quia
1452 714 139 55 ratio,
1550 714 111 55 quam
1619 714 195 55 significat
1772 714 139 55 nomen,
1870 714 97 55 est
1925 714 209 55 diffinitio;
2078 714 56 55 no

1286 765 114 42 que
1351 765 147 42 sermo
1449 765 147 42 idest
1547 765 196 42 cognitio
1694 765 278 42 compositorum:
1923 765 114 42 qua
1972 765 163 42 formatur

1281 795 308 49 enunciationeque
1540 795 179 49 tactus;
1670 795 146 49 idest
1768 795 195 49 cognitio
1898 795 243 49 principiorum,

1277 833 128 49 quam
1357 833 160 49 tactum
1469 833 192 49 appellat
1613 833 176 49 ratione
1741 833 208 49 simplicis
1901 833 80 49 &
1933 833 208 49 immediati
2077 833 64 49 in

1280 880 174 40 tuitus,
1407 880 142 40 neque
1501 880 205 40 scientia,
1659 880 142 40 idest
1754 880 174 40 habitus
1865 880 237 40 conclusionum.

1293 902 79 60 2
1325 902 207 60 Preterea,
1484 902 127 60 idem
1563 902 127 60 Dion
1643 902 127 60 vlt.
1722 902 95 60 de
1770 902 143 60 diuin
1865 902 95 60 no
1913 902 127 60 ait,
1992 902 127 60 Deus
2056 902 79 60 su-

1283 952 115 50 per
1348 952 148 50 omnem
1447 952 197 50 terminum
1594 952 197 50 extentus
1742 952 82 50 a
1774 952 148 50 nullo
1873 952 164 50 captus
1987 952 131 50 est,
2053 952 82 50 aut

1274 994 278 46 comprehensus:
1503 994 196 46 terminus
1650 994 147 46 autem
1748 994 114 46 rei
1813 994 114 46 est
1878 994 245 46 diffinitio.
2058 994 82 46 Cum

1279 1034 137 56 igitur
1375 1034 137 56 ratio,
1471 1034 109 56 quam
1539 1034 191 56 significat
1690 1034 137 56 nomen,
1785 1034 96 56 sit
1840 1034 205 56 diffinitio,
2004 1034 164 56 videtur,

1282 1072 136 47 quod
1367 1072 153 47 ipsum
1469 1072 204 47 nominare
1622 1072 119 47 non
1673 1072 170 47 possumus

1286 1118 79 43 3
1318 1118 222 43 Praeterea,
1492 1118 95 43 si
1539 1118 253 43 nominaretur,
1745 1118 111 43 aut
1809 1118 237 43 nominaretur
1983 1118 158 43 affirma-

1268 1144 143 50 tiue,
1363 1144 111 50 vel
1427 1144 206 50 negatiue.
1585 1144 143 50 Primo
1681 1144 127 50 modo
1760 1144 111 50 non
1824 1144 159 50 potest
1935 1144 175 50 proprie
2046 1144 79 50 no-

1272 1191 162 45 minari:
1390 1191 118 45 quia
1464 1191 89 45 vt
1509 1191 162 45 dicitur
1627 1191 89 45 2.
1671 1191 89 45 de
1715 1191 133 45 Ange.
1804 1191 103 45 Hi.
1863 1191 133 45 omnes
1937 1191 192 45 affitmatio-

1263 1232 105 51 nes
1323 1232 90 51 de
1368 1232 105 51 Deo
1428 1232 150 51 dictae
1534 1232 120 51 sunt
1609 1232 241 51 incompactae;
1804 1232 105 51 nec
1864 1232 150 51 secudo
1970 1232 135 51 modo:
2045 1232 90 51 quia

1275 1275 169 48 negatiue
1401 1275 98 48 non
1458 1275 211 48 exprimitur,
1626 1275 112 48 quid
1696 1275 98 48 res
1753 1275 112 48 sit,
1823 1275 98 48 sed
1879 1275 112 48 quid
1949 1275 98 48 sed
2006 1275 98 48 non
2048 1275 84 48 sit,

1278 1312 76 45 4
1308 1312 197 45 Preterea,
1460 1312 136 45 signi
1551 1312 91 45 ad
1596 1312 182 45 signatum
1733 1312 136 45 debet
1824 1312 121 45 esse
1899 1312 212 45 proportio,
2066 1312 106 45 sed

1266 1347 162 50 nullum
1379 1347 146 50 nomen
1476 1347 81 50 a
1508 1347 146 50 nobis
1605 1347 259 50 excogitabile
1816 1347 162 50 potest
1929 1347 113 50 Deo
1993 1347 129 50 esse
2058 1347 97 50 pro;

1275 1384 239 50 portionatum:
1469 1384 119 50 quia
1544 1384 149 50 finiti
1648 1384 89 50 ad
1693 1384 194 50 infinitum
1842 1384 134 50 nulla
1931 1384 104 50 est
1976 1384 179 50 proportio.

1273 1426 78 49 3
1305 1426 218 49 Praeterea,
1475 1426 93 49 si
1522 1426 171 49 aliquod
1646 1426 140 49 nomen
1740 1426 124 49 sibi
1817 1426 233 49 competeret,
2004 1426 109 49 hoc
2050 1426 78 49 ma-

1256 1469 120 40 xime
1331 1469 135 40 esset
1420 1469 135 40 nomen
1510 1469 149 40 entis,
1615 1469 105 40 aut
1675 1469 239 40 substantiae,
1869 1469 105 40 sed
1929 1469 105 40 hoc
1989 1469 120 40 non,
2048 1469 90 40 ergo

1263 1504 99 43 nec
1319 1504 127 43 alia;
1404 1504 99 43 non
1461 1504 127 43 nomen
1546 1504 142 43 entis:
1645 1504 113 43 quia
1716 1504 99 43 ait
1773 1504 99 43 Di.
1829 1504 113 43 quod
1900 1504 113 43 Deus
1971 1504 99 43 non
2028 1504 99 43 est
2070 1504 85 43 ens;

1271 1542 98 46 sed
1327 1542 98 46 sup
1383 1542 112 46 ens;
1454 1542 98 46 nec
1510 1542 126 46 nomen
1594 1542 225 46 substantiae,
1777 1542 84 46 vt
1819 1542 126 46 patet
1903 1542 84 46 p.
1945 1542 98 46 Au.
2001 1542 84 46 8.
2044 1542 84 46 de
2072 1542 84 46 tri.

1265 1579 106 40 Sed
1325 1579 121 40 illa
1401 1579 106 40 non
1461 1579 227 40 concludunt:
1642 1579 121 40 quia
1718 1579 91 40 ut
1763 1579 181 40 superius
1899 1579 151 40 dis:3.
2005 1579 166 40 patuit.
2111 1579 45 40 s

1272 1620 120 54 Deum
1347 1620 120 54 esse
1422 1620 105 54 est
1482 1620 105 54 per
1541 1620 90 54 se
1586 1620 135 54 notum
1676 1620 120 54 omne
1751 1620 135 54 autem
1841 1620 120 54 quod
1916 1620 105 54 per
1975 1620 90 54 se
2020 1620 105 54 est
2065 1620 90 54 noni

1274 1661 116 47 tum,
1346 1661 145 47 aliquo
1447 1661 116 47 modo
1519 1661 217 47 nominabile.
1693 1661 116 47 ltem
1765 1661 145 47 illud,
1867 1661 87 47 de
1910 1661 101 47 quo
1968 1661 159 47 tractat
2069 1661 58 47 in

1274 1699 120 48 vera
1349 1699 195 48 srientia,
1500 1699 105 48 est
1560 1699 120 48 vere
1635 1699 226 48 nominabile;
1815 1699 105 48 sed
1875 1699 90 48 de
1921 1699 105 48 Deo
1981 1699 105 48 non
2026 1699 105 48 solum

1276 1738 71 50 n
1304 1738 184 50 theologia
1446 1738 199 50 tractatur,
1602 1738 99 50 sed
1659 1738 128 50 etiam
1744 1738 156 50 saepius
1857 1738 85 50 in
1900 1738 227 50 philosophia,
2084 1738 71 50 &

1263 1777 276 49 specialiter
1483 1777 110 49 in
1539 1777 184 49 metaph
1667 1777 147 49 ergo
1741 1777 92 49 &c.

1297 1815 97 46 Ad
1345 1815 145 46 omnes
1442 1815 145 46 illas
1539 1815 258 46 auctoritates
1748 1815 145 46 Dion:
1845 1815 81 46 &
1877 1815 161 46 multas
1974 1815 161 46 consimi-

1269 1854 116 50 les,
1341 1854 116 50 quas
1413 1854 159 50 saepius
1529 1854 145 50 ponit,
1630 1854 188 50 dicendum,
1775 1854 116 50 quod
1847 1854 101 50 per
1905 1854 188 50 huiusmodi
2035 1854 87 50 ver-

1273 1895 75 48 a
1303 1895 105 48 Dio
1363 1895 105 48 non
1423 1895 195 48 intendit,
1572 1895 120 48 nisi
1647 1895 120 48 quod
1722 1895 105 48 hic
1782 1895 210 48 existentes
1946 1895 90 48 in
1991 1895 105 48 via
2036 1895 90 48 Deum

1265 1934 194 44 perfecte
1411 1934 227 44 cognoscere
1589 1934 113 44 non
1653 1934 211 44 possumus;
1815 1934 113 44 nec
1880 1934 113 44 per
1929 1934 194 44 consequens

1261 1974 209 46 nominare,
1422 1974 113 46 per
1486 1974 113 46 hoc
1550 1974 145 46 tamen
1647 1974 113 46 non
1711 1974 193 46 intendit
1856 1974 177 46 negare,
1984 1974 129 46 quin
2049 1974 80 46 im-

1274 2011 181 49 erfecte
1405 2011 148 49 ipsum
1504 2011 198 49 possimus
1653 2011 82 49 &
1686 2011 231 49 cognoscere
1867 2011 82 49 &
1900 2011 214 49 nominare:
2049 2011 49 49 &

1254 2051 127 53 hoc
1326 2051 163 53 patet
1435 2051 109 53 ad
1490 2051 163 53 prima
1580 2051 127 53 tria.

1281 2101 100 49 Ad
1331 2101 183 49 quartum
1465 2101 217 49 dicendum,
1632 2101 133 49 quod
1715 2101 150 49 inter
1815 2101 183 49 signum,
1949 2101 83 49 &
1965 2101 167 49 signatum

1258 2136 112 43 non
1322 2136 176 43 oportet
1450 2136 128 43 esse
1531 2136 257 43 proportionem
1739 2136 192 43 secundum
1867 2136 257 43 adaequationem,

1256 2172 105 52 scu
1316 2172 255 52 aequalitatem:
1526 2172 135 52 alias
1616 2172 120 52 enim
1691 2172 180 52 circulus
1826 2172 165 52 numquam
1946 2172 150 52 posset
2051 2172 120 52 esse

1254 2206 224 51 signumvini;
1433 2206 105 51 sed
1493 2206 194 51 sufficit,
1642 2206 119 51 quod
1717 2206 149 51 signum
1821 2206 194 51 imponatur
1971 2206 164 51 signato
2075 2206 60 51 ab

1249 2252 153 46 aliqua
1356 2252 245 46 proprietate,
1555 2252 107 46 que
1616 2252 92 46 in
1662 2252 169 46 signato
1785 2252 169 46 existat
1907 2252 184 46 secundum
2030 2252 92 46 rem,

1243 2290 87 46 &
1277 2290 174 46 aliquo
1399 2290 139 46 modo
1486 2290 226 46 appareat,
1661 2290 122 46 vel
1730 2290 244 46 exprimatur
1922 2290 105 46 in
1957 2290 139 46 signo.

1286 2324 100 51 Ad
1336 2324 183 51 quintum
1470 2324 217 51 dicendum,
1636 2324 133 51 quod
1720 2324 150 51 nomen
1820 2324 167 51 entis,
1937 2324 83 51 &
1970 2324 133 51 esse
2037 2324 83 51 pro

1254 2373 213 47 priissime
1417 2373 115 47 Deo
1483 2373 213 47 comperit,
1646 2373 131 47 vnde
1728 2373 180 47 propter
1859 2373 115 47 hoc
1925 2373 131 47 quod
1990 2373 131 47 etinem

1254 2407 123 47 tiam
1331 2407 247 47 proprietatis
1531 2407 170 47 illius,
1654 2407 108 47 qua
1716 2407 108 47 hoc
1778 2407 139 47 nomen
1870 2407 123 47 ens,
1947 2407 77 47 &
1978 2407 123 47 esse
2040 2407 77 47 Deo

1259 2442 227 50 conueniunt
1437 2442 113 50 nos
1502 2442 113 50 non
1566 2442 291 50 apprehendimus;
1809 2442 130 50 ideo
1890 2442 113 50 ait
1955 2442 130 50 Dlo.
2020 2442 97 50 quod

1254 2486 127 48 Deus
1333 2486 111 48 non
1397 2486 111 48 est
1460 2486 127 48 ens,
1539 2486 111 48 sed
1602 2486 142 48 super
1697 2486 127 48 ens.
1776 2486 127 48 Aug.
1855 2486 142 48 autem
1950 2486 142 48 negat
2029 2486 95 48 Deum

1252 2526 112 46 esse
1322 2526 224 46 substantiam,
1504 2526 126 46 prout
1588 2526 196 46 substantia
1742 2526 98 46 est
1798 2526 112 46 vnum
1868 2526 84 46 de
1910 2526 112 46 dece
1966 2526 154 46 praedicaa

1255 2562 167 54 mentis:
1376 2562 122 54 quia
1452 2562 152 54 natura
1559 2562 152 54 diuina
1665 2562 106 54 est
1726 2562 137 54 super
1817 2562 122 54 omne
1878 2562 243 54 praedicamentum

1221 2605 786 88 ARTICVLVS
1825 2605 363 88 II
1946 2605 181 88 M

1362 2679 185 53 Vtrum
1486 2679 164 53 Deus
1589 2679 144 53 sit
1671 2679 308 53 nominabilis
1897 2679 226 53 plaribus.

1562 2719 222 60 nominibus

1330 2796 190 60 VANTVM
1463 2796 114 60 ad
1520 2796 247 60 secundum,
1710 2796 171 60 vtrum
1825 2796 152 60 Deus
1920 2796 133 60 sit
1977 2796 133 60 nomi

1267 2801 214 92 nabilis
1423 2801 233 92 pluribus
1598 2801 272 92 nominibus,
1812 2801 175 92 dico,
1928 2801 156 92 quod
2006 2801 117 92 Deum

1258 2881 205 41 possumus
1412 2881 205 41 nominare
1565 2881 205 41 pluribus
1702 2881 188 41 nominibus

1257 2924 89 47 1
1293 2924 142 47 Quia
1382 2924 107 47 eo
1435 2924 160 47 modo,
1542 2924 125 47 quo
1613 2924 196 47 aliquid
1756 2924 303 47 intelligimus,
1987 2924 125 47 ipsum

1263 2960 175 56 ossumus
1390 2960 254 56 significare,
1596 2960 111 56 sed
1660 2960 127 56 Deum
1739 2960 206 56 contingit
1898 2960 111 56 nos
1945 2960 175 56 multipli-

1260 2995 119 56 iter
1334 2995 237 56 intelligere,
1527 2995 119 56 ergo
1601 2995 178 56 possumus
1735 2995 89 56 ei
1779 2995 163 56 diuersa
1898 2995 148 56 nomina
1987 2995 133 56 signifi

1246 3042 161 41 catiua
1358 3042 209 41 imponere.
1519 3042 177 41 Minorem
1647 3042 161 41 probo;
1760 3042 209 41 possumus:
1920 3042 96 41 ni
1968 3042 128 41 Deum
2033 3042 80 41 im-

1245 3078 179 43 telligere
1383 3078 82 43 ex
1424 3078 192 43 creaturis:
1575 3078 110 43 quia
1644 3078 206 43 inuisibilia
1809 3078 96 43 pei
1864 3078 96 43 per
1919 3078 96 43 ea,
1974 3078 110 43 quae
2029 3078 96 43 facta

1260 3112 127 61 unt,
1339 3112 222 61 intellecta
1514 3112 269 61 conspiciuntur
1735 3112 206 61 Huiusmodi
1894 3112 143 61 autem
1973 3112 158 61 notitram
