2382 3545
453 255 178 64 Secunda
583 255 146 64 tamen
680 255 162 64 opinio
793 255 97 64 in
842 255 146 64 illo,
939 255 130 64 quod
1020 255 162 64 vltimo
1118 255 162 64 adiungit

415 312 144 45 falsum
515 312 172 45 assumit,
645 312 101 45 cum
702 312 115 45 ait,
774 312 101 45 nos
831 312 101 45 non
889 312 216 45 intelligere
1061 312 216 45 substantiam
1220 312 57 45 pa

416 346 125 49 nis,
495 346 110 49 aut
557 346 203 49 ceterarum
714 346 141 49 rerum
808 346 250 49 corporalium.
1011 346 110 49 Nec
1074 346 188 49 probatio
1199 346 78 49 va-

417 381 107 57 let
478 381 122 57 quam
554 381 168 57 adducit
676 381 92 57 de
722 381 214 57 sacramento
890 381 183 57 altaris,
1028 381 122 57 quia
1089 381 183 57 cognoscere

425 421 213 50 praesentiam,
598 421 93 50 vel
651 421 173 50 absentiam
784 421 107 50 rei,
851 421 120 50 siue,
931 421 93 50 rem
984 421 200 50 substantiam
1144 421 93 50 rei
1184 421 80 50 essi

424 458 109 53 hic,
493 458 68 53 &
520 458 123 53 nunc,
602 458 96 53 non
657 458 150 53 spectat
766 458 82 53 ad
807 458 150 53 notitia
917 458 232 53 abstractiuam,
1108 458 96 53 sed
1149 458 123 53 intuiti

423 509 118 43 uam,
497 509 132 43 sicut
585 509 132 43 etiam
674 509 118 43 ille
747 509 147 43 Doctor
850 509 132 43 cuius
938 509 103 43 est
997 509 147 43 opinio
1100 509 162 43 secunda
1203 509 74 43 ha-

417 538 103 53 bet
476 538 147 53 dicere
579 538 132 53 iuxta
668 538 103 53 sua
726 538 206 53 principia,
888 538 103 53 sed
947 538 221 53 quidditates
1124 538 132 53 rerum
1197 538 74 53 na-

423 574 187 55 turalium
564 574 109 55 non
626 574 234 55 cognoscimus
813 574 218 55 cognitione
984 574 218 55 intuitiua:
1156 574 109 55 sed
1203 574 62 55 ab

415 619 199 53 stractiua,
571 619 114 53 quae
642 619 142 53 quidem
742 619 156 53 notitia
856 619 185 53 abstrahit
998 619 71 53 a
1026 619 199 53 presentia,
1183 619 71 53 &
1197 619 71 53 ab-

420 652 156 61 sentia
530 652 94 61 ab
577 652 110 61 hic
639 652 78 61 &
671 652 141 61 nunc,
765 652 78 61 &
796 652 125 61 ideo
874 652 172 61 quamuis
999 652 125 61 vere
1062 652 219 61 intelligamus

416 693 239 52 quidditatem
607 693 159 52 panis,
719 693 112 52 non
783 693 143 52 tamen
878 693 191 52 possumus
1022 693 223 52 cognoscere
1181 693 96 52 nisi

413 731 205 54 inquantum
571 731 126 54 fide
650 731 189 54 tenemus,
792 731 142 54 quauo
887 731 158 54 adsit,
997 731 110 54 vel
1060 731 142 54 absit
1155 731 110 54 sub
1202 731 79 54 sa-

419 780 192 52 cramento
547 780 160 52 altaris.

529 857 566 80 ARTICVLVS
920 857 261 80 IIII

420 938 157 78 Vtrum
524 938 140 78 Haec
612 938 280 78 attributalia
839 938 105 78 de
891 938 122 78 Deo
961 938 210 78 dicantur
1101 938 175 78 proprie,

570 1002 86 58 &
604 1002 207 58 secundum
760 1002 242 58 distinctas
932 1002 190 58 rationes.

426 1085 197 66 SVANTVM
570 1085 108 66 ad
623 1085 197 66 quartum
767 1085 269 66 principale,
982 1085 161 66 vtrum
1090 1085 179 66 nomina
1197 1085 72 66 al

472 1125 250 53 Atributalia
672 1125 100 53 de
723 1125 117 53 Deo
789 1125 200 53 dicantur
939 1125 200 53 proprie,
1090 1125 83 53 &
1106 1125 167 53 secundum

419 1167 202 53 distinctas
577 1167 187 53 rationes;
721 1167 101 53 est
779 1167 231 53 aduertendum,
966 1167 130 53 quod,
1052 1167 86 53 vt
1096 1167 173 53 videtur,
1211 1167 72 53 duo

413 1211 156 52 ibi
480 1211 289 52 nquiruntur.

457 1224 171 73 Primo,
577 1224 154 73 vtrum
680 1224 171 73 nomina
799 1224 274 73 attributalia
1022 1224 188 73 proprie
1159 1224 103 73 de
1193 1224 86 73 Deo

405 1288 171 52 dicantur.

450 1320 216 48 Secundo,
612 1320 162 48 vtrum
720 1320 216 48 secundum
881 1320 252 48 distinctas
1061 1320 198 48 rationes.

471 1362 181 56 uantum
597 1362 108 56 ad
652 1362 181 56 primum
778 1362 163 56 dico,
887 1362 145 56 quod
977 1362 199 56 quantum
1121 1362 108 56 ad
1158 1362 108 56 modi

422 1401 260 58 significandi,
636 1401 107 58 qui
697 1401 199 58 consurgit
850 1401 92 58 ex
896 1401 122 58 modo
973 1401 153 58 nostro
1065 1401 214 58 intelligendi

419 1441 111 53 qui
483 1441 175 53 propter
610 1441 111 53 sui
673 1441 286 53 imperfectionem
911 1441 254 53 transcendere
1117 1441 111 53 non
1165 1441 111 53 valet

415 1488 171 38 naturam
540 1488 140 38 rerum
633 1488 218 38 creatarum,
805 1488 125 38 tunc
883 1488 140 38 talia
976 1488 280 38 impropriissime
1194 1488 78 38 di-

422 1516 163 50 cuntur
536 1516 98 50 de
584 1516 130 50 Deo:
666 1516 130 50 quia
747 1516 195 50 secundum
893 1516 179 50 nostrum
1023 1516 146 50 modum
1104 1516 163 50 intelli-

421 1557 149 57 gendi
521 1557 165 57 nomina
636 1557 231 57 attributis
818 1557 215 57 imponimus
983 1557 149 57 penes
1065 1557 215 57 cognitionem

423 1601 115 55 quam
494 1601 86 55 de
538 1601 144 55 ipsis,
638 1601 86 55 vt
681 1601 115 55 sunt
753 1601 86 55 in
796 1601 201 55 creaturis,
954 1601 201 55 accipimus.
1112 1601 129 55 Modus
1184 1601 86 55 enim

425 1634 233 50 mtelligendi
612 1634 186 50 sequitur
752 1634 140 50 modum
845 1634 186 50 essendi;
985 1634 78 50 &
1016 1634 140 50 modus
1094 1634 186 50 significam

425 1672 89 48 di
470 1672 134 48 modum
559 1672 252 48 intelligendi,
766 1672 74 48 &
796 1672 134 48 ideo,
885 1672 89 48 vt
930 1672 148 48 habent
1034 1672 119 48 esse
1108 1672 89 48 in
1137 1672 134 48 creatu-

420 1718 105 47 ris
480 1718 135 47 nobis
570 1718 150 47 notis,
675 1718 105 47 sic
735 1718 135 47 modum
825 1718 240 47 significandi
1019 1718 75 47 t
1049 1718 150 47 alibus
1139 1718 135 47 nomini-

419 1763 108 44 bus
480 1763 246 44 attribuimus,
680 1763 108 44 Sed
741 1763 169 44 quantum
864 1763 92 44 ad
910 1763 108 44 rem
972 1763 246 44 significatam
1156 1763 108 44 tant,

415 1798 145 43 magis
512 1798 194 43 propriae
657 1798 145 43 talia
754 1798 162 43 nomina
867 1798 194 43 dicuntur
1013 1798 97 43 de
1061 1798 129 43 Deo,
1142 1798 129 43 quam
1206 1798 65 43 de

417 1837 201 52 ereaturis,
574 1837 143 52 quanto
674 1837 201 52 sapientia,
832 1837 72 52 &
861 1837 143 52 cetera
961 1837 186 52 attributa
1104 1837 172 52 veriori,
1233 1837 72 52 &

418 1879 190 43 realiori
561 1879 127 43 modo
640 1879 158 43 habent
751 1879 127 43 esse
830 1879 95 43 in
878 1879 127 43 Deo,
957 1879 127 43 quam
1036 1879 95 43 in
1068 1879 190 43 creaturis.

415 1915 122 45 Quo
484 1915 105 45 ad
537 1915 210 45 secundum
694 1915 157 45 dico,
799 1915 140 45 quod
886 1915 210 45 dicuntur
1043 1915 105 45 de
1095 1915 122 45 Deo
1148 1915 122 45 secun

409 1957 109 42 dum
472 1957 219 42 distinctas
644 1957 203 42 rationes;
800 1957 250 42 distinctione
1003 1957 141 42 tamen
1096 1957 156 42 sumpta
1190 1957 78 42 por

410 1988 264 53 comparationem
628 1988 93 53 ad
675 1988 156 53 extra,
784 1988 78 53 &
815 1988 109 53 non
877 1988 93 53 ab
924 1988 156 53 intra,
1033 1988 93 53 vr
1079 1988 156 53 patuit
1173 1988 93 53 supo

417 2029 108 49 rius
484 2029 229 49 distinctione.
659 2029 54 49 9.

457 2060 102 54 Ad
508 2060 237 54 argumentum
694 2060 237 54 principale
880 2060 220 54 dicendum,
1050 2060 135 54 quod
1118 2060 152 54 quamuis

423 2106 123 52 Deus
499 2106 108 52 sit
561 2106 246 52 innarrabilis
761 2106 77 52 a
792 2106 169 52 viatore
914 2106 215 52 narratione
1068 2106 200 52 simpliciter

424 2148 195 49 perfecta,
574 2148 105 49 est
634 2148 135 49 tamen
724 2148 150 49 aliquo
829 2148 120 49 modo
903 2148 90 49 ab
948 2148 90 49 eo
993 2148 225 49 narrabilis,
1173 2148 75 49 &
1188 2148 75 49 per

417 2188 230 53 consequens
597 2188 164 53 aliquo
713 2188 132 53 modo
795 2188 263 53 nominabilis.

511 2302 520 80 DISTINCTIO
882 2302 260 80 SxIII

412 2387 178 82 Aperta,
541 2387 81 82 &
573 2387 113 82 non
638 2387 178 82 obscura
767 2387 178 82 diuisio
896 2387 226 82 praesentis
1074 2387 226 82 distincto

474 2465 144 48 uis,
564 2465 90 48 n
600 2465 126 48 qua
672 2465 288 48 peculiariter
905 2465 180 48 agitur
1031 2465 108 48 de
1067 2465 198 48 nomimibus

521 2501 201 77 onitatem
672 2501 184 77 diuinae
806 2501 235 77 essentiae,
974 2501 201 77 personarum

607 2557 239 70 trinitatem
778 2557 290 70 significantibus

748 2648 261 49 R2eDICTIS
949 2648 281 49 adiicendum
1150 2648 120 49 est.

758 2694 195 51 postquam
904 2694 195 51 magister
1034 2694 228 51 determinauis

766 2732 91 49 de
811 2732 198 49 nominibus
964 2732 167 49 diuinis
1085 2732 91 49 in
1116 2732 152 49 generali

774 2769 96 55 nic
829 2769 205 55 prosequitur
993 2769 82 55 de
1034 2769 96 55 eis
1089 2769 82 55 in
1116 2769 151 55 speciali;

766 2806 77 58 &
796 2806 200 58 diuiditur
950 2806 92 58 in
997 2806 123 58 duas
1074 2806 169 58 partes:
1182 2806 92 58 quia

762 2847 135 53 primo
852 2847 135 53 speci
942 2847 150 53 aliter
1046 2847 165 53 tractat
1166 2847 90 53 de
1196 2847 75 53 hoc

762 2887 160 54 nomine
874 2887 192 54 persona;
1018 2887 176 54 Secundo
1130 2887 128 54 osten-

745 2926 127 52 dit
818 2926 200 52 quomodo
963 2926 182 52 nomina
1072 2926 200 52 numeralia

411 2975 79 42 &
443 2975 158 42 nomina
553 2975 268 42 distinctionem
774 2975 268 42 significantia
994 2975 268 42 transferuntur
1199 2975 63 42 ad

416 3005 153 52 diuina,
527 3005 153 52 distin.
639 3005 84 52 24
681 3005 111 52 ibi,
750 3005 97 52 Hic
806 3005 195 52 diligenter
959 3005 153 52 inquiri
1070 3005 167 52 oportet.
1182 3005 84 52 Quam

420 3049 111 48 tum
484 3049 95 48 ad
531 3049 159 48 primum
642 3049 111 48 est
706 3049 254 48 aduertendum,
913 3049 127 48 quod
992 3049 191 48 magister
1135 3049 95 48 in
1167 3049 95 48 pre-

406 3086 163 60 cedenti
525 3086 134 60 dist.
614 3086 163 60 dixerat
733 3086 134 60 omnia
822 3086 149 60 nomina
926 3086 89 60 in
971 3086 163 60 diuinis
1075 3086 193 60 substantiam

1303 246 172 62 signific
1432 246 129 62 antia
1518 246 86 62 de
1561 246 172 62 qualibet
1691 246 144 62 diuina
1791 246 158 62 persona
1906 246 115 62 dici
1964 246 201 62 singulariter

1310 303 79 43 &
1342 303 95 43 de
1389 303 174 43 omnibus
1516 303 111 43 non
1579 303 237 43 pluraliter.
1769 303 95 43 Et
1817 303 127 43 quia
1896 303 111 43 hoc
1959 303 142 43 nomen
2038 303 127 43 perso-

1323 345 73 45 a
1353 345 160 45 videtur
1469 345 218 45 significare
1644 345 233 45 substantiam,
1833 345 73 45 &
1862 345 131 45 tamen
1950 345 87 45 de
1993 345 146 45 patre,
2095 345 73 45 &
2110 345 58 45 fi

1306 383 117 46 lio,
1379 383 73 46 &
1409 383 161 46 spiritu
1526 383 161 46 sancto,
1643 383 132 46 simul
1730 383 102 46 non
1789 383 219 46 praedicatur
1950 383 219 46 singulariter;

1303 421 100 44 sed
1360 421 215 44 pluraliter,
1532 421 115 44 ideo
1604 421 72 44 a
1632 421 172 44 predicta
1762 421 143 44 regula
1862 421 172 44 magister
1991 421 158 44 excipit
2091 421 72 44 hoc

1317 468 145 40 nomen
1414 468 210 40 personam,
1575 468 81 40 &
1607 468 210 40 diuiditur
1769 468 97 40 in
1817 468 129 40 duas
1898 468 178 40 partes,
2011 468 145 40 secundu

1308 499 131 49 quod
1389 499 147 49 primo
1487 499 147 49 facit
1585 499 212 49 huiusmodi
1748 499 261 49 exceptionem,
1960 499 179 49 Secundo
2074 499 82 49 di-

1314 536 149 50 ctorum
1418 536 149 50 suorum
1522 536 134 50 facit
1612 536 104 50 rec
1671 536 253 50 apitulationem
1879 536 119 50 ibi,
1954 536 104 50 lam
1998 536 164 50 sufficien

1308 578 124 47 ter.
1386 578 140 47 Prima
1479 578 93 47 in
1526 578 140 47 duas:
1619 578 124 47 quia
1696 578 140 47 primo
1790 578 171 47 ponitur
1914 578 202 47 huiusmodi
2053 578 109 47 exce-

1330 614 118 55 tio.
1404 614 162 55 Secundo
1522 614 162 55 mouetur
1640 614 133 55 circa
1729 614 103 55 hoc
1788 614 133 55 satis
1876 614 148 55 vtilis
1979 614 177 55 quaestio
2097 614 74 55 ibi

1299 656 132 44 ldeo
1382 656 165 44 oritur
1498 656 99 44 &c
1547 656 99 44 Et
1597 656 132 44 haec
1680 656 99 44 in
1729 656 149 44 duas,
1828 656 198 44 secundum
1977 656 132 44 quod
2043 656 116 44 primo

1310 696 135 51 mouet
1400 696 239 51 quaestionem.
1594 696 164 51 Secundo
1714 696 90 51 ex
1758 696 149 51 dictis
1863 696 164 51 August.
1983 696 149 51 innuit
2072 696 90 51 res-

1319 731 213 52 ponsionem
1483 731 131 52 ibi,
1565 731 131 52 Quam
1647 731 230 52 questionem
1828 731 131 52 Aug.
1910 731 246 52 diligenter;
2090 731 66 52 Ei

1307 773 119 42 haec
1382 773 89 42 in
1426 773 134 42 duas,
1516 773 179 42 secundum
1650 773 119 42 quod
1725 773 134 42 primo
1814 773 134 42 ponit
1904 773 209 42 praedictae
2053 773 104 42 quae-

1303 813 183 43 stionis
1437 813 283 43 responsionem.
1670 813 183 43 Secundo
1803 813 200 43 ostendit
1953 813 100 43 ex
1986 813 183 43 huiusmodi

1303 861 222 40 responsione
1481 861 133 40 oriri
1570 861 133 40 aliam
1659 861 237 40 quaestionem,
1851 861 118 40 ibi,
1925 861 104 40 Sed
1984 861 104 40 hic
2029 861 133 40 quaeri-

1307 890 119 47 tur;
1382 890 75 47 &
1411 890 119 47 haec
1486 890 89 47 in
1531 890 134 47 duas,
1620 890 119 47 quia
1695 890 134 47 primo
1784 890 134 47 mouet
1874 890 224 47 quaestionem
2053 890 89 47 de
2082 890 75 47 ter

1317 935 138 47 minis
1409 935 168 47 sumptis
1531 935 92 47 in
1577 935 199 47 concreto.
1730 935 168 47 Secundo
1853 935 92 47 de
1899 935 184 47 terminis
2021 935 138 47 sumptis

1310 971 89 56 in
1355 971 194 56 abstracto
1504 971 119 56 ibi,
1578 971 134 56 verum
1668 971 74 56 &
1697 971 104 56 hic
1757 971 134 56 alia;
1846 971 179 56 Quelibet
1980 971 164 56 istarum
2085 971 74 56 po-

1312 1018 121 47 test
1388 1018 152 47 diuidi
1494 1018 91 47 in
1539 1018 227 47 quaestionem
1721 1018 76 47 &
1752 1018 258 47 responsionem,
1964 1018 76 47 &
1994 1018 152 47 partes
2085 1018 76 47 pa-

1308 1052 125 56 tent.
1392 1052 98 56 Hic
1434 1052 125 56 quaero.

1195 1120 539 89 Qastio

1452 1204 103 81 An
1503 1204 189 81 persona
1641 1204 103 81 in
1692 1204 189 81 diuinis
1812 1204 206 81 pluraliter

1604 1277 236 60 praedicetur.

1499 1672 152 56 TRVM
1594 1672 133 56 Hoc
1670 1672 170 56 nomen
1783 1672 208 56 persona
1916 1672 246 56 praedicetur

1556 1716 220 60 pluraliter
1729 1716 94 60 in
1777 1716 173 60 diuinis
1903 1716 110 60 :Et
1966 1716 173 60 videtur
2092 1716 126 60 quod

1560 1756 119 48 non,
1635 1756 119 48 quia
1709 1756 179 48 secundum
1844 1756 164 48 Augili.
1963 1756 90 48 5.
2008 1756 90 48 de
2053 1756 119 48 tri.
2127 1756 75 48 &
2142 1756 45 48 t

1555 1794 96 49 li.
1610 1794 82 49 8.
1651 1794 165 49 quicquid
1775 1794 82 49 in
1816 1794 151 49 diuinis
1925 1794 82 49 ad
1967 1794 82 49 se
2008 1794 165 49 dicitur,
2117 1794 69 49 de-

1559 1840 184 47 qualibet
1696 1840 168 47 persona
1819 1840 199 47 profertur
1957 1840 230 47 singularitert

1563 1870 80 52 &
1595 1870 96 52 de
1643 1870 176 52 omnibus
1771 1870 112 52 non
1835 1870 240 52 pluraliter,
2026 1870 112 52 sed
2074 1870 112 52 secuo

1313 1924 102 37 dum
1372 1924 145 37 eundem
1473 1924 160 37 August.
1590 1924 87 37 5.
1633 1924 87 37 de
1677 1924 102 37 tri
1735 1924 160 37 persona
1852 1924 87 37 ad
1895 1924 87 37 se
1939 1924 175 37 dicitur,
2070 1924 131 37 sicut
2142 1924 44 37 t

1303 1951 95 73 ad
1351 1951 95 73 se
1398 1951 174 73 dicitur
1525 1951 127 73 Deus
1604 1951 158 73 bonus,
1715 1951 174 73 magnus,
1841 1951 79 73 &
1873 1951 158 73 cetera
1968 1951 190 73 huiusmodi.

1335 1990 162 50 Contra,
1453 1990 118 50 fide
1527 1990 192 50 catholica
1675 1990 162 50 tenemus
1793 1990 89 50 in
1837 1990 162 50 diuinis
1955 1990 118 50 tres
2029 1990 118 50 esse
2088 1990 74 50 per

1297 2028 166 53 sonas,
1413 2028 83 53 &
1447 2028 133 53 vnam
1529 2028 182 53 diuinam
1662 2028 232 53 essentiam.
1844 2028 116 53 Hic
1910 2028 149 53 primo
1993 2028 166 53 videndum

1305 2067 108 53 est
1366 2067 93 53 de
1413 2067 108 53 hoc
1475 2067 155 53 nomine
1583 2067 170 53 persona
1707 2067 186 53 secundum
1846 2067 108 53 se,
1908 2067 139 53 vtrum
2000 2067 108 53 sit
2047 2067 108 53 nomen

1315 2105 147 49 primae
1418 2105 235 49 intentionis,
1610 2105 103 49 vel
1668 2105 177 49 secundae
1801 2105 177 49 Secundo,
1933 2105 132 49 dato,
2022 2105 118 49 quod
2080 2105 74 49 sit

1312 2146 137 49 nomen
1403 2146 152 49 primae
1509 2146 243 49 intentionis,
1707 2146 137 49 vtrum
1798 2146 213 49 reperiatur
1965 2146 91 49 in
2010 2146 182 49 diuinis,

1354 2183 156 53 Tertio,
1467 2183 128 53 vtrum
1553 2183 85 53 in
1595 2183 156 53 diuinis
1709 2183 199 53 significet
1865 2183 227 53 substantiam,
2049 2183 99 53 vel
2092 2183 71 53 re-

1299 2226 201 72 lationem.
1453 2226 93 72 Et
1499 2226 154 72 quarto
1607 2226 93 72 de
1653 2226 108 72 eo,
1715 2226 123 72 quod
1777 2226 185 72 quaeritur.

1184 2301 779 90 RESOLVTLO.

1297 2376 167 79 Personam
1423 2376 112 79 esse
1492 2376 126 79 nomen
1576 2376 140 79 primae
1674 2376 223 79 intentionis,
1855 2376 195 79 proprieque
2009 2376 84 79 in
2036 2376 126 79 diuinis

1333 2448 170 53 Ttperiri
1460 2448 212 53 declaratur,
1630 2448 113 53 quae
1700 2448 155 53 quamuis
1813 2448 170 53 absolute
1940 2448 141 53 sumpta
2039 2448 99 53 rem
2082 2448 57 53 im

1327 2482 137 61 portet
1423 2482 191 61 absolutam,
1573 2482 191 61 veruntamen
1723 2482 82 61 vt
1764 2482 150 61 persona
1873 2482 137 61 diuina
1969 2482 177 61 praecipue
2092 2482 68 61 rel

1330 2510 137 70 pectum
1426 2510 206 70 significat,
1591 2510 82 70 ex
1632 2510 96 70 quo
1687 2510 124 70 ipsam
1770 2510 82 70 in
1811 2510 151 70 diuinis
1921 2510 206 70 plurificari
2072 2510 82 70 con

1301 2572 180 53 cluditur.

1408 2652 631 59 ARTICVL
1809 2652 344 59 VISI

1349 2741 167 66 Vtrum
1461 2741 130 66 Hoc
1535 2741 167 66 nomen
1647 2741 204 66 persona
1796 2741 130 66 sit
1870 2741 167 66 nomen
1963 2741 130 66 prima

1521 2784 244 62 intentionis,
1719 2784 107 62 vel
1765 2784 168 62 secundae.

1371 2859 185 73 VANTVM
1500 2859 111 73 ad
1555 2859 203 73 primum,
1703 2859 166 73 vtrum
1814 2859 129 73 hoc
1888 2859 166 73 nomen
1981 2859 166 73 perfoni

1361 2908 75 64 I
1391 2908 106 64 sit
1451 2908 136 64 nomen
1542 2908 151 64 primae
1648 2908 242 64 intentionis,
1844 2908 106 64 vel
1904 2908 196 64 secundae,
2040 2908 121 64 dicen-

1294 2960 137 55 dum,
1380 2960 137 55 quod
1466 2960 120 55 hoc
1534 2960 172 55 nonien
1655 2960 189 55 persona
1792 2960 120 55 est
1861 2960 155 55 nomen
1964 2960 172 55 primae
2067 2960 86 55 in

1274 3006 183 46 tentionis

1310 3025 79 59 1
1342 3025 126 59 Quia
1420 3025 141 59 illud
1515 3025 141 59 nomen
1609 3025 110 59 est
1672 3025 157 59 primae
1782 3025 251 59 intentionis,
1986 3025 110 59 cui
2049 3025 110 59 pro
2096 3025 63 59 im

1291 3069 174 70 mediato
1418 3069 237 70 significato
1607 3069 206 70 respondet
1766 3069 142 70 verum
1861 3069 111 70 ens
1924 3069 142 70 reale
2019 3069 95 70 in
2050 3069 111 70 depen
