2395 3526
584 281 538 77 RESOLVTI
943 281 179 77 O.

418 376 129 77 Vnum,
504 376 115 77 quod
576 376 101 77 est
633 376 201 77 principium
791 376 158 77 numeri.
906 376 115 77 quid
978 376 201 77 possitntum
1122 376 158 77 importat.

457 434 116 54 Vnum
529 434 145 54 autem,
630 434 116 54 quod
702 434 217 54 conuertitur
876 434 101 54 cum
934 434 116 54 ente
1006 434 130 54 sonat
1079 434 203 54 priuationem.

454 472 110 54 vnde
523 472 96 54 cum
578 472 96 54 mat
633 472 110 54 eria
702 472 179 54 numerorum
839 472 110 54 sint
908 472 96 54 ves
963 472 192 54 numeratae,
1114 472 137 54 formae
1197 472 82 54 sani

461 514 168 51 numerosit
591 514 104 51 ates
655 514 168 51 nuncupari
785 514 155 51 possunt.
901 514 78 51 Ex
940 514 78 51 us
979 514 130 51 igitur
1070 514 142 51 facilae
1160 514 117 51 conclu-

460 555 137 53 ditur,
556 555 110 53 haud
625 555 151 53 proprie
734 555 151 53 numeram
844 555 82 53 in
885 555 151 53 diuinis
981 555 151 53 reperiri.

511 672 690 83 ARTICVLVS
989 672 159 83 I

519 787 108 95 De
573 787 144 95 ipsa
663 787 216 95 vnitate,
825 787 126 95 qua
896 787 126 95 ext
950 787 216 95 principium

745 865 193 51 numeri.

409 946 210 78 SVANTVM
562 946 115 78 ad
619 946 210 78 prinium
772 946 153 78 sunt
868 946 134 78 duo
944 946 229 78 videnda:
1116 946 172 78 Primo
1212 946 76 78 nm

506 992 179 52 videndum
640 992 119 52 est,
715 992 119 52 quae
790 992 104 52 sit
849 992 224 52 differentia
1028 992 134 52 inter
1118 992 134 52 vnum,
1192 992 90 52 quod

435 1033 108 47 est
496 1033 200 47 principit
650 1033 169 47 Aumeri,
773 1033 77 47 &
804 1033 108 47 vnt
865 1033 123 47 quod
942 1033 231 47 conuertitur
1126 1033 108 47 cum
1172 1033 108 47 ente,

421 1069 192 47 Secundo,
565 1069 144 47 vtrum
661 1069 144 47 unum,
757 1069 128 47 quod
837 1069 112 47 est
902 1069 224 47 principium
1078 1069 176 47 numeri,
1190 1069 96 47 ali-

414 1113 135 53 quid
498 1113 152 53 addat
599 1113 152 53 super
700 1113 152 53 vnum,
801 1113 135 53 quod
886 1113 253 53 conuertitur
1088 1113 118 53 cum
1138 1113 118 53 ente.

456 1145 167 63 Quantum
577 1145 91 63 ad
623 1145 152 63 primum
729 1145 137 63 dico,
820 1145 121 63 quod
896 1145 197 63 differunt
1047 1145 137 63 ficut
1123 1145 152 63 posituum

419 1180 82 56 &
451 1180 246 56 priuatiuum:
649 1180 131 56 quia
731 1180 148 56 vnum,
829 1180 131 56 quod
912 1180 246 56 conuertitur
1109 1180 115 56 cum
1158 1180 115 56 ente,

422 1224 107 53 est
483 1224 122 53 quid
559 1224 213 53 priuatiuum
726 1224 183 53 secundum
863 1224 122 53 suum
939 1224 167 53 formale
1046 1224 228 53 significatum;

418 1264 137 51 eademi
514 1264 109 51 enim
582 1264 109 51 res,
651 1264 82 51 vt
692 1264 96 51 est
746 1264 150 51 aliquid
856 1264 82 51 in
896 1264 150 51 seipsa,
1006 1264 150 51 dicitur
1115 1264 109 51 ens;
1183 1264 96 51 sed
1224 1264 55 51 vt

427 1310 94 45 est
480 1310 67 45 a
507 1310 134 45 seipsa
601 1310 174 45 indiuisa,
735 1310 94 45 sic
788 1310 147 45 dicitur
882 1310 67 45 una

458 1341 125 54 Vnum
537 1341 156 54 autem,
646 1341 125 54 quod
724 1341 109 54 est
787 1341 219 54 principium
958 1341 172 54 numeri,
1083 1341 109 54 est
1146 1341 125 54 quid
1208 1341 63 54 po

423 1379 178 56 sitiuum,
557 1379 89 56 eo
601 1379 119 56 quod
675 1379 208 56 constituat
839 1379 163 56 speciem
957 1379 193 56 discretae
1091 1379 193 56 quantitatis

426 1423 112 59 quae
496 1423 98 59 est
552 1423 112 59 vere
622 1423 154 59 aliquid
735 1423 196 59 positiuum.
889 1423 84 59 Et
931 1423 112 59 illa
1001 1423 154 59 videtur
1114 1423 112 59 esse
1170 1423 98 59 inter

426 1463 104 49 tio
486 1463 149 49 Arist.
590 1463 89 49 10
634 1463 149 49 metaph
739 1463 104 49 vbi
798 1463 134 49 vult,
887 1463 119 49 quod
962 1463 134 49 vnum,
1051 1463 119 49 quod
1125 1463 104 49 est
1170 1463 104 49 prin-

419 1501 160 47 cipium
531 1501 176 47 numeri;
658 1501 208 47 opponitur
818 1501 176 47 numero,
946 1501 144 47 sicut
1042 1501 176 47 mensura
1153 1501 112 47 mensi

419 1543 147 53 rato;
517 1543 131 53 vnum
599 1543 164 53 autem,
713 1543 131 53 quod
795 1543 245 53 conuertitur
991 1543 114 53 cum
1056 1543 131 53 ente
1122 1543 147 53 opponit

415 1576 98 51 tur
471 1576 224 51 multitudini,
653 1576 126 51 sicut
737 1576 224 51 indiuisibile
918 1576 210 51 diuisibili.

452 1624 89 51 Ex
497 1624 104 51 hoc
556 1624 134 51 etiam
645 1624 148 51 patet,
749 1624 119 51 quod
823 1624 134 51 vnum,
912 1624 119 51 quod
986 1624 104 51 est
1046 1624 208 51 principium
1194 1624 74 51 nus

420 1653 143 51 meri,
515 1653 159 51 aliquo
627 1653 127 51 modo
706 1653 95 51 se
754 1653 159 51 habet,
865 1653 95 51 vt
913 1653 191 51 inferius
1056 1653 95 51 ad
1103 1653 143 51 vnum,
1183 1653 95 51 quod

423 1694 229 48 conuertitur
606 1694 107 48 cum
667 1694 137 48 ente.
759 1694 92 48 Et
805 1694 122 48 dico
881 1694 153 48 aliquo
988 1694 137 48 modo:
1079 1694 122 48 quia
1141 1694 137 48 positi-

424 1740 103 44 uum
483 1740 103 44 non
542 1740 103 44 est
601 1740 221 44 simpliciter
778 1740 177 44 inferius
911 1740 177 44 respectu
1044 1740 207 44 priuatiui,
1191 1740 74 44 cun

422 1773 124 50 eius
499 1773 278 50 praedicationem
730 1773 185 50 formalem
869 1773 108 50 non
931 1773 154 50 possit
1039 1773 185 50 recipere
1163 1773 108 50 dire-

415 1819 114 45 cte
480 1819 114 45 per
545 1819 98 45 se
594 1819 114 45 Cum
659 1819 130 45 enim
740 1819 146 45 vnum,
838 1819 130 45 quod
919 1819 244 45 conuertitur
1115 1819 114 45 cum
1163 1819 98 45 ente

424 1863 227 36 praedicatur
606 1863 91 36 de
651 1863 151 36 aliquo
757 1863 121 36 ente
833 1863 182 36 posituo,
969 1863 106 36 hoc
1030 1863 106 36 non
1090 1863 106 36 fit
1136 1863 136 36 secudum

425 1894 101 58 que
482 1894 129 58 illud
568 1894 101 58 est
626 1894 187 58 posituum;
769 1894 101 58 sed
827 1894 172 58 secundum
956 1894 115 58 quod
1028 1894 101 58 est
1085 1894 86 58 in
1128 1894 86 58 se
1157 1894 115 58 indiui

419 1930 109 48 um.
482 1930 124 48 Vnde
559 1930 140 48 vnum,
653 1930 124 48 quod
730 1930 109 48 est
792 1930 218 48 principium
963 1930 171 48 numeri,
1088 1930 109 48 est
1134 1930 140 48 directe

413 1976 177 40 inferius
546 1976 88 40 ad
590 1976 133 40 ipsum
679 1976 118 40 ens,
752 1976 103 40 cum
811 1976 103 40 sit
870 1976 118 40 quid
944 1976 192 40 positiuum
1091 1976 74 40 &
1106 1976 162 40 praedica-

412 2011 145 46 tionem
513 2011 131 46 entis
600 2011 160 46 directe
716 2011 189 46 recipiat,
861 2011 174 46 respectu
992 2011 131 46 autem
1079 2011 145 46 illius
1166 2011 102 46 vnius

415 2048 192 45 priuatiui
563 2048 103 45 non
622 2048 103 45 est
681 2048 192 45 inferius,
829 2048 118 45 nisi
903 2048 192 45 inquantum
1050 2048 133 45 illud
1139 2048 118 45 vnum
1198 2048 74 45 est

404 2088 242 54 indifferens
597 2088 97 54 ab
629 2088 97 54 ente

446 2119 133 62 Forte
535 2119 162 62 quaeret
653 2119 162 62 aliquis
771 2119 88 62 ex
815 2119 103 62 qua
874 2119 147 62 radice
977 2119 206 62 innascatur
1139 2119 133 62 illud
1213 2119 59 62 du

421 2165 135 49 ilex
489 2165 101 49 vnum

444 2204 190 50 Reipodeo,
591 2204 117 50 quod
664 2204 161 50 saepius
781 2204 117 50 vnum
854 2204 220 50 oppositorum
1030 2204 220 50 dignoscitur
1191 2204 73 50 por

403 2244 189 44 alterum:
545 2244 79 44 &
576 2244 126 44 ideo
655 2244 94 44 ex
702 2244 173 44 duplici
828 2244 252 44 multitudine,
1032 2244 126 44 quae
1095 2244 173 44 opponitur

412 2282 118 61 ipsi
486 2282 118 61 vni,
560 2282 207 61 cognoscere
722 2282 192 61 poterimus
870 2282 236 61 innascentiam
1062 2282 148 61 illius
1151 2282 118 61 dupli-

402 2326 106 44 cis
462 2326 136 44 vnius
553 2326 106 44 est
614 2326 121 44 enim
690 2326 106 44 vna
750 2326 212 44 multitudo,
917 2326 121 44 quae
992 2326 212 44 inmascitur
1159 2326 91 44 ex
1189 2326 76 44 di-

405 2362 200 52 stinctione
562 2362 128 52 rerum
647 2362 171 52 formali,
776 2362 100 52 qua
833 2362 100 52 res
890 2362 186 52 specifice
1033 2362 257 52 distinguuntur,

404 2408 80 39 &
436 2408 127 39 illa
515 2408 207 39 multitudo
674 2408 207 39 inuenitur
834 2408 95 39 in
881 2408 175 39 omnibus
1009 2408 191 39 entibus,
1152 2408 111 39 tam
1199 2408 64 39 ma

400 2442 218 46 terialibus,
575 2442 87 46 qu
619 2442 276 46 immaterialibus.
852 2442 87 46 Et
895 2442 116 46 ideo
968 2442 131 46 talis
1055 2442 189 46 multitudo
1186 2442 73 46 ess

399 2482 203 44 multitudo
555 2482 265 44 transcendens,
774 2482 78 44 &
805 2482 203 44 similiter
961 2482 140 44 ipsum
1054 2482 140 44 vnum,
1148 2482 109 44 per
1195 2482 62 44 cu

412 2522 89 51 us
457 2522 252 51 replicationem
664 2522 208 51 concipitur
827 2522 133 51 talis
916 2522 193 51 multitudo
1064 2522 104 51 est
1109 2522 148 51 tramscen

400 2557 135 55 dens,
490 2557 75 55 &
520 2557 105 55 cum
580 2557 120 55 ente
654 2557 239 55 conuertitur.
849 2557 90 55 In
894 2557 120 55 tali
969 2557 150 55 namque
1073 2557 165 55 formali
1178 2557 75 55 om-

408 2595 126 49 nium
487 2595 158 49 entium
598 2595 237 49 multitudine
788 2595 206 49 quaelibet
946 2595 111 49 res
1009 2595 111 49 est
1072 2595 111 49 vna
1120 2595 142 49 secudum

408 2634 104 48 se,
467 2634 89 48 eo
512 2634 119 48 quod
586 2634 104 48 non
645 2634 104 48 sit
705 2634 148 48 altera
808 2634 163 48 propter
927 2634 178 48 formalem
1046 2634 208 48 distinctioni

401 2676 105 47 sui
461 2676 90 47 ab
506 2676 166 47 altera.
627 2676 120 47 Alia
702 2676 135 47 autem
792 2676 105 47 est
853 2676 211 47 multitudo,
1018 2676 120 47 quae
1078 2676 181 47 inmalcitur

393 2715 90 43 ex
438 2715 241 43 distinctione
634 2715 211 43 materiali,
800 2715 121 43 puta
875 2715 90 43 ex
920 2715 196 43 diuisione
1071 2715 196 43 continui,
1207 2715 45 43 &

401 2756 135 43 haec
486 2756 220 43 multitudo
655 2756 203 43 secundum
807 2756 135 43 suam
891 2756 203 43 propriam
1043 2756 203 43 rationem
1179 2756 85 43 non

403 2796 205 46 inuenitur,
564 2796 117 46 nisi
638 2796 88 46 in
682 2796 132 46 rebus
770 2796 234 46 materialibus
960 2796 205 46 quantitate
1107 2796 146 46 continus

406 2834 211 45 informatis,
575 2834 98 45 vel
631 2834 84 45 in
673 2834 169 45 partibus
800 2834 211 45 quantitatis
969 2834 183 45 continue:
1109 2834 84 45 vt
1151 2834 113 45 sunt
1208 2834 56 45 ab

406 2875 165 45 inuicem
526 2875 210 45 separatae:
690 2875 75 45 &
720 2875 120 45 haec
795 2875 195 45 multitudo
945 2875 165 45 proprie
1064 2875 165 45 dicitur
1169 2875 90 45 esse

400 2912 182 42 numerus,
536 2912 121 42 quae
612 2912 106 42 est
673 2912 167 42 species
794 2912 197 42 discretae
946 2912 243 42 quantitatis.
1128 2912 137 42 Propter

407 2952 130 51 quod
488 2952 179 51 dicitur
618 2952 98 51 3.
667 2952 244 51 physicorum,
862 2952 130 51 quod
944 2952 179 51 numerus
1074 2952 195 51 causatur
1204 2952 65 51 ex

394 2995 203 44 niuisione
551 2995 203 44 continui,
707 2995 78 44 &
739 2995 141 44 vnum,
833 2995 125 44 quod
911 2995 110 44 est
973 2995 219 44 principium
1130 2995 125 44 illius

401 3029 204 48 humcralis
558 3029 267 48 multitudinis,
778 3029 126 48 siue
857 3029 157 48 ipsius
967 3029 157 48 numeri
1077 3029 173 48 proprie
1187 3029 63 48 di

404 3067 117 56 cti,
478 3067 103 56 est
536 3067 132 56 ipsum
625 3067 206 56 continuum:
786 3067 117 56 quia
860 3067 88 56 vt
904 3067 147 56 dicunt
1006 3067 147 56 aliqui
1094 3067 162 56 sollemnes

1314 224 198 66 doctores,
1466 224 137 66 eadem
1557 224 122 66 res,
1633 224 122 66 puta
1709 224 137 66 eadem
1801 224 243 66 continuitas,
1998 224 91 66 vt
2029 224 152 66 perficie

1307 283 109 52 rem
1370 283 93 52 in
1416 283 109 52 se,
1479 283 109 52 est
1541 283 218 52 principium
1713 283 171 52 numeri,
1837 283 93 52 vt
1884 283 140 52 autem
1977 283 187 52 perficit
2102 283 78 52 cam

1313 321 95 51 in
1361 321 158 51 ordine
1471 321 95 51 ad
1518 321 173 51 partes,
1644 321 173 51 dicitur
1755 321 189 51 continuum.

1344 335 190 70 Quantum
1482 335 104 70 ad
1534 335 207 70 secundum
1689 335 173 70 primi,
1810 335 155 70 vtrum
1913 335 155 70 vnum,
2017 335 138 70 quod
2086 335 86 70 est

1325 399 215 54 principium
1494 399 169 54 numeri,
1617 399 169 54 aliquid
1740 399 139 54 addat
1832 399 139 54 super
1925 399 139 54 vnum,
2017 399 123 54 quod
2079 399 92 54 con-

1320 436 183 52 pertitur
1457 436 107 52 cum
1518 436 137 52 ente:
1609 436 137 52 Patet
1700 436 91 52 ex
1746 436 107 52 iam
1807 436 167 52 dictis,
1929 436 122 52 quod
2005 436 137 52 unum,
2081 436 91 52 quod

1317 477 109 47 est
1379 477 217 47 principium
1549 477 155 47 numeri
1658 477 140 47 super
1751 477 140 47 vnum,
1844 477 124 47 quod
1921 477 233 47 conuertitur
2092 477 78 47 cum

1321 527 152 42 ente,
1422 527 152 42 addit
1523 527 185 42 quendam
1658 527 152 42 modum
1759 527 185 42 essendi
1894 527 202 42 posituum
2028 527 152 42 generit

1286 557 243 49 determinati.

1340 594 114 49 Est
1405 594 146 49 tamen
1502 594 260 49 aduertendum,
1714 594 130 49 quod
1795 594 98 49 in
1844 594 114 49 hac
1909 594 179 49 materia
2039 594 114 49 tam
2088 594 81 49 an-

1313 632 154 49 tiqui,
1420 632 123 49 quam
1497 632 169 49 moderni
1620 632 154 49 varias
1727 632 215 49 sententias
1896 632 246 49 protulerunt.
2081 632 92 49 Aui-

1317 671 115 47 cena
1389 671 115 47 enim
1461 671 101 47 hic
1518 671 202 47 dupliciter
1677 671 173 47 errauit,
1806 671 86 47 vt
1849 671 130 47 patet
1936 671 86 47 ex
1979 671 144 47 dictis
2065 671 101 47 Aueri

1308 711 106 53 42.
1368 711 151 53 metaph
1474 711 136 53 Primo
1564 711 166 53 quidem,
1685 711 121 53 quia
1761 711 151 53 nullam
1866 711 151 53 posuit
1972 711 226 53 distinctio

1309 746 109 49 nem
1372 746 140 49 inter
1465 746 202 49 predictas
1620 746 124 49 duas
1697 746 202 49 vnitates,
1853 746 109 49 nec
1915 746 124 49 vnam
1992 746 140 49 dixit
2070 746 93 49 ali-

1310 790 122 46 quid
1386 790 152 46 addere
1493 790 137 46 iuper
1584 790 183 46 alteram.
1721 790 183 46 Secundo,
1858 790 122 46 quia
1934 790 152 46 vidit,
2041 790 122 46 quod
2102 790 61 46 ip

1314 836 102 43 um
1365 836 153 43 unum,
1467 836 136 43 quod
1551 836 119 43 est
1619 836 237 43 principium
1806 836 187 43 numeri,
1942 836 119 43 est
1992 836 170 43 accideni

1309 867 183 46 quoddam
1442 867 150 46 reale
1542 867 216 46 differens
1708 867 100 46 ab
1758 867 116 46 eo,
1825 867 133 46 quod
1908 867 233 46 denominat:
2074 867 100 46 idec

1306 904 169 49 dixit,
1424 904 135 49 quod
1508 904 152 49 unum,
1610 904 135 49 quod
1694 904 118 49 cum
1761 904 135 49 ente
1846 904 270 49 conuertitur,
2048 904 118 49 addit

1313 948 169 50 aliquid
1436 948 138 50 iuper
1528 948 138 50 ipsum
1620 948 123 50 ens,
1697 948 108 50 eo,
1758 948 123 50 quod
1835 948 184 50 accidens
1973 948 154 50 semper
2065 948 108 50 addit

1310 985 161 50 aliquid
1427 985 132 50 super
1515 985 146 50 illud,
1617 985 132 50 cuius
1705 985 102 50 est
1764 985 190 50 accidens:
1910 985 132 50 alias
1998 985 88 50 si
2041 985 102 50 non
2085 985 88 50 dif-

1319 1028 156 40 errent
1429 1028 141 40 vnum,
1523 1028 78 40 &
1554 1028 125 40 ens,
1632 1028 125 40 tunc
1711 1028 141 40 esset
1804 1028 172 40 nugatio
1930 1028 188 40 dicendo,
2070 1028 110 40 ens
2117 1028 63 40 v-

1313 1064 125 57 num:
1391 1064 125 57 quia
1470 1064 156 57 tantum
1579 1064 187 57 valeret,
1719 1064 94 57 ac
1766 1064 94 57 si
1813 1064 203 57 diceretur
1969 1064 109 57 ens
2031 1064 125 57 ens,
2094 1064 78 57 vel

1315 1101 158 51 vnum
1394 1101 138 51 vnum.

1332 1136 109 51 Sed
1395 1136 125 51 ille
1473 1136 140 51 modus
1566 1136 172 51 dicendi
1691 1136 218 51 refellitur
1863 1136 109 51 per
1925 1136 140 51 Auer.
2018 1136 94 51 4.
2050 1136 140 51 metaph-

1326 1188 110 44 uia
1389 1188 94 44 si
1436 1188 110 44 ens
1499 1188 141 44 esset
1593 1188 126 44 vnum
1672 1188 110 44 per
1735 1188 173 44 aliquid
1860 1188 188 44 additum,
2002 1188 126 44 tunc
2080 1188 94 44 vt
2111 1188 79 44 ait

1317 1221 143 56 Auer.
1412 1221 95 56 si
1460 1221 143 56 illud
1555 1221 175 56 additum
1682 1221 143 56 esset
1777 1221 190 56 aliquid,
1920 1221 79 56 &
1952 1221 111 56 non
2015 1221 143 56 esset
2095 1221 95 56 unum

1307 1260 136 46 tunc
1392 1260 153 46 unum,
1494 1260 136 46 &ens
1579 1260 119 46 non
1647 1260 323 46 conuerterentur.
1918 1260 102 46 Si
1969 1260 153 46 autem
2071 1260 119 46 est
2122 1260 68 46 u-

1312 1295 118 58 num,
1386 1295 104 58 vel
1445 1295 118 58 erit
1519 1295 118 58 vnum
1594 1295 104 58 per
1653 1295 163 58 aliquid
1771 1295 148 58 aliud,
1875 1295 74 58 &
1904 1295 118 58 tunc
1979 1295 118 58 erit
2038 1295 133 58 proces-

1310 1339 108 49 sus
1371 1339 92 49 in
1417 1339 215 49 infinitum,
1586 1339 108 49 vel
1648 1339 108 49 est
1709 1339 123 49 unum
1786 1339 108 49 per
1847 1339 184 49 seipsum,
1986 1339 77 49 &
2016 1339 123 49 tunc
2078 1339 92 49 pari

1304 1383 176 45 ratione
1432 1383 128 45 fuit
1512 1383 176 45 standum
1639 1383 96 45 in
1687 1383 160 45 primo.
1799 1383 96 45 Et
1847 1383 144 45 addit
1943 1383 176 45 Auerro.
2054 1383 112 45 quan-

1306 1415 109 50 tum
1368 1415 93 50 ad
1414 1415 217 50 solutionem
1585 1415 186 50 rationis
1724 1415 217 50 Auicennae,
1895 1415 124 50 quod
1972 1415 171 50 dicendo
2081 1415 78 50 ens

1316 1457 117 45 mum
1383 1457 117 45 non
1450 1457 117 45 est
1516 1457 200 45 nugatio:
1666 1457 133 45 quia
1750 1457 183 45 quamuis
1883 1457 150 45 vnum,
1983 1457 83 45 &
2016 1457 117 45 ens
2083 1457 117 45 non

1309 1498 193 39 diffcrant
1458 1498 193 39 realiter,
1606 1498 104 39 sed
1665 1498 119 39 sint
1740 1498 119 39 idem
1814 1498 104 39 re,
1873 1498 193 39 differunt
2022 1498 134 39 tamen
2096 1498 74 39 ra-

1317 1535 145 46 ione.
1414 1535 145 46 Modus
1510 1535 145 46 etiam
1607 1535 210 46 Auicennae
1768 1535 145 46 patet
1865 1535 129 46 esse
1945 1535 161 46 falsus
2058 1535 97 46 ex
2090 1535 81 46 di-

1308 1572 131 60 ctis
1389 1572 212 60 Aristote.
1553 1572 98 60 in
1602 1572 147 60 eodem
1700 1572 98 60 4.
1749 1572 114 60 Ait
1814 1572 147 60 enim,
1912 1572 131 60 quod
1994 1572 131 60 unum
2076 1572 82 60 &
2092 1572 98 60 ens,

1299 1612 129 49 sunt
1380 1612 129 49 vnum
1460 1612 194 49 secundum
1606 1612 194 49 naturam,
1751 1612 81 49 &
1783 1612 258 49 consequuntur
1993 1612 113 49 se,
2042 1612 113 49 sicus

1319 1650 209 56 rincipium
1480 1650 80 56 &
1496 1650 128 56 causa.

1302 1690 174 49 Dicunt
1424 1690 192 49 insuper
1563 1690 174 49 quidam
1685 1690 209 49 moderni;
1842 1690 139 49 quod
1929 1690 157 49 vnum,
2033 1690 139 49 quod
2103 1690 87 49 est

1303 1731 221 49 principium
1477 1731 174 49 numeri,
1604 1731 142 49 addit
1698 1731 142 49 super
1793 1731 142 49 vnum,
1888 1731 126 49 quod
1951 1731 206 49 conuertitur

1299 1769 108 44 cum
1360 1769 138 44 ente,
1452 1769 184 44 rationem
1591 1769 200 44 mensurae:
1744 1769 123 44 quia
1821 1769 123 44 tota
1898 1769 108 44 sua
1959 1769 138 44 ratio
2051 1769 92 44 in
2082 1769 77 44 men

1297 1810 220 48 suratione
1466 1810 237 48 consistit;
1652 1810 203 48 importat
1805 1810 135 48 enim
1889 1810 135 48 tale
1974 1810 152 48 nomen
2058 1810 102 48 unum

1315 1846 137 50 artem
1406 1846 198 50 aliquotam
1559 1846 152 50 totius
1665 1846 198 50 discreti,
1818 1846 137 50 cuius
1909 1846 152 50 partis
2016 1846 137 50 ratio
2092 1846 61 50 in

1300 1895 168 44 ratione
1422 1895 183 44 mensurae
1559 1895 168 44 videtur
1682 1895 229 44 consistere,
1865 1895 76 44 &
1895 1895 153 44 credo,
2002 1895 122 44 quod
2063 1895 92 44 isti

1299 1930 162 49 velint
1412 1930 162 49 dicere
1526 1930 113 49 cum
1591 1930 227 49 philosopho
1769 1930 97 49 in
1818 1930 292 49 philosophicis,
2061 1930 130 49 quod

1306 1968 122 43 pars
1382 1968 183 43 aliquota
1520 1968 168 43 dicitur
1642 1968 137 43 illa,
1733 1968 122 43 quae
1810 1968 229 43 aliquotiens
1993 1968 153 43 sumpta
2085 1968 76 43 ad-

1296 2008 160 46 aequat
1408 2008 128 46 suum
1488 2008 160 46 totum,
1601 2008 80 46 &
1633 2008 112 46 per
1697 2008 225 46 consequens
1873 2008 112 46 est
1937 2008 128 46 apea
2018 2008 128 46 nata
2082 2008 80 46 ip-

1290 2045 124 48 sum
1343 2045 213 48 mensurare.

1330 2074 101 63 Sed
1387 2074 144 63 contra
1488 2074 130 63 illud
1574 2074 144 63 doctor
1675 2074 144 63 noster
1776 2074 86 63 in
1819 2074 101 63 hac
1877 2074 173 63 distinct
1992 2074 158 63 triplici-

1291 2121 104 47 ter
1351 2121 164 47 arouit.
1470 2121 134 47 Primo
1544 2121 75 47 sic

1364 2149 96 60 Ex
1412 2149 209 60 relatione
1573 2149 112 60 non
1637 2149 161 60 potest
1749 2149 209 60 constitui
1910 2149 225 60 absolutum,
2071 2149 80 60 sed

1300 2202 218 47 mensuratio
1472 2202 187 47 importat
1612 2202 234 47 relationem,
1799 2202 125 47 ergo
1877 2202 93 47 si
1923 2202 140 47 ratio
2017 2202 140 47 vnius
2095 2202 62 47 in

1287 2242 251 50 mensuratione
1491 2242 251 50 consisteret,
1696 2242 126 50 tunc
1774 2242 126 50 vnum
1853 2242 157 50 posset
1947 2242 204 50 constituere

1299 2284 181 54 numerum,
1435 2284 106 54 qui
1495 2284 106 54 est
1555 2284 106 54 res
1616 2284 196 54 absoluta,
1767 2284 106 54 cum
1827 2284 106 54 sit
1887 2284 166 54 species
1993 2284 166 54 quantita-

1291 2319 133 50 tis,
1375 2319 133 50 ergo
1441 2319 67 50 &c

1314 2348 82 66 2
1346 2348 229 66 Praeterea,
1526 2348 147 66 nihil
1624 2348 245 66 contrahitur
1821 2348 115 66 sub
1886 2348 164 66 aliquo
1984 2348 164 66 communi,

1295 2403 109 48 nisi
1363 2403 95 48 per
1418 2403 136 48 illud,
1513 2403 109 48 quod
1581 2403 95 48 est
1636 2403 82 48 in
1676 2403 95 48 eo:
1731 2403 95 48 sed
1785 2403 150 48 relatio
1894 2403 163 48 mensurae
2017 2403 122 48 nihil
2085 2403 54 48 po

1284 2447 113 48 nit
1348 2447 97 48 in
1397 2447 129 48 ipsa
1477 2447 193 48 mensura,
1622 2447 113 48 sed
1687 2447 145 48 solum
1783 2447 97 48 in
1832 2447 226 48 mensurato;
2009 2447 129 48 ergo
2073 2447 81 48 per

1295 2481 215 52 nuiusmodi
1461 2481 248 52 relationem,
1660 2481 149 52 vnum,
1759 2481 132 52 quod
1842 2481 116 52 est
1908 2481 232 52 principium
2073 2481 83 52 nu-

1291 2520 138 59 meri,
1383 2520 107 59 non
1444 2520 169 59 poterit
1567 2520 184 59 contrahi
1705 2520 92 59 ad
1751 2520 153 59 certum
1858 2520 153 59 genus,
1966 2520 123 59 puta
2043 2520 92 59 ad
2073 2520 77 59 ge-

1286 2553 103 53 nus
1331 2553 207 53 quantitatis.

1299 2579 78 70 3
1331 2579 217 70 Praeterea,
1501 2579 109 70 per
1563 2579 155 70 illud,
1672 2579 124 70 quod
1750 2579 186 70 inserius
1889 2579 140 70 addit
1982 2579 140 70 super
2060 2579 93 70 suum

1284 2630 199 51 superius,
1437 2630 138 51 ipsum
1529 2630 184 51 inferius
1666 2630 260 51 constituitur,
1881 2630 107 51 sed
1942 2630 107 51 per
1988 2630 153 51 rationem

1288 2680 184 52 mensurae
1426 2680 108 52 non
1487 2680 246 52 constituitur
1687 2680 169 52 aliquid
1810 2680 92 52 de
1856 2680 261 52 praedicamento
2056 2680 92 52 quam

1289 2715 173 42 titatis:
1419 2715 116 42 quia
1491 2715 202 42 mensuratio
1650 2715 101 42 est
1708 2715 159 42 quaedam
1823 2715 159 42 passio,
1939 2715 116 42 siue
1997 2715 144 42 proprie-

1287 2751 120 49 tas,
1362 2751 120 49 quae
1437 2751 135 49 primo
1527 2751 180 49 conuenit
1662 2751 225 49 quantitati;
1841 2751 75 49 &
1871 2751 150 49 deinde
1961 2751 195 49 transfertur

1284 2795 88 49 ad
1328 2795 132 49 asta,
1417 2795 88 49 vt
1461 2795 132 49 dicit
1549 2795 220 49 philosophus
1725 2795 118 49 1i0.
1799 2795 162 49 metaph.
1916 2795 147 49 passio
2019 2795 132 49 auten
2093 2795 73 49 non

1284 2830 198 41 constituit
1439 2830 141 41 illud,
1538 2830 127 41 cuius
1623 2830 99 41 est
1666 2830 127 41 passio.

1316 2869 142 52 verum
1411 2869 110 52 est
1474 2869 158 52 tamen,
1584 2869 126 52 quod
1663 2869 142 52 illae
1757 2869 189 52 rationes
1899 2869 110 52 non
1946 2869 205 52 concluderet

1299 2912 146 47 liquid
1401 2912 146 47 contra
1503 2912 146 47 illos,
1605 2912 87 47 si
1649 2912 116 47 ipsi
1722 2912 189 47 dicerent,
1867 2912 116 47 quod
1940 2912 131 47 unum:
2028 2912 116 47 quod
2086 2912 58 47 ed

1295 2947 210 48 principium
1460 2947 165 48 numcri,
1580 2947 135 48 dicit
1670 2947 105 48 per
1731 2947 90 48 se
1776 2947 135 48 ipsam
1866 2947 105 48 rem
1926 2947 210 48 lubstratam
2076 2947 75 48 ta-

1294 2993 88 47 si
1338 2993 219 47 habitudini,
1513 2993 117 47 sine
1586 2993 190 47 relationi
1733 2993 190 47 mensurae,
1879 2993 131 47 puta,
1966 2993 117 47 quod
2025 2993 131 47 dicetet

1304 3030 128 40 psam
1384 3030 128 40 rem:
1464 3030 128 40 quae
1543 3030 112 40 est
1607 3030 192 40 mensura,
1751 3030 223 40 relationem
1927 3030 144 40 autem
2022 3030 112 40 non
2070 3030 80 40 di-

1298 3073 148 48 teret
1396 3073 115 48 per
1462 3073 115 48 se,
1528 3073 115 48 sed
1594 3073 247 48 comoratiue.
1792 3073 115 48 Sed
1858 3073 132 48 quia
1940 3073 115 48 quo
2006 3073 99 48 ad
2039 3073 99 48 hoc.
