2410 3551
216 252 172 74 illorum
341 252 235 74 intentionem
529 252 172 74 nestio,
654 252 125 74 ideo
732 252 188 74 rationes
873 252 219 74 praedictas
1029 252 63 74 in

213 317 107 55 suo
274 317 152 55 vigore
380 317 137 55 stare
456 317 168 55 permitto.

264 355 119 50 Alij
339 355 164 50 dicunt,
458 355 119 50 quod
533 355 134 50 vnum,
622 355 119 50 quod
697 355 104 50 est
757 355 209 50 principium
921 355 149 50 numeri
1010 355 75 50 su-

209 397 110 52 per
272 397 141 52 vnum,
366 397 125 52 quod
444 397 235 52 conuertitur
632 397 110 52 cum
694 397 141 52 ente,
788 397 141 52 addit
882 397 188 52 rationem
1007 397 63 52 po

223 435 175 51 sitiuam,
355 435 117 51 quae
428 435 132 51 tamen
516 435 102 51 non
574 435 117 51 est,
647 435 117 51 nisi
720 435 88 51 in
764 435 132 51 anima
852 435 205 51 obiectiue:
998 435 88 51 quia

210 478 121 46 haec
286 478 136 46 ratio
377 478 106 46 non
437 478 106 46 est
498 478 152 46 aliud,
604 478 121 46 quam
680 478 167 46 clausio
801 478 182 46 indiuisi
922 478 167 46 inquantum

216 517 204 40 indiuisum
373 517 125 40 est,
452 517 125 40 quam
530 517 141 40 facit
624 517 141 40 inens
718 517 251 40 indistinctum
906 517 173 40 inquantum

214 553 257 45 indistinctum
423 553 289 45 comprehendendo
664 553 145 45 quasi
760 553 96 45 in
809 553 129 45 esse
873 553 209 45 indistincto

208 585 154 66 ipsum
311 585 206 66 summando
465 585 86 66 &
499 585 257 66 mensurando.
705 585 103 66 Et
756 585 120 66 hoc
824 585 188 66 probant
944 585 86 66 sic

251 635 130 44 Quia
332 635 147 44 ratio
430 635 163 44 vnius,
544 635 82 44 &
577 635 147 44 ratio
675 635 163 44 numeri
789 635 98 44 in
838 635 114 44 hoc
903 635 147 44 solum
984 635 98 44 dif-

212 664 178 52 ferunt,
341 664 130 52 quod
422 664 130 52 vnum
504 664 113 52 est
568 664 276 52 indiuisibile;
795 664 178 52 numerus
925 664 146 52 autem
1006 664 81 52 est

208 708 224 45 diuisibuis,
387 708 104 45 sed
447 708 164 45 clausio
566 708 209 45 diuisorum,
730 708 194 45 inquantum
879 708 149 45 diuisa
984 708 134 45 sunt,

216 748 102 44 est
275 748 204 44 formaliter
435 748 175 44 numerus,
567 748 117 44 ergo
640 748 161 44 clausio
757 748 175 44 indiuisi
888 748 102 44 est
932 748 146 44 formalis

210 788 135 48 ratio
285 788 165 48 vnitatis.

300 826 219 43 Praeterea,
473 826 141 43 vnum,
566 826 125 43 quod
645 826 110 43 est
707 826 219 43 principium
880 826 172 43 numeri,
989 826 94 43 con-

206 865 153 49 sistit
313 865 92 49 in
358 865 153 49 quadam
465 865 229 49 aequalitate
649 865 214 49 excludente
816 865 122 49 plus
893 865 76 49 &
923 865 153 49 minus,
1015 865 61 49 vn

216 906 91 44 de
261 906 106 44 cum
322 906 167 44 dicitur
443 906 121 44 vnus
519 906 182 44 phoenis,
656 906 152 44 tantum
762 906 106 44 est
822 906 167 44 dicere,
944 906 121 44 quod
1004 906 76 44 nec

219 946 160 44 plures,
336 946 102 44 nec
394 946 203 44 pauciores,
553 946 102 44 sed
611 946 189 44 conceptus
757 946 102 44 sic
815 946 160 44 medians
931 946 131 44 inter
1003 946 73 44 plu

203 992 93 42 ra
249 992 77 42 &
280 992 186 42 pauciora
419 992 108 42 est
481 992 201 42 conceptus
636 992 217 42 positiuus,
807 992 124 42 ergo
869 992 77 42 &c.

252 1021 119 51 Sed
320 1021 136 51 haec
405 1021 170 51 posito
525 1021 188 51 deficit
661 1021 102 51 in
712 1021 102 51 se
746 1021 222 51 dupliciter.

230 1055 80 54 1
262 1055 145 54 Primo
359 1055 97 54 ex
407 1055 113 54 hoc
471 1055 129 54 quod
552 1055 145 54 dicit
648 1055 145 54 illud
745 1055 225 54 positiuum,
922 1055 129 54 quod
986 1055 97 54 vnum

213 1108 191 43 existens
356 1108 223 43 principium
532 1108 159 43 numeri
643 1108 143 43 addit
739 1108 143 43 super
834 1108 143 43 vnum,
930 1108 127 43 quod
993 1108 80 43 cor

203 1144 187 46 uertitur
343 1144 109 46 cum
406 1144 140 46 ente,
499 1144 155 46 tantum
608 1144 124 46 esse
685 1144 202 46 obiectiue
841 1144 93 46 in
887 1144 155 46 anima:
981 1144 93 46 quia

198 1182 162 51 illud,
311 1182 130 51 quod
392 1182 114 51 est
457 1182 146 51 extra
555 1182 162 51 animam
668 1182 114 51 ens
733 1182 146 51 reale
831 1182 114 51 non
896 1182 114 51 est
944 1182 130 51 tantum

210 1219 203 47 obiectiue
367 1219 94 47 in
414 1219 156 47 anima,
523 1219 109 47 sed
585 1219 141 47 vnum,
679 1219 125 47 quod
757 1219 109 47 est
820 1219 219 47 principium
976 1219 94 47 numi

194 1258 109 47 ri,
257 1258 109 47 est
319 1258 140 47 extra
412 1258 155 47 animam
521 1258 140 47 verum
614 1258 109 47 ens
676 1258 155 47 reale:
785 1258 140 47 Maior
878 1258 155 47 patet,
971 1258 109 47 mino-

210 1304 112 38 rem
274 1304 160 38 probo:
386 1304 128 38 quia
466 1304 192 38 Auerrois
610 1304 96 38 ro
657 1304 160 38 metaph
769 1304 208 38 ostendeus
913 1304 160 38 differet

208 1341 132 43 tiam
291 1341 149 43 inter
390 1341 149 43 vnum,
490 1341 132 43 quod
573 1341 116 43 est
639 1341 232 43 principium
821 1341 182 43 numeri,
953 1341 83 43 &
970 1341 99 43 vnun

213 1387 120 44 quod
288 1387 225 44 conuertitur
468 1387 105 44 cum
528 1387 135 44 ente,
618 1387 120 44 ait,
692 1387 120 44 quod
767 1387 135 44 vnum,
857 1387 120 44 quod
932 1387 105 44 est
977 1387 105 44 prin-

216 1416 154 51 cipium
324 1416 170 51 numeri,
447 1416 108 51 est
509 1416 185 51 accidens
647 1416 170 51 additum
771 1416 123 51 rei,
848 1416 108 51 sed
909 1416 139 51 vnum,
986 1416 93 51 quod

204 1456 223 43 conuertitur
383 1456 104 43 cum
442 1456 134 43 ente,
532 1456 104 43 est
591 1456 89 43 id
636 1456 149 43 ipsum,
740 1456 119 43 quod
815 1456 119 43 res;
889 1456 149 43 addita
979 1456 104 43 tamen

214 1493 103 46 sbi
273 1493 162 46 duplici
391 1493 206 46 negatione,
553 1493 118 46 puta
627 1493 118 46 quod
700 1493 103 46 est
759 1493 177 46 indiuisa
892 1493 88 46 in
936 1493 103 46 se;
995 1493 74 46 &
1009 1493 74 46 di-

206 1532 113 48 uisa
277 1532 71 48 a
305 1532 170 48 quolibet
432 1532 127 48 alio.
517 1532 99 48 Cum
573 1532 141 48 igitur
672 1532 170 48 accidens
799 1532 127 48 insit
884 1532 99 48 ei,
941 1532 127 48 cuius
1011 1532 71 48 est

213 1574 171 49 aceidens
341 1574 114 49 quia
412 1574 200 49 accidentis
569 1574 114 49 esse
640 1574 100 49 est
697 1574 157 49 inesse,
811 1574 86 49 vt
854 1574 157 49 dicitur
968 1574 86 49 4.
997 1574 86 49 met.

211 1616 132 42 ergo
293 1616 214 42 posituum,
458 1616 132 42 quod
540 1616 132 42 vnum
623 1616 198 42 existens
771 1616 231 42 principium
936 1616 148 42 numeri,

213 1658 143 41 addit
308 1658 143 41 super
403 1658 127 41 vnum
483 1658 254 41 conuertibile
689 1658 111 41 cum
752 1658 143 41 ente,
847 1658 111 41 non
911 1658 143 41 solum
990 1658 95 41 erit

204 1689 198 50 obiectiue
356 1689 92 50 in
402 1689 229 50 intellectu,
585 1689 107 50 sed
646 1689 122 50 erit
722 1689 137 50 etiam
814 1689 214 50 subiectiue
982 1689 92 50 in
1012 1689 61 50 re

204 1723 139 68 extra
296 1723 139 68 cuius
389 1723 170 68 dicitur
512 1723 123 68 esse
574 1723 154 68 accidens

280 1768 179 46 Deficit
410 1768 179 46 secundo
540 1768 98 46 in
589 1768 114 46 eo,
654 1768 130 46 quod
735 1768 146 46 dicit
832 1768 195 46 rationem
962 1768 114 46 vnius

216 1806 209 49 consistere
380 1806 90 49 in
425 1806 149 49 quadam
530 1806 209 49 clausione,
694 1806 120 49 quam
769 1806 135 49 sacit
859 1806 90 49 in
904 1806 105 49 ens
948 1806 135 49 indiui-

212 1846 114 52 sum
277 1846 309 52 comprehendendo,
537 1846 81 52 &
570 1846 146 52 quasi
667 1846 163 52 inesse
781 1846 244 52 indistincto
960 1846 114 52 ipsun

220 1885 221 47 mensurando:
397 1885 118 47 quia
471 1885 103 47 per
529 1885 118 47 haec
603 1885 132 47 verba
691 1885 191 47 sequitur,
838 1885 118 47 quod
912 1885 132 47 ipsum
986 1885 88 47 vnum

221 1927 112 46 sit
285 1927 128 46 quid
365 1927 192 46 summatum
509 1927 80 46 &
541 1927 224 46 mensuratu,
718 1927 128 46 quod
798 1927 112 46 est
862 1927 160 46 contra
958 1927 128 46 Arist.

224 1964 97 49 se
272 1964 162 49 metap.
385 1964 113 49 vbi
450 1964 129 49 ait,
531 1964 129 49 quod
612 1964 178 49 numerus
741 1964 113 49 est
805 1964 210 49 multitudo
951 1964 129 49 mensu-

218 2004 133 47 lata
301 2004 116 47 per
368 2004 149 47 vnum,
467 2004 133 47 ergo
550 2004 116 47 non
617 2004 199 47 summatur
766 2004 83 47 &
799 2004 232 47 mensuratur
965 2004 116 47 ipsum

218 2041 144 48 vnum,
314 2041 112 48 sed
378 2041 112 48 per
442 2041 128 48 vnum
522 2041 160 48 cetera
634 2041 256 48 mensurantur,
843 2041 96 48 :&
891 2041 128 48 ideo
955 2041 128 48 ibidem

211 2083 115 48 ait
276 2083 262 48 philosophus,
489 2083 131 48 quod
571 2083 131 48 vnum
653 2083 98 48 se
702 2083 147 48 habet
800 2083 98 48 ad
850 2083 180 48 numerum
964 2083 115 48 sicut

206 2123 201 51 mensura
352 2123 110 51 ad
388 2123 238 51 mensuratum.

263 2161 200 48 Rationes
413 2161 150 48 ctiam
513 2161 200 48 adductae
663 2161 116 48 non
712 2161 200 48 concludunt

264 2198 94 54 Ad
311 2198 157 54 primum
421 2198 125 54 ergo
500 2198 204 54 dicendum,
656 2198 125 54 quod
735 2198 141 54 maior
829 2198 110 54 est
892 2198 157 54 falsa:
986 2198 94 54 quia

217 2241 85 49 in
259 2241 142 49 multis
359 2241 128 49 aliis
444 2241 185 49 differunt
586 2241 213 49 praeterquam
756 2241 85 49 in
799 2241 114 49 esse
870 2241 213 49 diuisibili,
1040 2241 71 49 &

217 2282 251 51 indiuisibili:
424 2282 118 51 quia
498 2282 192 51 differunt
645 2282 133 51 sicut
734 2282 207 51 principium
896 2282 74 51 &
911 2282 177 51 principia-

219 2320 123 46 tum,
296 2320 139 46 sicut
388 2320 170 46 mensura
512 2320 77 46 &
542 2320 231 46 mensuratum,
727 2320 77 46 &
758 2320 108 46 sic
820 2320 93 46 de
866 2320 154 46 aliis.
974 2320 93 46 Ad
1005 2320 77 46 mi-

218 2363 135 44 norem
308 2363 135 44 dico,
399 2363 120 44 quod
474 2363 166 44 quamuis
594 2363 166 44 clausio
715 2363 151 44 possit
820 2363 151 44 aliquo
925 2363 120 44 modo
986 2363 90 44 com-

210 2397 166 60 petere
326 2397 116 60 tam
393 2397 182 60 numero,
525 2397 133 60 quam
608 2397 133 60 vni,
691 2397 133 60 quod
774 2397 116 60 est
840 2397 232 60 principium
1006 2397 83 60 nu-

212 2441 144 45 meri;
308 2441 144 45 tamen
404 2441 192 45 opposito
548 2441 128 45 modo
628 2441 192 45 conuenit
772 2441 160 45 ipsis;
884 2441 160 45 numero
980 2441 96 45 enin

207 2477 200 46 conuenit
357 2477 183 46 passiue
490 2477 183 46 tamquam
624 2477 167 46 clauso
740 2477 83 46 &
774 2477 233 46 mensurato,
957 2477 117 46 sed
1007 2477 83 46 vni

212 2526 96 39 fi
260 2526 192 39 competit
404 2526 176 39 actiue,
532 2526 128 39 sibi
612 2526 192 39 competet
755 2526 128 39 puta
835 2526 176 39 tamquam
947 2526 144 39 clauden

215 2551 110 51 ti,
278 2551 79 51 &
310 2551 221 51 mensuranti
483 2551 142 51 ipsum
578 2551 189 51 numerum.
720 2551 95 51 Et
767 2551 189 51 sequitur
909 2551 95 51 ex
940 2551 142 51 ratione

210 2596 149 46 istius
314 2596 179 46 doctoris
448 2596 194 46 oppositum
597 2596 164 46 illius,
717 2596 119 46 quod
791 2596 194 46 intendit:
940 2596 119 46 quia
1000 2596 89 46 ipse

211 2631 200 58 intendit
361 2631 250 58 concludere,
562 2631 133 58 quod
645 2631 150 58 sicut
745 2631 184 58 numerus
879 2631 117 58 est
929 2631 150 58 quoddam

217 2676 190 43 diuisum,
360 2676 174 43 clausum
486 2676 79 43 &
518 2676 222 43 mensuratu,
692 2676 111 43 sic
756 2676 143 43 ipsum
851 2676 127 43 vnum
930 2676 111 43 sit
977 2676 111 43 quod-

208 2707 120 54 dam
276 2707 240 54 indiuisum,
465 2707 189 54 clausum
602 2707 86 54 &
619 2707 223 54 mensuratum.

253 2753 102 49 Ad
304 2753 203 49 secundum
456 2753 220 49 dicendum,
625 2753 135 49 quod
710 2753 118 49 per
778 2753 203 49 duplicem
913 2753 169 49 exclusio

207 2795 123 47 nem
278 2795 264 47 implicantem
489 2795 158 47 binam
594 2795 246 47 negationem
787 2795 123 47 non
858 2795 211 47 respectu
998 2795 88 47 mi-

217 2832 121 47 nus,
293 2832 106 47 sed
353 2832 182 47 respectu
490 2832 258 47 distinctorum,
703 2832 121 47 puta
778 2832 182 47 respectu
915 2832 137 47 eius,
991 2832 91 47 quod

219 2867 102 51 est
278 2867 132 51 plus,
366 2867 73 51 &
395 2867 176 51 respectu
527 2867 132 51 eius,
615 2867 117 51 quod
688 2867 102 51 est
746 2867 132 51 minus
834 2867 102 51 seu
893 2867 176 51 paucius,
1010 2867 73 51 non

222 2916 159 44 habens
333 2916 191 44 rationem
476 2916 222 44 formaliter
651 2916 222 44 positiuam,
826 2916 111 44 sed
873 2916 207 44 simpliciter

205 2948 234 54 priuatiuam,
393 2948 140 54 cuius
486 2948 203 54 oppositum
642 2948 218 54 concludere
814 2948 94 54 tu
861 2948 187 54 debebas:
985 2948 94 54 qui-

219 2986 90 51 ex
264 2986 151 51 duabus
369 2986 241 51 negationibus
565 2986 105 51 non
625 2986 181 51 resultat
761 2986 271 51 aequipollentia
972 2986 105 51 vniu-

212 3026 284 51 effirmationis,
449 3026 126 51 nisi
527 3026 142 51 ambae
622 3026 221 51 negationes
795 3026 189 51 sumantur
921 3026 158 51 respectu

217 3062 146 54 mius,
314 3062 114 54 ita
379 3062 130 54 quod
461 3062 179 54 secunda
591 3062 179 54 negatio
721 3062 146 54 neget
802 3062 146 54 primam.

1210 322 694 78 ARTICVLVS
1690 322 160 78 V

1219 399 136 80 Quod
1304 399 119 80 sit
1372 399 187 80 materia
1508 399 170 80 numeri
1626 399 187 80 proprie
1745 399 119 80 dicti

1194 504 170 63 VANTVM
1313 504 102 63 ad
1364 504 204 63 secundum
1517 504 255 63 principale,
1722 504 136 63 quae
1807 504 119 63 sit
1858 504 119 63 mate

1136 523 120 81 ria
1204 523 171 81 numeri
1324 523 188 81 proprie
1461 523 171 81 dicti,
1581 523 154 81 dico,
1684 523 137 81 quod
1770 523 188 81 materia
1889 523 86 81 nu-

1115 587 119 56 meri
1190 587 164 56 proprie
1309 587 149 56 dicti,
1413 587 119 56 sunt
1488 587 119 56 res,
1562 587 89 56 in
1607 587 149 56 quibus
1712 587 179 56 fundatur
1846 587 134 56 forma
1920 587 60 56 nu

1114 628 137 57 meri,
1205 628 122 57 puta
1281 628 183 57 diuersae
1418 628 107 57 res
1479 628 228 57 materiales,
1662 628 152 57 quarum
1769 628 198 57 quaelibet
1906 628 76 57 est

1115 678 192 41 continua,
1263 678 192 41 distincta
1411 678 133 41 tamen
1499 678 89 41 ab
1529 678 103 41 alia.

1135 715 79 47 1
1167 715 127 47 Quia
1246 715 143 47 illud
1341 715 111 47 est
1405 715 174 47 materia
1531 715 174 47 numeri,
1658 715 95 47 ex
1706 715 111 47 quo
1753 715 222 47 materialiter

1120 746 200 56 generatur
1274 746 185 56 numerus,
1412 746 108 56 sed
1474 746 185 56 numerus,
1613 746 200 56 generatur
1767 746 92 56 ex
1798 746 169 56 decisione

1108 788 205 49 continui,
1266 788 95 49 vt
1313 788 142 49 patet
1408 788 95 49 3.
1455 788 236 49 physicorum,
1644 788 126 49 ergo
1707 788 63 49 &c

1131 828 80 47 2
1163 828 223 47 Praeterea,
1339 828 144 47 ipsae
1434 828 112 47 res
1498 828 207 47 numeratae
1658 828 128 47 sunt
1738 828 176 47 materia
1849 828 112 47 numer

1121 870 162 37 proprie
1239 870 147 37 dicti;
1342 870 103 37 sed
1401 870 103 37 res
1459 870 206 37 materiales
1621 870 191 37 continuae
1768 870 162 37 proprie
1871 870 103 37 nume-

1119 912 154 43 tantur:
1231 912 112 43 quia
1301 912 126 43 sicut
1386 912 84 43 se
1428 912 126 43 habet
1512 912 98 43 res
1568 912 196 43 formaliter
1722 912 196 43 distinctae
1877 912 84 43 ad
1905 912 56 43 mu

1109 945 205 43 titudinem
1267 945 299 43 transcendentem,
1519 945 110 43 sic
1581 945 94 43 se
1629 945 157 43 habent
1739 945 110 43 res
1786 945 189 43 continuae,

1102 986 125 49 siue
1181 986 156 49 quarum
1290 986 203 49 quaelibet
1447 986 110 49 est
1509 986 94 49 in
1556 986 94 49 se
1603 986 188 49 continua
1744 986 94 49 ab
1791 986 125 49 alia
1853 986 110 49 tamet

1107 1032 243 41 materialiter
1304 1032 197 41 distincta
1456 1032 91 41 ad
1501 1032 258 41 multitudinem,
1714 1032 121 41 quae
1790 1032 167 41 proprie
1896 1032 76 41 di-

1109 1058 137 61 citur
1200 1058 182 61 numerus,
1337 1058 106 61 sed
1398 1058 137 61 illae
1489 1058 198 61 summantur
1641 1058 228 61 multitudine
1808 1058 167 61 transcen-

1114 1103 155 44 dente,
1223 1103 124 44 ergo
1301 1103 140 44 illae
1394 1103 218 44 numerantur
1565 1103 155 44 numero
1674 1103 171 44 proprie
1783 1103 124 44 dicto.

1146 1137 135 58 Forte
1236 1137 149 58 dices,
1340 1137 120 58 quod
1415 1137 149 58 equus,
1520 1137 135 58 homo,
1609 1137 164 58 asinus,
1729 1137 120 58 leo,
1804 1137 149 58 capra,
1908 1137 75 58 &
1923 1137 75 58 sic

1116 1182 91 58 de
1161 1182 151 58 aliis,
1267 1182 121 58 quae
1342 1182 211 58 formaliter
1508 1182 196 58 differunt
1659 1182 136 58 etiam
1750 1182 211 58 numerantur
1901 1182 75 58 nu-

1112 1219 126 54 mero
1191 1219 174 54 proprie
1302 1219 126 54 dicto.

1157 1257 205 43 sespondeo
1315 1257 126 43 quod
1394 1257 95 43 ex
1441 1257 158 43 parte,
1551 1257 110 43 qua
1614 1257 205 43 quodlibet
1772 1257 158 43 talium
1867 1257 110 43 prae-

1112 1298 183 47 dictorum
1249 1298 76 47 &
1280 1298 229 47 consimilium
1463 1298 107 47 est
1524 1298 107 47 res
1585 1298 229 47 materialis,
1768 1298 153 47 habens
1874 1298 92 47 in
1905 1298 61 47 si

1121 1335 200 51 continuam
1275 1335 246 51 quantitatem,
1475 1335 169 51 ratione
1598 1335 139 51 cuius
1690 1335 108 51 non
1752 1335 200 51 differunt
1890 1335 77 51 spo

1117 1376 118 46 cie:
1191 1376 118 46 quia
1265 1376 89 46 vt
1309 1376 177 46 continua
1442 1376 133 46 sunt,
1531 1376 162 46 eiusdem
1649 1376 162 46 speciei
1767 1376 118 46 esse
1826 1376 148 46 possunt,

1119 1415 121 44 ista
1195 1415 137 44 talia
1286 1415 213 44 numerantur
1453 1415 152 44 numero
1559 1415 167 44 proprie
1681 1415 137 44 dicto
1772 1415 106 44 per
1817 1415 152 44 accidens

1116 1456 136 46 autem
1207 1456 121 46 est,
1282 1456 121 46 quod
1358 1456 197 46 differant
1510 1456 227 46 formaliter,
1691 1456 197 46 inquantum
1843 1456 121 46 tali
1903 1456 76 46 nu-

1107 1492 145 51 mero
1179 1492 235 51 numerantur.

1229 1570 586 53 ARTICVLVS
1635 1570 225 53 IIL

1110 1655 172 68 Vtrum,
1230 1655 189 68 numerus
1367 1655 206 68 secundum
1522 1655 137 68 suum
1608 1655 137 68 esse
1693 1655 189 68 formale
1831 1655 120 68 set
1882 1655 86 68 usi

1150 1703 128 73 qud
1223 1703 165 73 extra
1333 1703 183 73 animam
1461 1703 238 73 vrealiter
1645 1703 238 73 differens
1810 1703 55 73 a

1396 1759 159 61 rebus
1485 1759 212 61 numeratis.

1184 1816 161 78 VANTVM
1297 1816 97 78 ad
1345 1816 177 78 tertium
1474 1816 242 78 principale,
1667 1816 129 78 quae
1748 1816 113 78 sit
1812 1816 145 78 forma
1892 1816 81 78 nu-

1228 1885 125 48 meri,
1312 1885 125 48 siue,
1395 1885 112 48 quid
1465 1885 125 48 dicat
1549 1885 153 48 numerus
1660 1885 153 48 quantum
1772 1885 84 48 ad
1814 1885 112 48 suum
1883 1885 112 48 essi

1108 1922 200 46 formale,
1258 1922 150 46 dico,
1359 1922 133 46 quod
1442 1922 184 46 quamuis
1576 1922 117 46 non
1642 1922 200 46 habeamus
1792 1922 150 46 nomen
1876 1922 100 46 vsi-

1115 1964 158 44 tatum,
1226 1964 111 44 quo
1289 1964 174 44 naturam
1416 1964 174 44 formae,
1543 1964 127 44 quae
1622 1964 111 44 est
1686 1964 174 44 numerus
1797 1964 174 44 abstracte

1119 2003 229 44 nominemus
1295 2003 211 44 possumus
1454 2003 158 44 tamen
1559 2003 123 44 eam
1630 2003 229 44 appellare
1788 2003 194 44 numerosi-

1118 2041 151 47 tatem:
1223 2041 120 47 quia
1299 2041 135 47 sicut
1389 2041 135 47 forma
1479 2041 181 47 continui
1615 2041 196 47 nominatur
1765 2041 241 47 continuitas,

1115 2084 112 41 sic
1179 2084 159 41 natura
1290 2084 159 41 formae
1402 2084 207 41 numeralis
1561 2084 207 41 nominatur
1721 2084 255 41 numerositas,
1928 2084 80 41 &

1116 2122 117 46 ista
1189 2122 131 46 forma
1277 2122 102 46 est
1335 2122 131 46 verum
1422 2122 102 46 ens
1481 2122 131 46 reale
1568 2122 175 46 existens
1699 2122 87 46 in
1743 2122 131 46 ipsis
1830 2122 131 46 rebus
1903 2122 73 46 nu-

1116 2158 183 50 nieratis
1253 2158 214 50 subiectine
1422 2158 168 50 tamquam
1544 2158 183 50 accidens
1681 2158 183 50 realiter
1804 2158 168 50 differeus

1109 2199 75 48 a
1139 2199 194 48 subiecto,
1288 2199 119 48 siue
1363 2199 75 48 a
1392 2199 134 48 rebus
1467 2199 179 48 numeratis.

1145 2233 123 57 Duo
1215 2233 140 57 ergo
1302 2233 210 57 probabo.
1460 2233 158 57 Primo
1565 2233 140 57 quod
1652 2233 193 57 numerus
1792 2233 123 57 est
1845 2233 123 57 verum

1114 2278 114 50 ens
1179 2278 147 50 reale
1277 2278 147 50 extra
1375 2278 179 50 animam.
1505 2278 179 50 Secundo
1636 2278 130 50 quod
1717 2278 179 50 differt
1848 2278 82 50 a
1864 2278 114 50 rebus

1105 2315 193 48 numeratis.

1159 2355 149 49 Primum
1264 2355 134 49 probo
1353 2355 120 49 sic.
1428 2355 149 49 lllud,
1533 2355 120 49 quod
1607 2355 179 49 realiter
1742 2355 75 49 &
1772 2355 105 49 per
1832 2355 90 49 se
1861 2355 105 49 sensi

1126 2391 137 50 bile,
1217 2391 106 50 est
1278 2391 137 50 uerum
1369 2391 106 50 ens
1429 2391 137 50 reale
1521 2391 258 50 circumscripta
1733 2391 121 50 omni
1794 2391 182 50 operatione

1115 2433 246 48 intellectus,
1314 2433 108 48 sed
1376 2433 169 48 numerus
1499 2433 108 48 est
1560 2433 215 48 huiusmodi:
1729 2433 123 48 quia
1806 2433 92 48 2.
1852 2433 92 48 de
1883 2433 92 48 amme

1116 2474 175 49 dicitur,
1248 2474 117 49 quod
1320 2474 175 49 communia
1452 2474 204 49 sensibilia
1612 2474 117 49 sunt
1685 2474 160 49 numerus
1801 2474 160 49 figura,
1903 2474 73 49 ma-

1125 2516 174 49 gnitudo,
1255 2516 145 49 motus,
1356 2516 72 49 &
1385 2516 145 49 quies;
1487 2516 72 49 &
1516 2516 130 49 sicut
1603 2516 145 49 ibidem
1704 2516 145 49 patet,
1791 2516 174 49 sensibili-

1124 2554 183 39 communia
1261 2554 122 39 sunt
1337 2554 213 39 sensibilia
1504 2554 107 39 per
1565 2554 107 39 se,
1626 2554 137 39 licet
1717 2554 107 39 non
1778 2554 152 39 primo;
1869 2554 107 39 mator

1123 2590 96 47 est
1178 2590 164 47 euidenst
1301 2590 109 47 quia
1369 2590 178 47 sensibile
1506 2590 178 47 praecedit
1642 2590 205 47 operationem
1792 2590 178 47 intellectus

1137 2638 78 43 2
1169 2638 219 43 Praeterea,
1341 2638 156 43 figura
1450 2638 109 43 est
1513 2638 109 43 ens
1575 2638 141 43 reale
1669 2638 141 43 extra
1763 2638 172 43 animam,
1872 2638 94 43 ergo

1122 2667 176 46 numerus
1250 2667 112 46 est
1314 2667 112 46 ens
1377 2667 144 46 reale
1473 2667 144 46 extra
1569 2667 176 46 animam.
1697 2667 223 46 Antecedens
1856 2667 112 46 pates

1111 2714 83 42 ad
1153 2714 139 42 vesum,
1250 2714 125 42 etiam
1333 2714 111 42 quia
1402 2714 111 42 ipsa
1471 2714 97 42 est
1527 2714 139 42 quarta
1624 2714 152 42 species
1735 2714 208 42 qualitatis;
1887 2714 83 42 ideo

1117 2748 86 46 ad
1160 2748 186 46 entitatem
1303 2748 157 46 figurae
1417 2748 129 46 nihil
1503 2748 129 46 facit
1589 2748 229 46 intellectus.
1760 2748 215 46 consequentiam

1115 2789 158 47 probo:
1226 2789 126 47 quia
1305 2789 142 47 omnis
1400 2789 158 47 figura
1510 2789 253 47 praesupponit
1716 2789 174 47 numerum
1827 2789 142 47 tamquam

1118 2824 151 50 aliquid
1228 2824 192 50 necessario
1379 2824 206 50 requisitum,
1544 2824 110 50 sine
1613 2824 96 50 quo
1668 2824 206 50 impossibile
1833 2824 96 50 est
1888 2824 110 50 esse

1119 2868 179 46 figuram:
1253 2868 223 46 impossibile
1432 2868 104 46 est
1491 2868 119 46 enim
1565 2868 119 46 esse
1640 2868 208 46 triangulum
1803 2868 119 46 sine
1863 2868 119 46 terna-

1118 2905 129 43 rio,
1199 2905 81 43 &
1231 2905 258 43 quadrangulum
1441 2905 129 43 sine
1521 2905 258 43 quaternario;
1731 2905 129 43 vnde
1812 2905 145 43 eadem
1892 2905 81 43 ne-

1113 2943 212 48 cessitate,
1279 2943 106 48 qua
1340 2943 212 48 triangulus
1507 2943 121 48 est,
1582 2943 257 48 circumscripta
1794 2943 121 48 omni
1855 2943 121 48 opera-

1115 2982 133 41 tione
1204 2982 236 41 intellectus,
1395 2982 133 41 eadem
1484 2982 221 41 necessitate
1661 2982 147 41 anguli
1764 2982 192 41 trionguli
1896 2982 74 41 fum

1110 3021 130 52 dant
1191 3021 227 52 actualiter
1369 3021 178 52 numerum
1499 3021 227 52 ternarium,
1678 3021 276 52 circumscripta
1889 3021 97 52 omni

1120 3062 209 48 operatione
1270 3062 209 48 intellectus.

1117 3094 79 57 3
1149 3094 206 57 Preterea,
1308 3094 175 57 species
1435 3094 127 57 vera
1514 3094 270 57 praedicamenti
1736 3094 159 57 realis
1847 3094 111 57 est
1895 3094 95 57 quid
