2399 3578
419 271 171 60 diuinam
544 271 218 60 essentiam.
715 271 93 60 Et
762 271 156 60 argult
871 271 93 60 ad
917 271 187 60 vtramque
1057 271 171 60 partem.
1166 271 109 60 Secur

417 326 90 42 do
462 326 225 42 prosequitur
642 326 225 42 quaestionem
822 326 120 42 ibi,
897 326 165 42 Persona
1017 326 120 42 enim
1092 326 90 42 vt
1137 326 150 42 supra.
1227 326 60 42 Et

425 364 122 41 haec
501 364 92 41 in
547 364 137 41 duas:
638 364 122 41 quia
715 364 137 41 primo
806 364 229 41 prosequitur
989 364 229 41 quaestionem
1157 364 122 41 secun-

421 403 119 47 dum
489 403 186 47 aliorum
624 403 237 47 opinionem,
811 403 186 47 secundo
946 403 254 47 prosequitur
1149 403 119 47 eam
1200 403 68 47 se

419 446 159 48 cundum
531 446 191 48 propriam
674 446 239 48 intentionem
865 446 127 48 ibi,
945 446 191 48 Sciendum
1088 446 111 48 est
1136 446 143 48 igitur.

411 482 182 43 Quantum
544 482 100 43 ad
594 482 166 43 primum
710 482 116 43 est
776 482 265 43 aduertendum,
992 482 133 43 quod
1075 482 166 43 quidam
1174 482 100 43 fue-

415 520 110 42 runt
484 520 138 42 illius
581 520 193 42 opinionis,
733 520 110 42 quod
802 520 97 42 cum
857 520 152 42 dicitur
967 520 110 42 tres
1036 520 166 42 personae
1147 520 124 42 diuinae

420 558 106 48 hoc
480 558 136 48 nomen
571 558 166 48 persona
692 558 211 48 significet
858 558 166 48 diuinam
978 558 211 48 essentiam;
1144 558 121 48 ideo
1205 558 75 48 ma-

414 604 144 50 gister
514 604 101 50 duo
572 604 144 50 facit:
673 604 115 50 quia
745 604 130 50 primo
831 604 158 50 recitat
946 604 144 50 motiua
1047 604 144 50 istius
1147 604 158 50 opinio¬

420 637 122 43 nis,
496 637 168 43 secundo
619 637 153 43 arguit
726 637 153 43 contra
833 637 214 43 inuentores
1001 637 153 43 istius
1093 637 184 43 positionis

421 680 121 47 abi,
497 680 106 47 Sed
557 680 121 47 quid
633 680 257 47 respondebunt.
844 680 136 47 Prima
935 680 91 47 in
981 680 136 47 duas:
1071 680 121 47 quia
1147 680 136 47 primo
1223 680 61 47 ma

423 717 150 53 gister
528 717 165 53 adducit
647 717 135 53 eorum
737 717 195 53 rationes:
887 717 165 53 Secundo
1007 717 180 53 ostendit
1126 717 150 53 qualiter

407 762 123 47 ipsi
483 762 92 47 ad
530 762 200 47 oppositas
683 762 230 47 obiectiones
867 762 215 47 respondent
1036 762 123 47 ibi,
1113 762 200 47 Quibusdam

424 795 178 49 videtur.
558 795 119 49 Tunc
632 795 178 49 sequitur
766 795 119 49 illa
840 795 134 49 pars,
929 795 178 49 Sciendum
1062 795 104 49 est
1122 795 163 49 igitur.
1226 795 59 49 Et

414 833 198 43 diuiditur
566 833 92 43 in
612 833 137 43 duas:
704 833 122 43 quia
780 833 137 43 primo
872 833 183 43 Magister
1009 833 137 43 iuxta
1101 833 122 43 suam
1162 833 122 43 inten-

416 874 159 42 tionem
527 874 238 42 quaestionem
718 874 222 42 praedictam
893 874 238 42 determinat,
1083 874 111 42 quo
1147 874 95 42 ad
1179 874 95 42 ter-

418 911 151 43 minos
519 911 235 43 numerales,
703 911 184 43 secundo
837 911 117 43 quo
904 911 101 43 ad
955 911 201 43 terminos
1089 911 184 43 alietatem

417 953 256 41 significantes
628 953 120 41 ibi,
703 953 151 41 Deinde
808 953 211 41 quaeritur,
974 953 135 41 vtrum
1064 953 181 41 secundum
1185 953 90 41 ean-

427 991 117 42 dem.
501 991 132 42 Prima
588 991 88 42 in
632 991 132 42 duas:
720 991 117 42 quia
793 991 132 42 primo
881 991 146 42 istius
983 991 219 42 quaestionis
1144 991 132 42 determi

423 1028 110 49 nat
486 1028 221 49 veritatem.
660 1028 174 49 Secundo
786 1028 237 49 respondendo
975 1028 268 49 obiectionibus
1180 1028 95 49 tol-

427 1068 102 42 lit
486 1068 203 42 falsitatem
645 1068 116 42 ibi,
718 1068 87 42 Ad
762 1068 102 42 hoc
820 1068 145 42 autem,
921 1068 116 42 quod
994 1068 131 42 illi.
1081 1068 116 42 Tunc
1139 1068 131 42 sequitu

422 1107 113 45 illa
493 1107 127 45 pars,
578 1107 142 45 Deinde
677 1107 184 45 quaeritur
818 1107 99 45 &c.
875 1107 85 45 Et
917 1107 184 45 diuiditur
1059 1107 85 45 in
1101 1107 113 45 tres
1158 1107 127 45 partes:

425 1148 128 49 quia
505 1148 143 49 primo
600 1148 175 49 quantum
728 1148 96 49 ad
776 1148 191 49 terminum
919 1148 207 49 alietatis
1063 1148 207 49 quaestionem

423 1186 187 43 renouat:
564 1186 172 43 secundo
688 1186 203 43 veritatem
844 1186 172 43 tenedam
969 1186 187 43 insinuat
1109 1186 78 43 :
1141 1186 78 43 &
1156 1186 125 43 tertio

426 1225 134 40 dicta
515 1225 104 40 sua
575 1225 223 40 recolligit,
753 1225 74 40 &
783 1225 267 40 auctoritatibus
1006 1225 193 40 sanctorum
1139 1225 134 40 roborat

420 1261 174 53 Secunda
546 1261 126 53 ibi,
625 1261 95 53 Ad
673 1261 126 53 quod
751 1261 189 53 dicimus.
893 1261 158 53 Tertia
1004 1261 126 53 ibi,
1083 1261 95 53 Ex
1114 1261 158 53 predicti

411 1307 258 44 colligitur,
617 1307 155 44 Circa
720 1307 155 44 istam
823 1307 292 44 distinctionem
1064 1307 120 44 25.
1115 1307 155 44 quaeror

714 1380 335 78 Quaestio

500 1466 107 77 An
554 1466 196 77 persona
696 1466 107 77 de
750 1466 143 77 Deo,
839 1466 89 77 &
875 1466 232 77 creaturis
1053 1466 161 77 equi¬

718 1523 145 63 uoce
790 1523 181 63 dicatur.

414 1868 175 79 RITRVM
537 1868 123 79 hoc
607 1868 158 79 nomen
713 1868 193 79 persona
853 1868 105 79 de
906 1868 140 79 Deo,
993 1868 88 79 &
1028 1868 228 79 creaturis
1186 1868 88 79 di-

489 1925 133 60 catur
578 1925 207 60 aequiuoce.
740 1925 89 60 Et
784 1925 162 60 videtur
902 1925 118 60 quod
976 1925 118 60 sic:
1050 1925 118 60 quia
1124 1925 118 60 plus
1183 1925 89 60 dif-

418 1963 148 49 ferunt
522 1963 133 49 Deus,
611 1963 74 49 &
640 1963 192 49 creatura,
788 1963 118 49 quam
862 1963 192 49 caelestia
1010 1963 74 49 &
1040 1963 207 49 inferiora:
1203 1963 104 49 sed

413 2006 199 53 secundum
563 2006 182 53 Commen.
695 2006 100 53 in
745 2006 100 53 de
795 2006 232 53 substantia
977 2006 166 53 orbis,
1077 2006 199 53 quaecumque

408 2043 177 66 dicuntur
541 2043 89 66 de
585 2043 221 66 caelestibus
762 2043 74 66 &
792 2043 251 66 inferioribus,
999 2043 177 66 dicuntur
1131 2043 177 66 aequiuo¬

421 2091 104 43 ce,
481 2091 119 43 ergo
540 2091 74 43 &c.

460 2104 162 75 Contra,
578 2104 117 75 quae
651 2104 220 75 simpliciter
827 2104 117 75 sunt
901 2104 206 75 aequiuoca,
1062 2104 117 75 vnum
1121 2104 147 75 alterunm

417 2145 101 78 non
474 2145 216 78 participat,
647 2145 101 78 sed
704 2145 158 78 persona
819 2145 144 78 creata
920 2145 101 78 est
977 2145 101 78 per
1021 2145 244 78 participationem

415 2211 157 47 persona
529 2211 143 47 talis,
629 2211 157 47 persona
743 2211 114 47 vero
814 2211 143 47 diuina
914 2211 257 47 essentialiter,
1128 2211 71 47 &
1157 2211 100 47 non
1200 2211 71 47 pai

408 2244 236 40 ticipatiue,
597 2244 126 40 ergo
676 2244 110 40 &c.
738 2244 189 40 Quattuor
880 2244 220 40 breuissime
1053 2244 142 40 dicam
1147 2244 94 40 in
1179 2244 94 40 ista

429 2284 231 50 uaestsone.
610 2284 148 50 Primo
709 2284 132 50 quod
791 2284 115 50 hoc
857 2284 148 50 nomen
956 2284 181 50 persona
1088 2284 99 50 de
1137 2284 132 50 Deo,
1203 2284 66 50 &o

418 2324 199 50 creaturis
571 2324 107 50 non
632 2324 169 50 dicitur
755 2324 215 50 aequiuoce.
924 2324 169 50 Secundo
1047 2324 123 50 quod
1124 2324 107 50 non
1170 2324 107 50 dici-

420 2355 110 48 tur
483 2355 188 48 vniuoce.
624 2355 157 48 Tertio
734 2355 125 48 quod
812 2355 172 48 dicitur
938 2355 220 48 analogice.
1110 2355 94 48 Et
1142 2355 125 48 quarto

414 2385 129 68 quod
494 2385 209 68 huiusmodi
655 2385 193 68 analogia
800 2385 145 68 magis
897 2385 193 68 declinat
1042 2385 97 68 ad
1074 2385 193 68 aequiuoca-

407 2444 187 55 tionem,
543 2444 136 55 quam
628 2444 102 55 ad
662 2444 273 55 vniuocationem.

569 2499 538 81 RESOLVTI
928 2499 179 81 O.

397 2593 129 55 Licet
483 2593 173 55 persona,
612 2593 115 55 quae
684 2593 201 55 dignitatem
843 2593 158 55 quandam
958 2593 187 55 importare
1101 2593 158 55 videtur
1202 2593 72 55 no-

445 2647 98 56 men
501 2647 181 56 multiplex
640 2647 112 56 sit:
710 2647 84 56 de
752 2647 98 56 Deo
808 2647 126 56 tamen
891 2647 70 56 &
919 2647 181 56 creaturis
1059 2647 112 56 haud
1115 2647 153 56 aequiuoci

438 2683 165 55 dicetur,
562 2683 110 55 quia
630 2683 123 55 plura
713 2683 123 55 aeque
795 2683 123 55 primo
877 2683 96 55 non
932 2683 206 55 significat:
1097 2683 96 55 Nec
1138 2683 137 55 vniuoce,

447 2730 105 46 quia
512 2730 105 46 illa
578 2730 118 46 plora
656 2730 170 46 importata
787 2730 92 46 per
840 2730 105 46 tale
905 2730 131 46 nomen,
997 2730 131 46 genere
1089 2730 183 46 differuat.
1220 2730 52 46 Se

445 2762 134 51 quitur
539 2762 121 51 ergo,
619 2762 108 51 quod
687 2762 175 51 analogice
821 2762 161 51 dicatur,
942 2762 94 51 cum
996 2762 188 51 praelertim
1144 2762 94 51 Deo
1184 2762 94 51 prius

443 2795 114 54 quam
514 2795 185 54 creaturit
656 2795 185 54 conuenire
784 2795 157 54 videatur.

453 2866 501 69 ARTICVLV

404 2916 145 82 Quod
494 2916 127 82 hoc
567 2916 163 82 nomen
675 2916 199 82 persona
820 2916 109 82 de
874 2916 145 82 Deo,
965 2916 90 82 &
1001 2916 235 82 treaturis
1182 2916 127 82 non

704 2975 179 70 dicitur
818 2975 179 70 equiuoce.

431 3053 162 66 DRIMVM
544 3053 146 66 probo
641 3053 194 66 sic:quia
787 3053 146 66 nomen
884 3053 243 66 significans
1079 3053 162 66 aliqua
1176 3053 81 66 plu

392 3108 76 67 4
422 3108 91 67 ra
468 3108 106 67 non
528 3108 167 67 dicitur
649 3108 167 67 proprie
770 3108 197 67 aequiuoce
922 3108 91 67 de
967 3108 121 67 cis,
1043 3108 121 67 nisi
1119 3108 136 67 ipsis
1194 3108 76 67 com

1319 262 140 72 petat
1413 262 140 72 aeque
1506 262 156 72 primo,
1615 262 109 72 sed
1678 262 109 72 hoc
1740 262 140 72 nomen
1833 262 171 72 persona
1958 262 171 72 ratione
2067 262 109 72 digni

1320 328 144 45 tatis,
1420 328 72 45 a
1449 328 101 45 qua
1507 328 201 45 imponitur,
1665 328 86 45 vt
1708 328 158 45 patuit,
1823 328 129 45 prius
1909 328 187 45 conuenit,
2053 328 72 45 &
2067 328 101 45 magis

1310 365 171 47 diuinis
1434 365 233 47 suppositis,
1620 365 124 47 quam
1697 365 186 47 humanis,
1837 365 124 47 ergo
1914 365 109 47 &c.
1976 365 93 47 Et
2007 365 155 47 confirma

1320 412 122 40 tur:
1396 412 122 40 quia
1472 412 243 40 quandocumque
1669 412 167 40 aliquid
1791 412 228 40 praedicatur
1974 412 91 40 de
2004 412 152 40 pluribus

1320 442 100 49 sic
1377 442 143 49 tamen,
1477 442 114 49 quod
1548 442 100 49 vni
1605 442 171 49 conuenit
1733 442 214 49 simpliciter
1904 442 185 49 perfecte,
2047 442 71 49 &
2061 442 100 49 alter

1328 486 253 43 articipatiue,
1537 486 179 43 digniori
1671 486 119 43 modo
1746 486 164 43 dicitur
1865 486 89 43 de
1910 486 104 43 eo,
1969 486 104 43 cui
2014 486 149 43 conuenit

1311 519 265 49 essentialiter,
1532 519 118 49 quam
1606 519 88 49 de
1650 519 103 49 eo,
1709 519 103 49 cui
1767 519 177 49 conuenit
1900 519 103 49 per
1944 519 206 49 participatio

1306 564 131 45 nem:
1387 564 114 45 sed
1453 564 114 45 non
1518 564 147 45 solum
1616 564 114 45 hoc
1682 564 147 45 nomen
1780 564 196 45 persona,
1927 564 114 45 sed
1992 564 147 45 omne,
2074 564 82 45 quo

1311 595 182 50 conuenit
1448 595 122 50 Deo,
1524 595 76 50 &
1554 595 213 50 creaturae,
1721 595 106 50 Deo
1782 595 182 50 conuenit
1919 595 228 50 simpliciter
2086 595 76 50 por

1316 636 148 49 fecte,
1420 636 192 49 creaturae
1567 636 133 49 autem
1656 636 266 49 participatiue,
1878 636 118 49 ergo
1951 636 103 49 non
2011 636 162 49 dicetur
2114 636 59 49 de

1315 676 101 49 eis
1372 676 217 49 simpliciter
1531 676 159 49 aequiuoce

1340 687 103 77 Sed
1399 687 132 77 sorte
1487 687 176 77 dicetur,
1619 687 117 77 quod
1692 687 220 77 philosophus
1868 687 88 77 in
1912 687 264 77 praedicamentis
2117 687 44 77 d

1312 755 115 52 cit,
1383 755 100 52 ens
1441 755 186 52 predicari
1584 755 186 52 aequiuoce
1727 755 86 52 de
1770 755 100 52 1o.
1827 755 272 52 praedicamentis,
2056 755 72 52 &
2071 755 100 52 tamen

1311 793 103 47 ens
1370 793 236 47 principalius
1562 793 162 47 dicitur
1681 793 89 47 de
1725 793 207 47 substantia
1887 793 118 47 quam
1961 793 89 47 de
1991 793 177 47 accidente.

1349 833 202 51 Respondeo
1505 833 109 51 que
1567 833 233 51 philosophus
1754 833 93 51 in
1801 833 280 51 praedicamentis
2019 833 171 51 loquitur,

1305 873 153 50 large,
1412 873 76 50 &
1442 873 107 50 non
1503 873 183 50 stricte,
1640 873 122 50 siue
1717 873 168 50 proprie
1839 873 92 50 de
1884 873 290 50 aequiuocatione,
2128 873 76 50 &

1316 916 136 34 ideo
1401 916 187 34 tamquam
1537 916 187 34 logicus
1673 916 153 34 large
1774 916 204 34 loquens,
1927 916 85 34 &
1961 916 119 34 non
2012 916 153 34 proprio

1304 950 148 43 dicit
1402 950 148 43 ipsum
1501 950 115 43 ens
1566 950 131 43 esse
1648 950 246 43 aequiuocum;
1846 950 115 43 sed
1911 950 99 43 4.
1960 950 164 43 metaph
2059 950 115 43 magis

1321 988 176 55 proprie
1449 988 176 55 loquens
1577 988 112 55 non
1641 988 144 55 dicit
1737 988 144 55 ipsum
1834 988 128 55 esse
1914 988 240 55 aequiuocum,
2090 988 80 55 sed

1287 1033 198 50 analogum.

1324 1111 716 81 ARTICVLVS

1323 1192 147 83 Quod
1414 1192 128 83 hoc
1488 1192 165 83 nomen
1598 1192 202 83 persona
1744 1192 110 83 de
1799 1192 128 83 Deo
1872 1192 92 83 &
1909 1192 238 83 creaturis
2092 1192 128 83 non

1603 1260 184 54 dicitur
1720 1260 167 54 vniuoce.

1329 1314 155 82 ECVND
1432 1314 103 82 AM
1484 1314 276 82 conclusionem
1708 1314 155 82 probo
1811 1314 138 82 sic.
1897 1314 121 82 Ea,
1966 1314 138 82 quae
2035 1314 138 82 diffe-

1315 1355 151 71 Orunt
1416 1355 184 71 genere,
1550 1355 117 71 non
1617 1355 184 71 possunt
1751 1355 167 71 habere
1868 1355 134 71 vnum
1951 1355 134 71 nome
2035 1355 100 71 n,
2069 1355 100 71 quod

1309 1424 128 44 ipsis
1394 1424 157 44 vniuoce
1509 1424 200 44 conueniat,
1666 1424 100 44 sed
1723 1424 100 44 res
1780 1424 228 44 significatae
1965 1424 100 44 per
2022 1424 100 44 hoc
2065 1424 100 44 nomen

1318 1458 164 54 persona
1437 1458 89 54 in
1482 1458 179 54 diuinis,
1616 1458 74 54 &
1645 1458 164 54 humanis
1764 1458 193 54 differunt
1913 1458 164 54 genere,
2032 1458 119 54 ergo
2092 1458 74 54 &c.

1306 1500 150 43 Maior
1406 1500 150 43 patet
1507 1500 100 43 7.
1557 1500 250 43 physicorum,
1757 1500 117 43 vbi
1824 1500 250 43 philosophus
2024 1500 184 43 probat,

1306 1538 114 54 quod
1377 1538 156 54 proprie
1491 1538 199 54 vniuocatio
1647 1538 114 54 esse
1718 1538 100 54 non
1775 1538 156 54 potest,
1889 1538 114 54 nisi
1960 1538 85 54 in
2003 1538 142 54 specie
2088 1538 71 54 spi

1297 1580 184 51 cialissima,

1346 1593 111 79 Sed
1409 1593 142 79 forte
1504 1593 190 79 dicetur,
1647 1593 142 79 quod,
1742 1593 158 79 quorum
1853 1593 111 79 est
1916 1593 111 79 vna
1979 1593 158 79 ratio,
2074 1593 95 79 siuc

1316 1656 212 52 diffinitio,
1485 1656 113 52 illa
1556 1656 169 52 videntur
1683 1656 113 52 esse
1754 1656 169 52 vniuoca,
1881 1656 99 52 sed
1937 1656 198 52 diffinitio
2078 1656 85 52 per-

1309 1700 130 49 sonae
1395 1700 115 49 data
1467 1700 101 49 per
1524 1700 130 49 Rich.
1611 1700 173 49 scilicet
1740 1700 259 49 intellectualis
1956 1700 158 49 naturae
2057 1700 115 49 incom-

1318 1735 222 53 municabilis
1496 1735 252 53 subsistentia,
1704 1735 104 53 est
1763 1735 178 53 communis
1896 1735 178 53 personae
2030 1735 178 53 diuinae,

1306 1776 198 56 humanae,
1455 1776 83 56 &
1488 1776 232 56 angelicae,
1670 1776 132 56 ergo
1753 1776 149 56 nomen
1852 1776 198 56 personae
2001 1776 182 56 dicetur
2117 1776 66 56 de

1304 1814 115 50 his
1353 1814 147 50 vniuoce

1353 1824 200 83 Respondeo
1506 1824 123 83 quod
1583 1824 123 83 illa
1660 1824 107 83 non
1721 1824 107 83 est
1782 1824 215 83 diffinitio
1951 1824 169 83 proprie
2059 1824 107 83 dicta

1305 1895 104 54 sed
1365 1895 104 54 est
1424 1895 164 54 quaedam
1543 1895 209 54 descriptio
1707 1895 179 54 analoga:
1841 1895 119 54 quia
1916 1895 134 54 etiam
2005 1895 119 54 ipsa
2065 1895 104 54 talis

1302 1934 223 52 descriptio
1477 1934 191 52 secundum
1620 1934 159 52 prius,
1732 1934 80 52 &
1763 1934 207 52 posterius
1922 1934 175 52 dicitur
2050 1934 95 52 de
2082 1934 95 52 Deo,

1306 1972 201 59 angelis,
1457 1972 84 59 &
1474 1972 184 59 hominibus

1408 2055 670 65 ARTICVLVS
1872 2055 155 65 I

1347 2143 143 75 Quod
1437 2143 125 75 hoc
1508 2143 161 75 nomen
1615 2143 197 75 persona
1758 2143 107 75 de
1812 2143 143 75 Deo,
1901 2143 89 75 &
1919 2143 197 75 creaturum

1583 2203 174 62 dicitur
1694 2203 189 62 analogice.

1320 2260 218 69 SONCLVSI
1483 2260 91 69 o
1520 2260 182 69 tertia
1647 2260 164 69 patet
1756 2260 109 69 ex
1811 2260 182 69 duabus
1920 2260 254 69 praecedenti

1329 2333 146 40 bus:
1420 2333 146 40 quia
1512 2333 164 40 nomen
1621 2333 219 40 existens
1786 2333 237 40 aliquibus
1968 2333 219 40 commune,
2114 2333 55 40 &

1302 2370 103 60 nec
1361 2370 177 60 vniuoce,
1494 2370 103 60 nec
1553 2370 192 60 aequiuoce
1701 2370 177 60 conuenit
1834 2370 148 60 ipsis,
1938 2370 207 60 necessario
2085 2370 89 60 vide

1302 2407 125 55 tur,
1380 2407 125 55 quod
1458 2407 140 55 ipsis
1552 2407 203 55 conueniat
1708 2407 218 55 analogice,
1879 2407 156 55 maxime
1988 2407 93 55 si
2035 2407 109 55 vni
2082 2407 93 55 con-

1312 2452 134 51 senit
1402 2452 105 51 per
1461 2452 149 51 prius,
1566 2452 75 51 &
1596 2452 149 51 alteri
1700 2452 105 51 per
1760 2452 209 51 posterius,
1924 2452 105 51 sed
1984 2452 134 51 nomen
2059 2452 119 51 perso-

1298 2489 116 49 nae
1364 2489 116 49 est
1430 2489 182 49 commune
1562 2489 132 49 Deo,
1644 2489 83 49 &
1677 2489 231 49 creaturis,
1859 2489 83 49 &
1892 2489 116 49 nec
1958 2489 198 49 vniuoce,
2090 2489 83 49 nec

1294 2528 217 55 aequiuoce
1461 2528 150 55 ipsis
1561 2528 217 55 conuenit,
1728 2528 83 55 &
1761 2528 117 55 Deo
1828 2528 200 55 conuenit
1978 2528 167 55 prius,
2078 2528 100 55 quam

1297 2567 198 43 creaturis,
1453 2567 127 43 sicut
1538 2567 99 43 iam
1594 2567 156 43 patuit,
1708 2567 113 43 ergo
1764 2567 71 43 &c.

1331 2591 113 70 Sed
1395 2591 145 70 forte
1492 2591 193 70 dicetur,
1637 2591 129 70 quod
1717 2591 113 70 cum
1782 2591 145 70 modus
1878 2591 258 70 significandi
2071 2591 113 70 sequa

1304 2647 111 48 tur
1368 2647 143 48 modum
1463 2647 270 48 intelligendi,
1685 2647 175 48 igitur,
1812 2647 127 48 quod
1891 2647 143 48 primo
1987 2647 79 48 a
2018 2647 143 48 nobis
2098 2647 79 48 in-

1302 2684 225 57 telligitur,
1482 2684 135 57 illud
1572 2684 105 57 per
1632 2684 150 57 nomina
1737 2684 75 57 a
1767 2684 135 57 nobis
1857 2684 180 57 imposita
1992 2684 135 57 primo
2067 2684 105 57 signi

1304 2732 191 52 ficatur,
1447 2732 111 52 sed
1511 2732 143 52 prius
1606 2732 254 52 intelligimus
1813 2732 191 52 personam
1956 2732 191 52 creatam,
2083 2732 95 52 quam

1305 2756 190 54 diuinam,
1448 2756 127 54 ergo
1511 2756 79 54 &c.

1336 2791 239 67 Respondeo,
1524 2791 137 67 quod
1610 2791 154 67 licet
1712 2791 188 67 quantum
1849 2791 103 67 ad
1900 2791 154 67 modum
1986 2791 205 67 significan

1296 2832 111 59 di,
1360 2832 111 59 qui
1423 2832 191 59 sequitur
1567 2832 143 59 modum
1662 2832 255 59 intelligendi
1869 2832 191 59 viatoris
1997 2832 175 59 huiusmodi

1301 2879 167 54 nomina
1418 2879 250 54 imponentis,
1618 2879 150 54 prius
1718 2879 217 54 conueniat
1885 2879 117 54 hoc
1951 2879 150 54 nomen
2035 2879 133 54 perso-

1303 2919 87 58 na
1346 2919 203 58 creaturae,
1505 2919 116 58 quam
1578 2919 188 58 creatori,
1723 2919 87 58 eo
1766 2919 116 58 quod
1838 2919 174 58 creatura
1969 2919 116 58 sibi
2041 2919 130 58 magis
2114 2919 72 58 sit

1292 2959 147 54 nota;
1390 2959 147 54 prius
1488 2959 147 54 tamen
1586 2959 196 54 conuenit
1733 2959 115 54 Deo
1799 2959 262 54 considerando
1995 2959 180 54 perfectio

1305 3001 131 55 nem:
1387 3001 99 55 ad
1436 3001 131 55 quam
1518 3001 279 55 significandam
1748 3001 131 55 tale
1830 3001 148 55 nomen
1929 3001 115 55 est
1978 3001 197 55 impositum,

1313 3039 110 52 uta
1376 3039 315 52 incommunicabilem
1644 3039 268 52 subsistentiam
1865 3039 284 52 intellectualis
2085 3039 95 52 natu

1300 3080 108 55 rae,
1368 3080 81 55 eo
1409 3080 108 55 quoe
1477 3080 122 55 talis
1558 3080 176 55 perfectio
1693 3080 81 55 in
1734 3080 176 55 infinitum
1869 3080 108 55 modo
1937 3080 203 55 perfectiori
2086 3080 95 55 repe-

1295 3120 165 61 riatur
1410 3120 99 61 in
1459 3120 132 61 Deo,
1541 3120 132 61 quam
1624 3120 99 61 in
1673 3120 214 61 quacumque
1821 3120 165 61 creatura
