2400 3531
183 229 140 72 adhuc
277 229 203 72 remaneret
433 229 234 72 paternitas,
620 229 94 72 si
667 229 156 72 filius
760 229 203 72 permaneret.

198 294 72 45 4
226 294 186 45 Preterea,
370 294 100 45 ea,
427 294 115 45 quae
498 294 115 45 sunt
570 294 201 45 diuersorum
728 294 172 45 generum,
856 294 100 45 non
914 294 115 45 sunt
971 294 86 45 idem

194 338 190 40 realiter;
341 338 102 40 sed
399 338 205 40 paternitas
560 338 190 40 reducitur
707 338 88 40 ad
751 338 263 40 praedicamentum
956 338 102 40 rela-

201 369 171 44 tionis,
326 369 187 44 generare
466 369 93 44 ad
513 369 280 44 praedicamentum
746 369 202 44 actionis,
902 369 124 44 ergo
964 369 62 44 &c

213 408 77 52 3
243 408 215 52 Praeterea,
412 408 123 52 idem
489 408 107 52 non
550 408 107 52 est
611 408 138 52 causa
703 408 107 52 sui
764 408 169 52 ipsius,
887 408 107 52 sed
933 408 138 52 genera-

193 456 86 46 no
236 456 100 46 est
293 456 128 46 quasi
378 456 128 46 causa
464 456 242 46 paternitatis:
663 456 114 46 quia
734 456 143 46 pater,
834 456 100 46 est
891 456 143 46 pater,
977 456 86 46 quia

170 491 171 50 generat

228 513 118 67 Sed
295 513 135 67 illa
380 513 118 67 non
430 513 202 67 concludunt

220 560 73 51 1
250 560 117 51 Quia
323 560 88 51 si
367 560 220 51 paternitas,
543 560 73 51 &
572 560 190 51 generatio
718 560 146 51 actiua
821 560 205 51 differrent
967 560 103 51 reali

197 609 115 43 ter,
268 609 100 43 tuc
326 609 86 43 in
368 609 115 43 eade
440 609 157 43 persona
555 609 143 43 patris
655 609 143 43 essent
755 609 115 43 duae
827 609 229 43 proprietates
998 609 72 43 in-

206 646 289 49 comunicabiles,
447 646 80 49 &
479 646 112 49 per
543 646 225 49 consequens
720 646 96 49 in
768 646 112 49 vna
832 646 177 49 persona
945 646 128 49 essent

201 681 118 42 duae
275 681 280 42 personalitates:
511 681 88 42 qa
555 681 192 42 quaelibet
702 681 133 42 harum
791 681 236 42 proprietatum
968 681 103 42 daret

203 723 120 41 esse
278 723 301 41 incommunicabile,
534 723 120 41 quod
609 723 90 41 in
655 723 166 41 diuinis
775 723 105 41 est
835 723 120 41 esse
895 723 181 41 personale-

225 767 73 44 2
255 767 206 44 Praeterea,
416 767 88 44 si
460 767 206 44 paternitas
622 767 73 44 &
652 767 191 44 generatio
798 767 147 44 actiua
887 767 176 44 differreni

213 801 190 44 realiter,
360 801 117 44 tunc
433 801 88 44 in
477 801 161 44 versona
594 801 146 44 patris
696 801 146 44 essent
799 801 176 44 quattuor
916 801 161 44 notiones:

212 842 91 51 da
257 842 137 51 aeque
349 842 228 51 determinate
531 842 259 51 notificaretur
744 842 167 51 persona
866 842 152 51 patris
973 842 107 51 per
1018 842 61 51 ge

225 879 214 44 erationem,
393 879 137 44 sicut
484 879 107 44 per
545 879 229 44 spirationem
728 879 183 44 actiuam,
865 879 107 44 seu
911 879 168 44 paternita

215 922 126 41 tem:
294 922 110 41 sed
357 922 157 41 sancti
467 922 189 41 doctores
608 922 220 41 communiter
781 922 157 41 ponunt
891 922 141 41 solum
970 922 94 41 tre-

210 958 176 50 notiones
342 958 88 50 in
386 958 161 50 persona
504 958 161 50 patris,
621 958 176 50 scilicet
753 958 308 50 inuascibilitatem,
1003 958 73 50 pa-

210 999 259 50 ternitatem,
417 999 86 50 &
451 999 207 50 communem
607 999 224 50 notionem:
780 999 138 50 ergo
849 999 86 50 &c.

231 1027 78 56 3
263 1027 220 56 Praeterea,
435 1027 141 56 inter
529 1027 125 56 duos
608 1027 204 56 simplices
764 1027 188 56 terminos
906 1027 110 56 non
953 1027 125 56 potest

207 1071 133 50 esse,
296 1071 118 50 nisi
369 1071 103 50 vna
428 1071 177 50 relatiua
561 1071 192 50 opposito,
708 1071 74 50 &
738 1071 103 50 per
797 1071 206 50 consequens
959 1071 88 50 in
989 1071 88 50 vtro

220 1108 106 60 que
280 1108 181 60 extremo,
416 1108 121 60 nisi
492 1108 106 60 vna
552 1108 211 60 tantummodo
718 1108 166 60 relatio
839 1108 166 60 realis;
959 1108 106 60 sed
1005 1108 75 60 pa-

212 1145 116 58 ter,
284 1145 72 58 &
313 1145 145 58 filius
414 1145 116 58 sunt
486 1145 101 58 duo
544 1145 159 58 termini
660 1145 260 58 simplicissimi,
877 1145 116 58 ergo
934 1145 145 58 paterni-

220 1202 113 44 tas
284 1202 80 44 &
316 1202 193 44 generare
461 1202 97 44 in
510 1202 177 44 persona
638 1202 161 44 patris
751 1202 129 44 sunt
832 1202 113 44 vna
880 1202 193 44 tantummodo

219 1236 155 48 realis
328 1236 186 48 relatio,
468 1236 109 48 cum
530 1236 186 48 secundum
670 1236 186 48 vtrumque
809 1236 140 48 pater
902 1236 93 48 ad
949 1236 155 48 filbem

213 1278 243 43 tantummodo
386 1278 209 43 referatur.

257 1307 90 58 Ad
302 1307 149 58 primum
406 1307 149 58 igitur
511 1307 134 58 patet
600 1307 104 58 per
660 1307 104 58 ea,
720 1307 119 58 quae
794 1307 119 58 dixi
869 1307 179 58 superius
988 1307 90 58 vbi-

223 1341 202 63 oppositum
379 1341 156 63 istius
488 1341 171 63 minoris
612 1341 187 63 probaui,
752 1341 78 63 &
783 1341 187 63 respondi
923 1341 93 63 ad
955 1341 124 63 proba-

215 1387 153 49 tiones
307 1387 107 49 eius.

266 1407 97 60 Ad
314 1407 193 60 secundum
459 1407 209 60 dicendum,
620 1407 129 60 quod
701 1407 177 60 quamuis
829 1407 193 60 essentia
958 1407 113 60 diui-

222 1460 92 49 sa
268 1460 107 49 non
329 1460 184 49 generet,
467 1460 199 49 gencratio
620 1460 138 49 tamen
712 1460 230 49 praedicatur
896 1460 92 49 de
942 1460 92 49 ea
973 1460 107 49 iden-

214 1504 118 47 tice
288 1504 103 47 non
347 1504 147 47 minus,
450 1504 118 47 quam
523 1504 118 47 ipsa
597 1504 221 47 paternitas,
773 1504 118 47 haec
847 1504 103 47 est
906 1504 118 47 enim
964 1504 118 47 veris-

219 1537 126 62 sima,
303 1537 168 62 essentia
429 1537 140 62 diuina
527 1537 98 62 est
583 1537 112 62 ipsa
654 1537 182 62 generatio
794 1537 154 62 diuina,
906 1537 70 62 &
934 1537 98 62 est
976 1537 98 62 ipsum

216 1585 212 64 generare
358 1585 159 64 diuinum

253 1629 102 40 Ad
304 1629 188 40 tertium
441 1629 137 40 nego
526 1629 256 40 antecedens.
731 1629 102 40 Ad
782 1629 256 40 probationem
970 1629 102 40 dico

208 1668 105 41 que
268 1668 105 41 non
328 1668 105 41 est
389 1668 166 41 simile:
509 1668 120 41 quia
584 1668 166 41 creatio
705 1668 105 41 est
765 1668 120 41 quid
840 1668 196 41 temporale
976 1668 105 41 tran-

213 1707 133 47 siens
302 1707 89 47 in
346 1707 162 47 alienam
464 1707 177 47 naturam,
597 1707 103 47 sed
656 1707 192 47 generatio
803 1707 133 47 actio
892 1707 103 47 est
936 1707 133 47 aeterna

217 1740 80 45 &
249 1740 113 45 non
313 1740 177 45 transit
442 1740 97 45 in
490 1740 177 45 alienam
603 1740 161 45 naturam.

255 1780 90 53 Ad
300 1780 180 53 quartum,
435 1780 120 53 nego
510 1780 180 53 minorem:
645 1780 135 53 quia,
736 1780 90 53 vt
781 1780 150 53 patet,
886 1780 90 53 in
916 1780 165 53 creaturis

230 1827 203 43 transeunte
389 1827 116 43 actu
462 1827 247 43 generationis,
665 1827 131 43 manet
752 1827 218 43 paternitas:
926 1827 116 43 ergo
984 1827 102 43 pater

221 1863 138 41 nitas
313 1863 138 41 aliud
405 1863 138 41 habet
497 1863 246 41 fundamentum,
697 1863 123 41 quam
774 1863 138 41 actum
851 1863 230 41 genetationis.

272 1904 91 37 ad
317 1904 167 37 quintum
439 1904 197 37 dicendum,
590 1904 121 37 quod
666 1904 136 37 sicut
757 1904 91 37 ex
802 1904 152 37 diuina
893 1904 197 37 immutabili-

226 1937 119 47 tate
300 1937 193 47 prouenit,
449 1937 119 47 quod
523 1937 208 47 paternitas
686 1937 148 47 manere
790 1937 104 47 non
850 1937 163 47 potest,
968 1937 104 47 non
1013 1937 74 47 ma-

234 1973 130 50 nente
320 1973 230 50 generatione;
507 1973 101 50 sic
565 1973 86 50 ex
608 1973 173 50 personae
737 1973 144 50 patris
838 1973 230 50 simplicitate
1011 1973 72 50 pro

229 2012 143 56 uenit,
329 2012 114 56 quod
400 2012 200 56 paternitas
557 2012 171 56 realiter
685 2012 171 56 differre
813 2012 100 56 non
870 2012 143 56 potest
970 2012 86 56 ab
998 2012 86 56 ipsa

226 2050 223 60 generatione,
407 2050 112 60 quae
477 2050 98 60 est
533 2050 84 60 in
561 2050 125 60 patre.,

265 2075 94 63 Ad
312 2075 156 63 sextum
422 2075 125 63 nego
500 2075 187 63 maiorem:
640 2075 141 63 quia,
734 2075 94 63 vt
781 2075 187 63 patebit,
921 2075 109 63 cum
984 2075 94 63 de
1015 2075 78 63 hoc

229 2132 115 48 mihi
300 2132 201 48 contigerit
459 2132 201 48 disputare,
617 2132 115 48 eade
689 2132 101 48 res
746 2132 144 48 potest
847 2132 115 48 esse
919 2132 86 48 in
947 2132 144 48 diuersis

236 2165 302 55 vraedicamentis
488 2165 168 55 sumpta
605 2165 201 55 secundum
756 2165 151 55 alium
857 2165 84 55 &
891 2165 151 55 alium
975 2165 117 55 modum

236 2206 162 50 Falsum
349 2206 146 50 etiam
447 2206 227 50 assumitur:
625 2206 130 50 quia
706 2206 292 50 praedicamentum
933 2206 162 50 actionis

230 2245 172 55 quantum
356 2245 94 55 ad
403 2245 188 55 actiones
544 2245 219 55 notionales
716 2245 94 55 in
763 2245 172 55 diuinis
888 2245 204 55 reducitur
1029 2245 63 55 ad

236 2284 293 48 praedicamentum
480 2284 244 48 relationis,
675 2284 81 48 &
707 2284 179 48 quantum
837 2284 98 48 ad
886 2284 195 48 actiones
1016 2284 81 48 ab-

230 2327 162 47 solutas
348 2327 192 47 reducitur
496 2327 88 47 ad
540 2327 236 47 substantiam,
731 2327 162 47 Propter
849 2327 118 47 quod
923 2327 133 47 dixit
997 2327 88 47 Doe-

231 2367 150 45 thius,
336 2367 120 45 quod
411 2367 135 45 solum
501 2367 105 45 duo
561 2367 255 45 praedicamenta
771 2367 120 45 sunt
846 2367 90 45 in
891 2367 180 45 diuinis,
1011 2367 90 45 sci-

234 2404 128 49 licet
319 2404 200 49 substantia
476 2404 71 49 &
490 2404 143 49 relatio,

261 2430 95 63 Ad
309 2430 189 63 septimum
450 2430 205 63 dicendum,
608 2430 126 63 quod
687 2430 126 63 illa
766 2430 221 63 causalitas
939 2430 110 63 est
987 2430 110 63 secun

230 2481 118 50 dum
298 2481 186 50 nostrum
433 2481 152 50 modum
534 2481 287 50 intelligendi,
771 2481 118 50 qui
839 2481 152 50 ortum
940 2481 152 50 habet
1024 2481 68 50 ab

240 2521 123 46 his,
317 2521 123 46 quae
394 2521 92 46 in
440 2521 200 46 creaturis
594 2521 185 46 videmus,
733 2521 108 46 sed
794 2521 185 46 secundum
918 2521 169 46 veritatem

233 2559 104 49 rei
293 2559 134 49 nulla
382 2559 104 49 est
442 2559 89 49 in
487 2559 164 49 diuinis
606 2559 209 49 causalitas
770 2559 134 49 inter
859 2559 254 49 paternitatem,
1053 2559 45 49 &

242 2599 257 41 enerationem:
451 2599 128 41 quia
531 2599 145 41 eodem
627 2599 145 41 patet
724 2599 112 41 est
788 2599 161 41 pater,
900 2599 80 41 &
916 2599 177 41 generans.

258 2636 159 62 Secundo
374 2636 101 62 cum
432 2636 116 62 dixi
504 2636 87 62 ex
547 2636 145 62 dictis
649 2636 174 62 doctoris
779 2636 159 62 nostri,
894 2636 116 62 quod
952 2636 145 62 paterni-

239 2679 105 50 tas
299 2679 211 50 constituit
465 2679 181 50 personam
600 2679 151 50 patris
706 2679 90 50 vt
751 2679 226 50 proprietas;
931 2679 151 50 Contra
1022 2679 75 50 ar-

241 2717 147 57 guunt
339 2717 163 57 quidam
436 2717 82 57 sic

248 2751 76 58 4
278 2751 106 58 Per
339 2751 121 58 idem
414 2751 166 58 aliquid
535 2751 257 58 constituitur,
746 2751 76 58 &
777 2751 257 58 distinguitur,
988 2751 106 58 sed
1034 2751 60 58 se

235 2794 134 54 cudum
324 2794 89 54 te
369 2794 208 54 distinguit
533 2794 89 54 in
577 2794 149 54 ordine
681 2794 89 54 ad
726 2794 208 54 oppofitum,
890 2794 119 54 siue
964 2794 89 54 vt
994 2794 104 54 rela-

245 2835 103 49 tio
304 2835 117 49 est,
377 2835 117 49 ergo
451 2835 132 49 etiam
539 2835 206 49 constituet
701 2835 88 49 ia
745 2835 147 49 ordine
847 2835 88 49 ad
891 2835 206 49 oppositum,
1053 2835 73 49 &

241 2878 101 54 per
298 2878 202 54 consequens
457 2878 216 54 constituet,
630 2878 86 54 vt
673 2878 158 54 relatio
774 2878 86 54 est.

254 2911 75 56 2
284 2911 211 56 Praeterea,
450 2911 135 56 sicut
540 2911 90 56 se
585 2911 135 56 habet
675 2911 211 56 proprietas
841 2911 181 56 absoluta
977 2911 90 56 ad
1007 2911 90 56 sup-

243 2950 169 50 positum
366 2950 216 50 absolutum,
535 2950 108 50 sic
597 2950 92 50 se
643 2950 139 50 habet
736 2950 216 50 proprictas
905 2950 185 50 relatiua
1028 2950 62 50 ad

243 2995 209 48 suppositum
407 2995 209 48 relatiuum,
572 2995 105 48 sed
631 2995 209 48 proprietas
795 2995 179 48 absoluta
930 2995 90 48 vt
960 2995 134 48 absolu-

237 3031 90 54 ta
282 3031 210 54 constituit
447 3031 210 54 suppositum
612 3031 210 54 absolutum,
776 3031 120 54 ergo
851 3031 165 54 relatio
971 3031 90 54 vt
1001 3031 105 54 rela-

229 3071 110 66 tio
292 3071 219 66 constituit
464 3071 219 66 suppositum
621 3071 188 66 relatiuum.

1165 240 199 64 Praeterea,
1321 240 85 64 si
1364 240 199 64 constituit
1521 240 85 64 vt
1564 240 214 64 proprietas,
1734 240 142 64 saltem
1834 240 100 64 sub
1877 240 71 64 ali

1104 288 96 61 qua
1159 288 150 61 ratione
1268 288 205 61 constituit,
1432 288 96 61 aut
1487 288 109 61 ergo
1556 288 109 61 illa
1624 288 123 61 ratio
1706 288 96 61 est
1761 288 178 61 absoluta,
1884 288 68 61 aus

1095 331 199 60 relatiua,
1248 331 107 60 aut
1309 331 230 60 indifferens
1493 331 92 60 ad
1539 331 214 60 absolutum,
1707 331 77 60 &
1738 331 214 60 relatiuum:
1891 331 61 60 si

1103 372 146 47 primo
1200 372 146 47 modo,
1297 372 130 47 tunc
1378 372 227 47 constituet
1557 372 227 47 suppositum
1735 372 227 47 absolutum,
1897 372 65 47 si

1102 409 182 54 secundo
1235 409 149 54 modo,
1334 409 132 54 tunc
1417 409 182 54 habetur
1549 409 198 54 intentum
1698 409 165 54 contra
1813 409 116 54 te:
1863 409 99 54 quia

1103 461 179 45 quicquid
1237 461 224 45 proprietati
1416 461 179 45 relatiui
1550 461 179 45 conuenit
1685 461 104 45 sub
1744 461 164 45 ratione
1849 461 104 45 rela-

1094 498 128 45 tiua,
1179 498 99 45 hoc
1236 498 170 45 competit
1363 498 113 45 sibi
1434 498 85 45 vt
1476 498 156 45 relatio
1590 498 113 45 est,
1661 498 85 45 si
1703 498 142 45 tertio
1802 498 128 45 modo,
1873 498 85 45 tunc

1101 526 217 67 suppositum
1271 526 232 67 constitutum
1457 526 108 67 nec
1519 526 139 67 esset
1611 526 217 67 absolutum,
1782 526 108 67 nec
1828 526 124 67 respe-

1094 571 175 45 ctiuum,
1221 571 111 45 sed
1285 571 143 45 esset
1380 571 238 45 indifferens
1571 571 95 45 ad
1618 571 206 45 vtrumque,
1777 571 127 45 ergo
1840 571 64 45 &c

1142 588 112 64 Sed
1206 588 112 64 nec
1270 588 128 64 illa
1350 588 240 64 concludunt:
1542 588 128 64 quia
1622 588 192 64 secundum
1766 588 176 64 nostrum
1878 588 80 64 mo-

1100 643 114 46 dum
1165 643 261 46 intelligendi
1377 643 163 46 eundem
1492 643 180 46 ordinem
1622 643 245 46 attribuimus
1818 643 180 46 aliqui

1108 681 108 51 us,
1169 681 108 51 vbi
1231 681 200 51 differunt
1385 681 123 51 sola
1462 681 185 51 ratione,
1601 681 123 51 quem
1678 681 169 51 videmus
1801 681 139 51 inter
1878 681 77 51 ea,

1110 722 94 46 vbi
1163 722 160 46 realiter
1283 722 187 46 differunt.
1431 722 94 46 Sed
1484 722 80 46 in
1524 722 120 46 rebus
1604 722 160 46 creatis,
1725 722 94 46 vbi
1765 722 187 46 constituens,

1114 764 71 48 c
1142 764 171 48 referens
1271 764 171 48 realiter
1399 764 200 48 differunt,
1556 764 200 48 proprietas
1713 764 171 48 relatiua
1828 764 128 48 praece-

1108 804 114 52 dlit
1179 804 215 52 relationem,
1351 804 100 52 qua
1408 804 215 52 constitutum
1580 804 172 52 refertur
1709 804 86 52 ad
1752 804 172 52 alterum,
1866 804 86 52 ergo

1112 840 155 48 ecudum
1221 840 171 48 nostrum
1346 840 140 48 modum
1439 840 233 48 intelligedi
1626 840 93 48 in
1672 840 187 48 diuinis,
1812 840 109 48 vbi
1859 840 93 48 haec

1102 877 122 44 sola
1178 877 168 44 ratione
1300 877 213 44 differunt,
1467 877 213 44 concipimus
1635 877 152 44 eandem
1742 877 122 44 rem,
1818 877 122 44 puta
1879 877 76 44 ean

1101 917 102 44 dem
1160 917 233 44 paternitatem
1349 917 131 44 prius
1436 917 218 44 constituere
1610 917 87 44 vt
1654 917 203 44 proprietas
1814 917 116 44 est,
1872 917 87 44 sci-

1095 954 134 54 licet
1185 954 90 54 ut
1229 954 119 54 tali
1304 954 194 54 supposito
1453 954 164 54 proprie
1573 954 75 54 &
1603 954 328 54 incommunicabiliter
1871 954 90 54 con-

1099 996 166 64 uenit,
1215 996 133 64 quam
1298 996 249 64 concipiamus
1497 996 116 64 eam
1563 996 99 64 in
1613 996 166 64 ordine
1729 996 99 64 ad
1762 996 199 64 oppositum,

1114 1036 95 48 lue
1169 1036 81 48 vt
1209 1036 149 48 relatio
1304 1036 68 48 est

1140 1066 94 63 Ad
1187 1066 157 63 primum
1298 1066 157 63 igitur
1408 1066 204 63 dicendum,
1565 1066 126 63 quod
1643 1066 173 63 quamuis
1769 1066 110 63 per
1832 1066 126 63 idem
1895 1066 63 63 ex

1115 1112 128 46 arte
1195 1112 112 46 rei
1259 1112 176 46 aliquid
1386 1112 255 46 distinguatur
1594 1112 80 46 &
1626 1112 255 46 constituatur
1833 1112 112 46 non
1881 1112 80 46 ta-

1106 1150 113 56 men
1170 1150 194 56 secundum
1316 1150 129 56 idem
1397 1150 97 56 ex
1445 1150 145 56 parte
1542 1150 162 56 nostri
1655 1150 129 56 modi
1720 1150 242 56 intelligendi.

1139 1189 95 50 Ad
1187 1189 190 50 secundum
1329 1189 143 50 patet
1424 1189 111 50 per
1488 1189 143 50 idem:
1583 1189 127 50 quia
1662 1189 174 50 quamuis
1773 1189 190 50 suppositum

1102 1230 186 45 relatiuum
1245 1230 229 45 constituitur
1431 1230 115 45 vera
1503 1230 186 45 relatione
1646 1230 72 45 &
1675 1230 86 45 vt
1718 1230 158 45 relatio
1832 1230 115 45 est,
1889 1230 72 45 con

1110 1268 193 50 siderando
1258 1268 237 50 quidditatem,
1451 1268 104 50 seu
1510 1268 163 50 naturam
1629 1268 104 50 rei
1688 1268 267 50 constituentis,
1896 1268 59 50 ta

1102 1308 113 45 men
1166 1308 145 45 illam
1263 1308 113 45 rem
1327 1308 274 45 constituentem
1553 1308 193 45 concipit
1697 1308 241 45 intellectus
1875 1308 80 45 no-

1113 1344 103 46 ter
1172 1344 132 46 prius
1260 1344 323 46 incommunicabiliter
1540 1344 88 46 in
1584 1344 118 46 esse
1657 1344 221 46 constituto,
1834 1344 118 46 quae
1892 1344 74 46 est

1104 1389 139 62 ratio
1196 1389 263 62 proprietatis:
1413 1389 124 62 quam
1490 1389 201 62 concipiat
1644 1389 108 62 eam
1706 1389 93 62 ad
1753 1389 139 62 esse,
1845 1389 124 62 siue
1907 1389 62 62 ad

1106 1427 122 47 aliud
1188 1427 163 47 referri,
1310 1427 108 47 quae
1378 1427 95 47 est
1432 1427 122 47 ratio
1500 1427 176 47 relationis,

1143 1454 90 67 Ad
1188 1454 164 67 tertium
1307 1454 194 67 dicendum,
1457 1454 120 67 qued
1532 1454 224 67 intellectus
1711 1454 135 67 vides
1786 1454 179 67 principium

1120 1504 230 40 constitutiuum
1310 1504 176 40 suppositi
1446 1504 176 40 relatiui,
1581 1504 95 40 nec
1636 1504 190 40 considerat
1785 1504 122 40 ipsum
1866 1504 95 40 sub
1907 1504 54 40 ra

1120 1544 126 48 sione
1204 1544 181 48 absoluti,
1343 1544 98 48 nec
1399 1544 98 48 sub
1455 1544 153 48 ratione
1566 1544 195 48 relationis
1720 1544 181 48 praecise,
1859 1544 98 48 nec
1901 1544 70 48 sub

1106 1580 163 45 ratione
1225 1580 252 45 indifferentis
1432 1580 104 45 sub
1492 1580 119 45 modo
1566 1580 237 45 abnegationis
1758 1580 208 45 vtriusque,
1907 1580 59 45 ut

1115 1626 114 42 isti
1186 1626 85 42 in
1228 1626 185 42 proposito
1370 1626 185 42 accipiunt
1512 1626 227 42 indifferens,
1697 1626 99 42 sed
1754 1626 199 42 considerat
1896 1626 71 42 ip-

1114 1659 98 52 sum
1170 1659 98 52 sub
1226 1659 154 52 ratione
1338 1659 223 52 proprietatis
1519 1659 196 52 relatiuae,
1673 1659 140 52 omnis.
1770 1659 70 52 n
1798 1659 154 52 relatio
1896 1659 70 52 con

1114 1700 172 64 siderata
1243 1700 86 64 ut
1286 1700 201 64 proprictas
1443 1700 215 64 determinate
1615 1700 129 64 inest
1701 1700 100 64 ei,
1758 1700 129 64 cuius
1844 1700 100 64 est
1887 1700 86 64 pro-

1115 1738 178 66 prietas,
1249 1738 163 66 quamuis
1368 1738 149 66 tendat
1472 1738 89 66 ad
1516 1738 163 66 alterum
1635 1738 89 66 vt
1680 1738 178 66 relatiua
1799 1738 89 66 est.

1220 1803 568 90 ARTICVLVS
1614 1803 262 90 IIIL

1153 1918 155 53 Vtrum
1256 1918 173 53 verbum
1377 1918 104 53 in
1429 1918 155 53 dunus
1533 1918 190 53 dicatur
1654 1918 276 53 essentialiter,

1402 1963 108 61 vel
1448 1963 232 61 notionaliter,

1175 2034 172 66 VANTVM
1295 2034 103 66 ad
1347 2034 189 66 quartum
1485 2034 258 66 principale,
1691 2034 155 66 vtrum
1795 2034 172 66 verbum
1898 2034 69 66 in

1158 2088 181 58 diuinis
1294 2088 166 58 dicatur
1414 2088 271 58 essentialiter,
1640 2088 106 58 vel
1701 2088 256 58 notionaliter;
1897 2088 75 58 di-

1127 2125 163 48 tendum,
1246 2125 118 48 quod
1319 2125 148 48 verbum
1423 2125 163 48 dicitur
1541 2125 237 48 notionaliter
1734 2125 89 48 in
1778 2125 177 48 diuinis:
1896 2125 89 48 quia

1126 2168 122 44 lud,
1202 2168 122 44 quod
1278 2168 107 44 per
1339 2168 137 44 modum
1430 2168 198 44 emanantis
1583 2168 91 44 se
1629 2168 152 44 habet,
1735 2168 168 44 dicitur
1857 2168 152 44 notio

1114 2202 183 59 naliter,
1251 2202 107 59 sed
1312 2202 153 59 verbum
1419 2202 92 59 se
1465 2202 138 59 habet
1557 2202 107 59 per
1618 2202 138 59 modum
1710 2202 214 59 emanantis,
1878 2202 76 59 &
1893 2202 92 59 pro-

1130 2253 176 39 edentis
1258 2253 80 39 a
1290 2253 208 39 verbante,
1450 2253 112 39 seu
1514 2253 192 39 dicente,
1659 2253 128 39 ergo
1739 2253 112 39 &c.
1803 2253 96 39 De
1851 2253 112 39 hoc
1899 2253 80 39 non

1130 2289 123 53 plus
1206 2289 92 53 ad
1253 2289 200 53 praesens:
1406 2289 123 53 quia
1483 2289 184 53 materiam
1621 2289 92 53 de
1668 2289 138 53 verbo
1760 2289 138 53 alibi
1837 2289 138 53 intendo

1131 2326 232 43 leterminate
1301 2326 201 43 pertractare

1150 2353 91 59 Ad
1195 2353 213 59 argumentum
1363 2353 213 59 principale
1530 2353 198 59 dicendum,
1682 2353 122 59 quod
1758 2353 137 59 patet
1849 2353 106 59 per
1895 2353 76 59 il-

1124 2403 125 66 lud,
1203 2403 125 66 quod
1281 2403 156 66 dictum
1390 2403 109 66 est
1453 2403 94 66 ad
1500 2403 172 66 quartam
1625 2403 188 66 rationem
1766 2403 203 66 Afexandri
1906 2403 63 66 in

1123 2440 78 60 2.
1162 2440 104 60 art.
1227 2440 130 60 istius
1306 2440 170 60 quaestionis

1148 2502 458 91 DISTINCTIO
1508 2502 327 91 SNVIIL
1705 2502 229 91 SSIx.

1117 2587 186 77 Aperta,
1253 2587 85 77 &
1286 2587 254 77 vnitersalis
1490 2587 186 77 diuisio
1625 2587 152 77 harum
1710 2587 271 77 distinctionum,

1174 2661 94 63 ui
1221 2661 157 63 quibus
1332 2661 94 63 de
1379 2661 283 63 proprietatibus
1615 2661 94 63 in
1662 2661 189 63 personis
1788 2661 157 63 diuinis.

1264 2707 310 71 inexistentibus
1522 2707 189 71 pulcbre
1643 2707 189 71 peragitur

1449 2777 231 68 RETEREA
1617 2777 314 68 CONSIDERARI
1847 2777 126 68 opoR

1487 2834 120 54 TET.
1562 2834 179 54 Postquam
1696 2834 179 54 magister
1816 2834 164 54 tractauit

1483 2868 86 54 de
1526 2868 259 54 proprietatibus
1742 2868 173 54 personas
1857 2868 129 54 consti-

1474 2908 203 59 tuentibus;
1633 2908 101 59 hic
1691 2908 159 59 tractat
1806 2908 87 59 de
1835 2908 145 59 proprie-

1486 2945 145 56 atibus
1588 2945 174 56 personis
1719 2945 276 56 inexistentibus.
1937 2945 58 56 Et

1474 2987 190 57 diuiditur
1620 2987 88 57 in
1664 2987 117 57 duas
1737 2987 160 57 partes:
1854 2987 102 57 nam
1897 2987 88 57 pri-

1482 3023 92 52 mo
1528 3023 168 52 tractat
1650 3023 92 52 de
1696 3023 199 52 huiusmodi
1833 3023 153 52 aeternis

1473 3066 247 59 notionibus;
1670 3066 181 59 Sccundo
1785 3066 197 59 incidenter
