2364 3561
413 240 234 56 temporales
597 240 285 56 appellationes
832 240 117 56 Deo
899 240 251 56 conueniant,
1100 240 184 56 secundo
1217 240 67 56 o-

422 291 180 45 stendit
553 291 213 45 qualiter,
717 291 82 45 &
749 291 115 45 per
815 291 131 45 quem
897 291 147 45 modum
995 291 115 45 Deo
1061 291 213 45 conuenire
1208 291 82 45 va-

422 331 140 44 leant
516 331 140 44 ibi.,
609 331 171 44 Quomodo
734 331 140 44 ergo.
827 331 140 44 Prima
921 331 93 44 in
968 331 140 44 tres:
1061 331 109 44 nam
1123 331 140 44 primo
1201 331 78 44 ma-

426 371 154 50 gister
533 371 215 50 praemittit
702 371 123 50 suam
779 371 246 50 intentionem,
979 371 169 50 secundo
1102 371 154 50 contra
1194 371 92 50 suam

423 410 215 40 assertiorem
595 410 158 40 adducit
709 410 229 40 obiectionem,
895 410 72 40 &
924 410 143 40 tertio
1024 410 143 40 illius
1124 410 186 40 obiectio¬

431 444 101 51 nis
488 444 144 51 innuit
589 444 260 51 dissolutionem.
806 444 159 51 Secunda
921 444 115 51 ibi,
993 444 101 51 Sed
1051 444 101 51 hic
1109 444 159 51 aliquis
1210 444 72 51 di-

420 481 120 46 cet.
495 481 150 46 Tertia
600 481 120 46 ibi,
674 481 90 46 Ad
719 481 120 46 quod
794 481 120 46 dici
869 481 165 46 potest.
989 481 180 46 Sequitur
1123 481 120 46 illa
1183 481 90 46 pars

434 523 165 36 uomodo
549 523 148 36 ergo,
648 523 99 36 Et
697 523 214 36 diuiditur
862 523 99 36 in
911 523 132 36 duas
994 523 165 36 pates:
1109 523 115 36 nam
1159 523 115 36 primo

423 560 181 46 ostendit
559 560 256 46 supradictorum
770 560 286 46 possibilitatem,
1011 560 166 46 secundo
1131 560 90 46 ex
1177 560 106 46 hic
1222 560 60 46 di

418 598 114 44 ctis
489 598 172 44 ostendit
618 598 114 44 esse
689 598 157 44 solutam
804 598 157 44 quandam
918 598 172 44 superius
1047 598 143 44 tactam
1133 598 157 44 difficul-

424 636 123 48 tatem
506 636 109 48 ibi,
575 636 96 48 Hic
629 636 137 48 potest
725 636 123 48 solui
807 636 178 48 quaestio.
943 636 123 48 Circa
1025 636 123 48 istam
1107 636 123 48 dist.
1176 636 109 48 quero.

709 714 342 85 Quastio.
937 714 86 85 I

432 796 105 83 An
485 796 193 83 relatio
625 796 123 83 Dei
695 796 105 83 ad
748 796 228 83 creaturam
923 796 228 83 praecedat
1081 796 175 83 relatio-

622 863 156 64 nem
711 863 289 64 creaturae
933 863 133 64 ad
977 863 156 64 Deum.

675 1224 111 40 RVM
738 1224 174 40 relatio
865 1224 95 40 ad
912 1224 206 40 creaturam
1070 1224 111 40 sit
1134 1224 142 40 prior
1213 1224 63 40 re

684 1264 148 42 atione
788 1264 192 42 creaturae
936 1264 89 42 ad
980 1264 133 42 Deum,
1069 1264 104 42 vcl
1113 1264 163 42 econuerso

677 1300 80 49 Et
717 1300 161 49 videtur,
838 1300 107 49 quod
905 1300 148 49 relatio
1012 1300 94 49 Dei
1065 1300 80 49 ad
1106 1300 174 49 creaturam
1226 1300 54 49 su

678 1342 145 42 prior:
780 1342 116 42 quia
853 1342 131 42 sicut
940 1342 87 42 se
984 1342 131 42 habet
1071 1342 218 42 fundamentum
1231 1342 58 42 ad

669 1382 222 46 fundamentum,
849 1382 97 46 sic
905 1382 152 46 relatio
1016 1382 83 46 ad
1057 1382 208 46 relationem,
1210 1382 69 46 sed

653 1411 130 59 Deus
734 1411 114 59 est
799 1411 163 59 prior,
913 1411 130 59 quam
994 1411 211 59 creatura,
1157 1411 130 59 ergo
1222 1411 65 59 &c

457 1459 166 46 Contra,
578 1459 166 46 relatio
699 1459 182 46 secundum
835 1459 182 46 rationem
971 1459 106 46 est
1032 1459 197 46 posterior
1183 1459 121 46 rela

429 1496 133 47 tione
518 1496 178 47 secundum
651 1496 118 47 rem,
725 1496 118 47 quae
799 1496 118 47 sibi
873 1496 207 47 opponitur,
1036 1496 104 47 sed
1095 1496 163 47 relatio
1199 1496 74 47 Deu

423 1543 90 38 ad
468 1543 195 38 creaturam
618 1543 105 38 est
678 1543 180 38 secundum
813 1543 195 38 rationem,
963 1543 90 38 vt
1008 1543 90 38 1.
1053 1543 180 38 patebit,
1173 1543 105 38 rela-

429 1575 103 49 tio
488 1575 118 49 vero
562 1575 192 49 creaturae
710 1575 89 49 ad
754 1575 118 49 Deum
828 1575 103 49 est
887 1575 162 49 realis,
1005 1575 118 49 ergo
1078 1575 103 49 &c.
1137 1575 103 49 Hic
1182 1575 89 49 quat

426 1623 122 34 tuor
502 1623 122 34 sunt
579 1623 183 34 videnda.
716 1623 138 34 Primo
808 1623 138 34 vtrum
900 1623 153 34 aliqua
1007 1623 168 34 relatio
1129 1623 107 34 sit
1175 1623 107 34 inten

419 1653 145 50 Deum,
516 1653 81 50 &
548 1653 226 50 creaturam.
725 1653 177 50 Secundo
854 1653 129 50 dato
935 1653 129 50 quod
1015 1653 129 50 sic,
1096 1653 145 50 vtrum
1176 1653 113 50 talis

431 1693 155 41 relatio
544 1693 99 41 sit
600 1693 141 41 realis
699 1693 85 41 ex
741 1693 127 41 parte
826 1693 113 41 Dei.
896 1693 141 41 Tertio
995 1693 127 41 vtrum
1080 1693 99 41 sit
1136 1693 141 41 realis
1221 1693 56 41 ex

421 1732 146 56 parte
518 1732 227 56 creaturae.
696 1732 97 56 Et
745 1732 162 56 quarto
858 1732 195 56 videndum
1004 1732 113 56 est
1069 1732 97 56 de
1118 1732 113 56 eo,
1183 1732 130 56 quod

432 1770 162 62 quaestio
539 1770 135 62 quaerit.

529 1844 586 84 RESOLVTIO.

411 1927 128 80 Nuili
496 1927 142 80 dubium
595 1927 113 80 ert,
666 1927 128 80 inter
751 1927 128 80 Deum,
836 1927 71 80 &
864 1927 184 80 ertaturam
1006 1927 184 80 nonnullam
1133 1927 142 80 velatio.

441 1997 98 49 nem
497 1997 182 49 reperiri:
637 1997 196 49 Verumtamen
791 1997 84 49 si
833 1997 224 49 temporaliter
1016 1997 98 49 Deo
1072 1997 154 49 aduenit
1184 1997 84 49 ex
1212 1997 70 49 pa-

439 2041 81 45 ts
479 2041 121 45 eius,
560 2041 175 45 huiusmodi
695 2041 148 45 velatio
802 2041 94 45 non
856 2041 108 45 erit
924 2041 148 45 vealis,
1031 2041 148 45 quamuis
1139 2041 108 45 vere
1193 2041 81 45 Deu-

447 2082 167 51 terminat
573 2082 195 51 velationem
726 2082 195 51 creaturae,
879 2082 139 51 quarum
977 2082 112 51 sane
1047 2082 209 51 velationum,
1200 2082 70 51 cun

447 2112 113 66 ambae
523 2112 100 66 sint
585 2112 175 66 oppositae,
723 2112 125 66 neutra
811 2112 113 66 prior
886 2112 125 66 altera
961 2112 88 66 erit.

521 2172 664 84 ARTICVLVSL

550 2280 150 78 vtrum
650 2280 167 78 aliqua
767 2280 183 78 relatio
900 2280 117 78 sit
967 2280 150 78 inter
1050 2280 100 78 Deum

718 2333 100 69 &
738 2333 239 69 creaturam.

504 2433 184 46 VANTVM
633 2433 111 46 ad
688 2433 184 46 primum
817 2433 277 46 principale,
1038 2433 166 46 vtrum
1130 2433 148 46 aliqua

487 2472 185 63 relatio
622 2472 118 63 sit
689 2472 151 63 inter
790 2472 151 63 Deum,
891 2472 84 63 &
924 2472 235 63 creaturam,
1092 2472 185 63 dicendum,

420 2515 119 53 quod
480 2515 89 53 sic.

428 2537 88 69 1
464 2537 141 69 Quia
552 2537 159 69 inter
658 2537 247 69 mensuratum
852 2537 88 69 &
887 2537 212 69 mensuram
1046 2537 194 69 oportet
1170 2537 106 69 esse

421 2591 242 45 relationem,
615 2591 113 45 sed
679 2591 129 45 Deus
760 2591 113 45 est
825 2591 178 45 mensura
954 2591 162 45 omnium
1051 2591 226 45 creaturarum,

428 2635 115 51 uue
493 2635 164 51 omnium
608 2635 181 51 entium,
739 2635 98 51 vt
789 2635 148 51 patet
887 2635 115 51 per
953 2635 148 51 Auer.
1051 2635 98 51 10
1100 2635 164 51 metaph
1199 2635 82 51 vbi

426 2678 92 42 uc
472 2678 122 42 ait,
548 2678 153 42 lllud,
655 2678 122 42 quod
732 2678 107 42 est
793 2678 168 42 mensura
916 2678 168 42 omnium,
1038 2678 107 42 est
1099 2678 153 42 primum
1191 2678 92 42 prin

424 2709 176 45 cipium;
552 2709 128 45 Deus
632 2709 192 45 scilicet
776 2709 112 45 qui
840 2709 112 45 est
905 2709 144 45 motor
1001 2709 160 45 omnium
1097 2709 176 45 absolutus

423 2751 90 44 ab
468 2751 120 44 omni
543 2751 180 44 materia,
679 2751 105 44 qui
739 2751 105 44 est
799 2751 135 44 actus
889 2751 180 44 vltimus,
1024 2751 105 44 cui
1085 2751 105 44 non
1130 2751 135 44 admisce

423 2789 106 45 tur
483 2789 151 45 omnino
589 2789 196 45 potentia,
740 2789 106 45 qui
801 2789 106 45 est
861 2789 227 45 principium,
1042 2789 91 45 vt
1088 2789 151 45 motor,
1178 2789 106 45 forma

415 2827 78 44 &
447 2827 156 44 finis.
556 2827 94 44 Et
603 2827 110 44 11.
666 2827 235 44 propositone
854 2827 156 44 Procli
963 2827 188 44 dicitur.
1104 2827 141 44 Omnis
1182 2827 94 44 Deus

423 2866 189 45 mensura
560 2866 120 45 est
612 2866 137 45 entium

436 2910 81 48 2
468 2910 226 48 Praeterea,
646 2910 146 48 inter
743 2910 210 48 producens
905 2910 81 48 &
937 2910 243 48 productiuum
1131 2910 113 48 est
1180 2910 97 48 vera

418 2944 181 51 relatio,
554 2944 106 51 sed
614 2944 121 51 Deus
690 2944 106 51 est
750 2944 166 51 creator
871 2944 166 51 omnium.
991 2944 136 51 Maior
1082 2944 136 51 patet
1172 2944 91 51 s.
1203 2944 75 51 me-

430 2983 132 47 taph.
518 2983 132 47 Minor
606 2983 205 47 declaratur
766 2983 132 47 circa
854 2983 205 47 principium
1015 2983 161 47 secundi
1117 2983 117 47 libri.

502 3023 205 43 Praeterea,
664 3023 117 43 quae
737 3023 147 43 cumque
840 3023 220 43 simpliciter
1016 3023 117 43 sunt
1089 3023 176 43 diuersa,
1207 3023 73 43 in-

415 3066 100 56 ter
472 3066 86 56 ea
515 3066 143 56 saltem
615 3066 100 56 est
673 3066 158 56 relatio
787 3066 244 56 diuersitatis,
988 3066 100 56 sed
1045 3066 129 56 Deus,
1131 3066 72 56 &
1146 3066 143 56 creatura

1301 224 118 75 sunt
1375 224 221 75 simpliciter
1552 224 177 75 diuersa,
1685 224 103 75 cum
1743 224 206 75 differant,
1906 224 118 75 plus
1979 224 118 75 quam
2038 224 133 75 genere,

1302 281 110 53 vt
1357 281 165 53 patet
1467 281 110 53 1o
1503 281 147 53 metaph

1354 318 100 53 bed
1411 318 157 53 aliquis
1525 318 213 53 tripliciter
1695 318 100 53 hic
1752 318 142 53 posset
1838 318 142 53 instare.

1327 366 80 51 1
1359 366 145 51 Primo
1456 366 129 51 quia
1536 366 193 51 relatiua
1681 366 129 51 sunt
1762 366 145 51 simul
1858 366 177 51 natura,
1987 366 129 51 Deus
2051 366 113 51 autem

1316 399 137 56 prior
1407 399 107 56 est
1468 399 122 56 omni
1529 399 152 56 creatura

1321 441 85 51 2
1355 441 204 51 Secundo,
1508 441 153 51 quia,
1609 441 136 51 quae
1694 441 119 51 non
1762 441 136 51 sunt
1847 441 102 51 ad
1898 441 187 51 inuicem
2016 441 153 51 compara

1312 480 148 42 bilia,
1416 480 104 42 non
1475 480 119 42 sunt
1549 480 89 42 ad
1594 480 163 42 inuicem
1712 480 237 42 referibilia,
1905 480 104 42 sed
1964 480 133 42 Deus,
2053 480 74 42 &
2068 480 104 42 crea-

1322 526 112 38 ura
1386 526 112 38 non
1450 526 128 38 sunt
1531 526 96 38 ad
1579 526 161 38 nuicem
1691 526 273 38 comparabilia,
1916 526 112 38 cum
1980 526 112 38 non
2045 526 128 38 sint
2109 526 64 38 v-

1315 554 123 50 nius
1391 554 184 50 generis:
1529 554 123 50 sola
1606 554 123 50 enim
1683 554 123 50 illa
1760 554 123 50 sunt
1836 554 92 50 ad
1882 554 169 50 inuicem
1990 554 184 50 comparabi-

1317 597 113 51 lia,
1387 597 113 51 quae
1458 597 113 51 sunt
1528 597 127 51 vnius
1599 597 141 51 generis.

1332 637 82 48 3
1364 637 164 48 Tertio
1480 637 132 48 quia
1562 637 99 48 in
1611 637 214 48 quocumque
1775 637 164 48 genere
1891 637 115 48 est
1956 637 132 48 vnum
2022 637 148 48 relati-

1317 678 153 43 uorum,
1424 678 77 43 &
1454 678 184 43 alterum,
1592 678 107 43 sed
1653 678 122 43 Deus
1730 678 107 43 non
1791 678 107 43 est
1853 678 92 43 in
1898 678 153 43 genere
1990 678 184 43 creaturae,

1320 716 106 56 tum
1380 716 91 56 in
1426 716 136 56 nullo
1516 716 151 56 genere
1622 716 211 56 claudatur,
1788 716 106 56 sed
1848 716 91 56 in
1893 716 91 56 se
1939 716 166 56 claudat
2044 716 121 56 perfe-

1307 750 182 50 ctiones
1440 750 165 50 omnium
1555 750 198 50 generum,
1704 750 99 50 vt
1753 750 149 50 patet
1852 750 99 50 s.
1885 750 149 50 metaph-

1311 789 109 46 Sed
1374 789 124 46 illa
1451 789 109 46 non
1513 789 171 46 obstant
1637 789 186 46 veritati
1777 789 109 46 iam
1839 789 171 46 dictae:
1963 789 124 46 quia
2041 789 93 46 8.
2072 789 93 46 Augu

1306 826 170 53 expresse
1433 826 127 53 dicit
1518 826 85 53 s.
1560 826 99 53 lib
1617 826 85 53 de
1659 826 127 53 trin.
1744 826 113 53 quod
1815 826 155 53 creator
1928 826 170 53 relatiue
2041 826 127 53 dicitur

1313 879 96 44 ad
1361 879 223 44 creaturam,
1536 879 144 44 sicut
1632 879 176 44 Dominus
1760 879 96 44 ad
1808 879 176 44 seruum,
1935 879 128 44 ergo
1999 879 64 44 &c

1341 911 105 48 Ad
1393 911 175 48 primum
1516 911 140 48 ergo
1603 911 228 48 dicendum,
1778 911 140 48 quod
1866 911 193 48 quamuis
1988 911 175 48 relatiua

1322 949 84 41 vt
1364 949 168 41 relatiua
1490 949 126 41 sunt,
1574 949 112 41 sint
1644 949 126 41 simul
1728 949 154 41 natura,
1840 949 126 41 tamen
1924 949 98 41 non
1980 949 154 41 oportet
2078 949 84 41 fun-

1319 989 177 46 damenta,
1452 989 103 46 seu
1511 989 177 46 subiecta
1643 989 206 46 relationum
1806 989 118 46 esse
1879 989 147 46 simul;
1982 989 74 46 &
2012 989 118 46 ideo
2071 989 103 46 quam-

1320 1034 100 45 uis
1377 1034 115 45 Deus
1449 1034 86 45 vt
1492 1034 158 45 creator
1606 1034 129 45 simul
1692 1034 100 45 sit
1750 1034 100 45 cum
1807 1034 115 45 ipsa
1878 1034 186 45 creatura,
2022 1034 100 45 nec
2065 1034 100 45 prius

1324 1068 109 38 esse
1392 1068 177 38 potuerit,
1528 1068 109 38 quam
1597 1068 122 38 esset
1678 1068 177 38 creatura:
1814 1068 109 38 quia
1882 1068 82 38 vt
1923 1068 150 38 creator
2032 1068 109 38 est,
2086 1068 82 38 ter-

1314 1107 136 50 minat
1405 1107 227 50 relationem,
1586 1107 106 50 qua
1647 1107 182 50 creatura
1783 1107 182 50 refertur
1919 1107 91 50 ad
1964 1107 151 50 ipsum,
2055 1107 121 50 tamen,

1317 1145 90 54 vt
1362 1145 120 54 Deus
1437 1145 120 54 est,
1512 1145 195 54 praecedit
1662 1145 135 54 omnem
1752 1145 210 54 creaturam:
1916 1145 120 54 quia
1991 1145 90 54 vt
2036 1145 120 54 sic,
2096 1145 75 54 non

1304 1178 166 48 dicitur
1425 1178 196 48 relatiue,
1576 1178 106 48 sed
1621 1178 166 48 absolute.

1330 1224 108 49 Ad
1384 1224 216 49 secundum
1546 1224 234 49 dicendum,
1726 1224 144 49 quod
1815 1224 126 49 non
1887 1224 180 49 omnium
2013 1224 126 49 est
2067 1224 108 49 com-

1320 1265 191 47 paratio,
1463 1265 159 47 quorum
1574 1265 111 47 est
1638 1265 191 47 relatio,
1781 1265 175 47 proprie
1908 1265 191 47 loquendo
2051 1265 95 47 de
2083 1265 95 47 com-

1322 1300 187 45 paratione
1465 1300 129 45 modo,
1552 1300 101 45 quo
1609 1300 115 45 illa
1681 1300 173 45 dicuntur
1811 1300 86 45 ad
1854 1300 86 45 se
1897 1300 244 45 comparabilia,
2084 1300 86 45 quae

1317 1343 90 46 ad
1362 1343 90 46 se
1407 1343 135 46 mutuo
1497 1343 120 46 sunt
1572 1343 240 46 ordinabilia,
1767 1343 105 46 sed
1827 1343 135 46 solum
1917 1343 180 46 illorum,
2052 1343 120 46 quae
2112 1343 60 46 ad

1308 1381 172 50 inuicem
1434 1381 219 50 referuntur
1606 1381 141 50 penes
1700 1381 250 50 quantitatem,
1903 1381 110 50 vel
1966 1381 235 50 qualitatem.

1311 1420 136 51 iuxta
1401 1420 121 51 quae
1477 1420 166 51 alterum
1598 1420 151 51 altero
1703 1420 151 51 potest
1809 1420 121 51 dici
1884 1420 151 51 maius,
1990 1420 106 51 vel
2050 1420 151 51 minus,

1316 1461 154 53 melius,
1428 1461 98 53 vel
1484 1461 140 53 peius,
1582 1461 98 53 vel
1638 1461 154 53 albius,
1749 1461 70 53 &
1777 1461 98 53 sic
1833 1461 84 53 de
1875 1461 126 53 aliis
1959 1461 196 53 huiusmodi.
2099 1461 70 53 Re-

1307 1499 163 53 latione
1426 1499 118 53 enim
1500 1499 237 53 diuersitatis
1692 1499 192 53 referutur
1840 1499 89 53 ea
1884 1499 89 53 ad
1929 1499 89 53 se
1973 1499 178 53 inuicem,
2091 1499 89 53 quae

1311 1536 239 46 diuersorum
1499 1536 188 46 generum
1618 1536 103 46 sunt

1357 1578 96 49 Ad
1405 1578 176 49 tertium
1533 1578 160 49 potest
1646 1578 144 49 dici,
1742 1578 128 49 quod
1822 1578 112 49 non
1886 1578 176 49 oportet
1999 1578 176 49 fundamen-

1314 1617 89 40 ta
1359 1617 207 40 relationum
1521 1617 118 40 esse
1595 1617 162 40 eiusdem
1713 1617 177 40 generis,
1846 1617 103 40 sed
1905 1617 133 40 solum
1994 1617 133 40 ipsas
2068 1617 103 40 rela-

1313 1655 160 49 tiones,
1430 1655 189 49 quantitas
1575 1655 131 49 enim,
1662 1655 73 49 &
1691 1655 174 49 qualitas
1822 1655 203 49 differrent
1982 1655 160 49 genere;
2084 1655 87 49 quam

1312 1695 97 46 uis
1367 1695 207 46 aequalitas,
1533 1695 69 46 &
1561 1695 207 46 similitudo,
1727 1695 111 46 quae
1796 1695 180 46 fundantur
1934 1695 83 46 in
1976 1695 124 46 ipus,
2058 1695 111 46 sint
2114 1695 55 46 in

1303 1737 142 50 codem
1398 1737 157 50 genere
1508 1737 236 50 relationis.
1696 1737 142 50 Etiam
1791 1737 157 50 potest
1901 1737 142 50 dici,
1995 1737 126 50 quod
2058 1737 110 50 quam-

1319 1771 100 50 uis
1376 1771 114 50 Deus
1447 1771 85 50 in
1489 1771 128 50 nullo
1575 1771 142 50 genere
1674 1771 100 50 sit
1731 1771 114 50 ita,
1802 1771 114 50 quod
1873 1771 185 50 claudatur
2016 1771 85 50 in
2058 1771 100 50 eo;
2101 1771 71 50 est

1307 1812 140 46 tamen
1401 1812 93 46 in
1447 1812 186 46 quolibet
1587 1812 171 46 genere,
1711 1812 140 46 sicut
1804 1812 217 46 principium
1974 1812 155 46 illius
2067 1812 109 46 gene-

1305 1850 122 69 ris,
1381 1850 77 69 &
1412 1850 122 69 ideo
1488 1850 122 69 Deus
1565 1850 184 69 refertur
1703 1850 92 69 ad
1749 1850 199 69 quamlibet
1902 1850 107 69 rem
1963 1850 214 69 cuiuslibet
2116 1850 61 69 ge

1315 1894 147 48 neris,
1418 1894 132 48 sicut
1506 1894 205 48 principium
1667 1894 88 48 ad
1696 1894 220 48 principiatum.

1310 1971 857 50 ARTICVLVSI

1299 2057 153 50 Vtrum
1401 2057 204 50 relatio,
1555 2057 136 50 quae
1640 2057 119 50 est
1708 2057 153 50 inter
1810 2057 153 50 Deum,
1912 2057 85 50 &
1946 2057 239 50 creaturum,
2117 2057 68 50 su

1572 2099 160 74 vealis
1684 2099 96 74 ex
1732 2099 144 74 parte
1812 2099 96 74 Dei.

1329 2191 187 65 VANTVM
1460 2191 112 65 ad
1517 2191 225 65 secundum
1685 2191 281 65 principale,
1910 2191 150 65 dato
2003 2191 150 65 quod
2078 2191 94 65 sit

1321 2247 185 52 relatio
1455 2247 151 52 inter
1556 2247 151 52 Deum,
1657 2247 84 52 &
1690 2247 235 52 creaturas,
1875 2247 151 52 vtrum
1976 2247 117 52 sit
2026 2247 151 52 relatio

1312 2292 150 44 realis
1417 2292 90 44 ex
1462 2292 135 44 parte
1553 2292 120 44 Dei;
1628 2292 120 44 pono
1703 2292 120 44 duas
1763 2292 226 44 conclusiones.

1358 2322 143 63 Prima
1454 2322 111 63 est
1517 2322 127 63 quod
1597 2322 175 63 relatio
1724 2322 111 63 Deo
1787 2322 207 63 adueniens
1931 2322 239 63 temporaliter,

1310 2356 85 61 ex
1352 2356 127 61 parte
1437 2356 99 61 Dei
1494 2356 99 61 non
1550 2356 99 61 est
1593 2356 127 61 realis.

1352 2395 188 63 pecunda,
1493 2395 125 63 quod
1571 2395 109 63 hoc
1634 2395 109 63 non
1696 2395 203 63 obstante,
1852 2395 125 63 Deus
1931 2395 141 63 tamen
2024 2395 125 63 vere
2087 2395 78 63 ter

1310 2443 141 49 minat
1405 2443 220 49 relationem
1577 2443 220 49 creaturae,
1750 2443 79 49 &
1781 2443 94 49 ex
1829 2443 110 49 hoc
1891 2443 188 49 secundum
2017 2443 157 49 rationem

1304 2478 184 50 refertur
1442 2478 92 50 ad
1473 2478 184 50 creaturam.

1342 2520 148 53 Circa
1440 2520 164 53 primam
1555 2520 115 53 sic
1621 2520 214 53 procedam.
1785 2520 148 53 Primo
1884 2520 132 53 enim
1966 2520 181 53 probabo
2081 2520 99 53 con-

1319 2555 211 50 clusionem
1481 2555 211 50 aliquibus
1644 2555 244 50 rationibus,
1839 2555 179 50 secundo
1969 2555 179 50 adducam
2083 2555 98 50 con-

1311 2600 111 55 tra
1374 2600 95 55 ea
1422 2600 158 55 motiua
1532 2600 205 55 oppositae
1690 2600 221 55 opinionis,
1864 2600 79 55 &
1896 2600 158 55 tertio
1990 2600 190 55 respondebo

1304 2637 93 50 ad
1350 2637 108 50 ea.
1412 2637 139 50 Primo
1505 2637 155 50 igitur
1613 2637 248 50 conclusionem
1815 2637 139 50 probo
1892 2637 93 50 sic.

1313 2678 79 48 1
1345 2678 158 48 Nullum
1456 2678 127 48 ens,
1535 2678 127 48 quod
1614 2678 237 48 simpliciter
1804 2678 111 48 est
1867 2678 174 48 necesse
1994 2678 142 48 esse,
2073 2678 95 48 pos-

1307 2712 155 57 sibile
1416 2712 109 57 est
1478 2712 109 57 Deo
1540 2712 202 57 conuenire
1696 2712 93 57 ex
1742 2712 171 57 tepore,
1866 2712 109 57 sed
1929 2712 140 57 omne,
2022 2712 124 57 quod
2084 2712 93 57 rea-

1318 2753 109 42 iter
1386 2753 95 42 est
1441 2753 82 42 in
1482 2753 109 42 Deo,
1550 2753 95 42 est
1604 2753 204 42 simpliciter
1768 2753 150 42 necesse
1877 2753 123 42 esse:
1958 2753 109 42 quia
2026 2753 123 42 nihil
2094 2753 82 42 exi-

1311 2791 132 54 stens
1399 2791 176 54 realiter
1531 2791 88 54 in
1575 2791 117 54 actu
1649 2791 205 54 purissimo,
1810 2791 73 54 &
1840 2791 220 54 simpliciter
2016 2791 147 54 primo,
2104 2791 73 54 po-

1318 2842 117 52 test
1391 2842 117 52 essc
1464 2842 219 52 contingens,
1640 2842 117 52 ergo
1713 2842 131 52 nulla
1800 2842 161 52 relatio
1917 2842 175 52 realiter
2034 2842 146 52 existens

1306 2871 96 58 in
1354 2871 112 58 Deo
1418 2871 160 58 potest
1530 2871 112 58 Deo
1594 2871 192 58 aduenire
1739 2871 96 58 ex
1787 2871 192 58 tempore,
1931 2871 128 58 ergo
1995 2871 80 58 &c.

1324 2916 86 55 2
1358 2916 241 55 Praeterea,
1547 2916 103 55 si
1599 2916 206 55 relatio,
1753 2916 120 55 per
1822 2916 137 55 quam
1908 2916 137 55 Deus
1994 2916 103 55 ex
2028 2916 155 55 tempore

1319 2955 178 54 refertur
1453 2955 89 54 ad
1497 2955 193 54 creaturam
1646 2955 134 54 esset
1735 2955 119 54 vera
1809 2955 104 54 res
1868 2955 178 54 realiter
2002 2955 89 54 in
2046 2955 104 54 Deo
2091 2955 89 54 exi-

1323 2990 137 55 tens,
1414 2990 122 55 tunc
1491 2990 183 55 creatura
1628 2990 183 55 secundum
1766 2990 122 55 esse
1842 2990 168 55 creatum
1964 2990 122 55 vere
2041 2990 137 55 esset
2117 2990 61 55 in

1309 3029 134 54 Deo.
1393 3029 235 54 consequens
1577 3029 117 54 est
1645 3029 268 54 impossibile:
1862 3029 134 54 quia
1946 3029 117 54 cum
2013 3029 134 54 omne
2080 3029 101 54 quod

1323 3070 103 54 est
1382 3070 89 54 in
1427 3070 103 54 Deo
1486 3070 177 54 realiter
1619 3070 118 54 vere
1693 3070 103 54 sit
1752 3070 133 54 Deus,
1840 3070 222 54 sequeretur,
2018 3070 118 54 quod
2077 3070 103 54 crea
