2410 3555
424 224 115 78 sua,
495 224 115 78 quae
567 224 100 78 est
624 224 129 78 idem,
710 224 115 78 quod
782 224 172 78 essentia
911 224 115 78 sua,
982 224 86 78 ab
1025 224 143 78 eterno
1125 224 143 78 sciuit
1211 224 72 78 om-

428 292 114 52 nem
493 292 228 52 creaturam,
672 292 130 52 ergo
737 292 81 52 &c.

475 321 103 54 Sed
534 321 117 54 illa
607 321 103 54 non
666 321 220 54 concludunt:
842 321 117 54 quia
916 321 132 54 sicut
1004 321 88 54 in
1048 321 103 54 hac
1107 321 162 54 matetia
1210 321 73 54 di-

429 361 102 53 cut
488 361 189 53 sollemnes
633 361 189 53 doctores,
778 361 174 53 scilicet
909 361 160 53 sanctus
1025 361 116 53 Tho.
1097 361 73 53 &
1126 361 145 53 frater
1213 361 73 53 AE-

422 408 155 58 gidius,
534 408 98 58 ea,
591 408 113 58 quae
661 408 169 58 realiter
788 408 84 58 ad
830 408 84 58 se
872 408 127 58 mutuo
956 408 211 58 referuntur,
1125 408 113 58 illa
1196 408 84 58 ad
1224 408 56 58 se

426 459 139 35 mutuo
518 459 186 35 realiter
658 459 232 35 ordinantur:
844 459 108 35 sed
905 459 124 35 Deus
983 459 108 35 non
1045 459 201 35 ordinatur
1184 459 93 35 rea-

421 490 134 50 liter
510 490 89 50 ad
555 490 208 50 creaturam,
719 490 104 50 cum
778 490 89 50 ab
823 490 119 50 ipsa
897 490 89 50 in
942 490 134 50 nullo
1031 490 208 50 dependeat,
1180 490 104 50 quam-

429 524 108 62 uis
490 524 201 62 econuerso
645 524 186 62 creatura
785 524 201 62 ordinetur
939 524 93 62 ad
986 524 139 62 Deum:
1079 524 124 62 quia
1156 524 93 62 ab
1187 524 93 62 ipso

423 564 191 46 realiter
567 564 207 46 dependet,
726 564 128 46 ergo
806 564 128 46 Deus
885 564 112 46 non
949 564 191 46 refertur
1093 564 191 46 realiter
1220 564 64 46 ad

426 603 220 44 creaturam,
599 603 173 44 quamuis
724 603 204 44 econuerso
881 603 188 44 creatura
1022 603 188 44 realiter
1148 603 141 44 refera-

427 641 119 54 tur
495 641 102 54 ad
546 641 154 54 ipsum
632 641 119 54 Deum.

466 680 99 48 Ad
516 680 165 48 primum
632 680 165 48 igitur
747 680 198 48 dicendum
896 680 132 48 quod
979 680 149 48 maior
1078 680 116 48 non
1144 680 116 48 est
1193 680 83 48 ve-

426 717 105 49 ra:
486 717 120 49 quia
561 717 120 49 omne
636 717 165 49 mouens,
756 717 120 49 siue
831 717 135 49 agens
920 717 165 49 actione
1040 717 225 49 transeunte,
1205 717 75 49 de-

426 762 208 45 nominatur
586 762 80 45 a
618 762 144 45 motu,
714 762 112 45 vel
778 762 96 45 ab
826 762 192 45 actione,
970 762 176 45 quamuis
1098 762 144 45 motus
1178 762 96 45 tali

429 801 99 45 non
485 801 99 45 sit
542 801 85 45 in
584 801 170 45 mouente,
712 801 99 45 sed
768 801 85 45 in
811 801 155 45 mobili,
924 801 71 45 &
952 801 127 45 actio
1037 801 127 45 talis
1122 801 99 45 non
1178 801 99 45 sit
1220 801 57 45 in

426 836 164 47 agente,
545 836 104 47 sed
605 836 89 47 in
650 836 149 47 passo:
754 836 89 47 Ad
799 836 164 47 minorem
918 836 134 47 tamen
1008 836 149 47 potest
1112 836 134 47 dici,
1187 836 89 47 quod

428 880 131 46 Deus
509 880 98 46 in
559 880 180 46 omnibus
690 880 180 46 talibus
821 880 213 46 nominibus
984 880 246 46 denominatur
1181 880 82 46 a
1197 880 82 46 fos

426 920 93 44 ma
472 920 201 44 absoluta,
627 920 139 44 prout
720 920 139 44 talis
813 920 139 44 forma
905 920 186 44 terminat
1045 920 155 44 realem
1138 920 139 44 ordinem

428 957 126 43 siue
507 957 221 43 relationem
681 957 205 43 creaturae
839 957 95 43 ad
886 957 142 43 ipsum
981 957 142 43 Deum,
1076 957 174 43 dicitur
1186 957 95 43 enim

428 998 181 44 Dominus,
564 998 136 44 prout
655 998 136 44 habet
745 998 91 44 in
790 998 91 44 se
836 998 196 44 potentiam
987 998 227 44 conactiuam,
1168 998 91 44 ad
1198 998 91 44 quam

428 1034 178 47 seruitus
562 1034 193 47 creaturae
710 1034 223 47 terminatur.
888 1034 163 47 Dicitur
1007 1034 178 47 creator,
1141 1034 134 47 prout
1215 1034 74 47 ha-

419 1073 109 47 bet
482 1073 93 47 in
528 1073 93 47 se
575 1073 202 47 potentiam
730 1073 233 47 creatricem,
916 1073 93 47 ad
963 1073 124 47 quam
1041 1073 171 47 relatio
1149 1073 140 47 creatu-

426 1112 105 61 tae
471 1112 196 61 terminatur.

465 1147 101 53 Ad
516 1147 203 53 secundum
668 1147 219 53 dicendum,
836 1147 135 53 quod
921 1147 135 53 Deus
1005 1147 203 53 respectu
1140 1147 152 53 creatu-

424 1193 107 50 tae
485 1193 107 50 sic
546 1193 107 50 est
608 1193 215 50 producens,
777 1193 123 50 quod
853 1193 138 50 etiam
945 1193 107 50 est
1007 1193 169 50 mensura
1114 1193 169 50 producti,

430 1231 121 48 ideo
505 1231 166 48 relatio
626 1231 151 48 actiui
732 1231 91 48 ex
777 1231 136 48 parte
868 1231 106 48 Dei
928 1231 181 48 trahitur
1064 1231 91 48 ad
1095 1231 181 48 relationem

416 1276 129 41 quae
496 1276 97 41 se
545 1276 145 41 habet
641 1276 129 41 modo
722 1276 209 41 mensurae:
883 1276 113 41 sed
947 1276 129 41 quia
1027 1276 177 41 mensura
1156 1276 97 41 ad
1188 1276 97 41 men-

424 1308 165 47 suratum
544 1308 105 47 non
604 1308 180 47 refertur
740 1308 195 47 realiter,
890 1308 120 47 ergo
950 1308 75 47 &c.

468 1343 98 57 Ad
517 1343 179 57 tertium
647 1343 131 57 nego
729 1343 196 57 minorem.
876 1343 98 57 Ad
924 1343 245 57 probationem
1120 1343 147 57 dico,
1202 1343 65 57 qu

426 1388 135 47 licet
516 1388 90 47 in
561 1388 135 47 illis
651 1388 165 47 quinque
771 1388 150 47 diebus
875 1388 105 47 non
935 1388 150 47 fuerit
1040 1388 225 47 intellectus
1205 1388 75 47 hu-

432 1431 148 48 manus,
536 1431 118 48 fuit
610 1431 133 48 tamen
698 1431 222 48 intellectus
876 1431 192 48 angelicus
1024 1431 74 48 &
1053 1431 177 48 diuinus,
1186 1431 104 48 qui
1231 1431 44 48 v

438 1468 139 44 dentes
535 1468 195 44 relationem
688 1468 139 44 realem
786 1468 139 44 ipsius
883 1468 181 44 creaturae
1022 1468 181 44 terminari
1161 1468 83 44 ad
1189 1468 97 44 acti-

419 1512 112 40 uam
483 1512 207 40 potentiam
642 1512 223 40 creatoris,
818 1512 191 40 poterant
961 1512 175 40 econtra
1089 1512 191 40 secundum
1216 1512 64 40 ra

429 1546 160 44 tionem
541 1546 207 44 concipere
700 1546 223 44 relationem
876 1546 192 44 creantis
1020 1546 96 44 ad
1051 1546 192 44 creaturam.

444 1583 101 44 Ad
495 1583 185 44 quartum
629 1583 135 44 nego
713 1583 202 44 maiorem:
865 1583 135 44 quia
949 1583 185 44 relatio
1083 1583 202 44 mensurae
1218 1583 67 44 ad

427 1618 236 47 mensuratum
612 1618 152 47 habet
713 1618 253 47 fundamentum
916 1618 168 47 reale,
1033 1618 84 47 &
1067 1618 185 47 extrema
1185 1618 101 47 rea-

418 1662 123 45 liter
500 1662 192 45 distincta,
651 1662 68 45 &
678 1662 123 45 tamen
761 1662 96 45 non
815 1662 96 45 est
870 1662 151 45 realis,
980 1662 82 45 vt
1021 1662 137 45 patet.
1117 1662 82 45 5.
1158 1662 96 45 met
1199 1662 82 45 aph-

417 1704 89 41 de
462 1704 192 41 relatione
610 1704 178 41 scibilis
743 1704 89 41 ad
772 1704 178 41 scientiam.

461 1732 97 60 Ad
509 1732 178 60 quintum
639 1732 130 60 nego
720 1732 194 60 minorem.
866 1732 97 60 Ad
915 1732 243 60 probationem
1109 1732 146 60 dico,
1190 1732 81 60 quo

420 1777 163 52 relatio
539 1777 208 52 productiui
702 1777 89 52 ad
747 1777 223 52 producibile
925 1777 178 52 creabile
1059 1777 104 52 non
1119 1777 119 52 fuit
1178 1777 104 52 rela-

420 1827 104 38 tio
480 1827 148 38 realis
583 1827 89 38 ab
628 1827 163 38 aeterno
747 1827 89 38 in
791 1827 119 38 Deo:
865 1827 119 38 quia
940 1827 104 38 non
999 1827 148 38 habuit
1103 1827 163 38 extrema
1207 1827 74 38 rea

423 1857 141 47 liter
518 1857 220 47 distincta:
690 1857 188 47 creabile
832 1857 141 47 enim,
926 1857 188 47 antequam
1067 1857 126 47 fuit
1130 1857 157 47 creatum,

414 1895 101 51 non
471 1895 202 51 differebat
630 1895 173 51 realiter
761 1895 72 51 a
789 1895 188 51 creatrice
934 1895 188 51 essentia,
1079 1895 87 51 vt
1122 1895 159 51 patebit
1223 1895 58 51 in

424 1948 87 34 2.
467 1948 144 34 libro:
568 1948 115 34 quia
640 1948 159 34 relatio
755 1948 144 34 realis
856 1948 173 34 requirit
986 1948 159 34 extrema
1101 1948 173 34 realiter
1217 1948 72 34 di-

421 1976 173 44 stincta,
551 1976 116 44 ergo
623 1976 87 44 in
666 1976 116 44 illa
738 1976 202 44 probatione
897 1976 130 44 datur
984 1976 101 44 non
1042 1976 130 44 causa
1128 1976 101 44 pro
1171 1976 116 44 causa:

413 2019 125 44 quia
491 2019 234 44 dependentia
679 2019 94 44 ab
726 2019 219 44 intellectu
897 2019 109 44 non
960 2019 109 44 est
1022 2019 156 44 causa,
1132 2019 141 44 quare
1210 2019 62 44 hu

425 2060 158 47 iusmodi
540 2060 158 47 relatio
655 2060 101 47 non
713 2060 101 47 sit
770 2060 158 47 realis;
886 2060 101 47 sed
943 2060 231 47 indistinctio
1116 2060 173 47 extremorum

427 2092 90 49 est
466 2092 90 49 causa

458 2129 99 63 Ad
508 2129 165 63 sextum
624 2129 132 63 nego
706 2129 182 63 maiorem
838 2129 99 63 in
888 2129 132 63 tali
970 2129 182 63 materia
1102 2129 116 63 cum
1152 2129 132 63 produ-

424 2174 114 55 cens
495 2174 100 55 est
552 2174 185 55 infinitae
694 2174 156 55 naturae
808 2174 71 55 &
836 2174 213 55 simpliciter
1007 2174 156 55 necesse
1121 2174 128 55 esse:
1192 2174 85 55 qui-

413 2214 127 44 tunc
492 2214 206 44 productum
651 2214 95 44 in
699 2214 143 44 eadem
794 2214 159 44 natura
905 2214 111 44 est
969 2214 143 44 aeque
1064 2214 206 44 perfectum
1207 2214 79 44 cum

413 2255 233 51 producente,
600 2255 171 51 propter
724 2255 124 51 quod
802 2255 140 51 inter
895 2255 124 51 tale
973 2255 218 51 producens,
1144 2255 78 51 &
1160 2255 124 51 produm

423 2290 119 54 ctum
498 2290 149 54 potest
602 2290 119 54 esse
676 2290 149 54 mutuus
780 2290 134 54 ordo:
869 2290 119 54 quia
944 2290 208 54 aequaliter
1107 2290 89 54 se
1137 2290 149 54 coexigut

414 2332 107 46 sed
475 2332 198 46 productum
627 2332 76 46 a
657 2332 122 46 tali
733 2332 213 46 producente
901 2332 91 46 in
946 2332 152 46 aliena
1053 2332 152 46 natura
1159 2332 152 46 ratio

424 2374 85 40 ne
466 2374 113 40 suae
537 2374 183 40 limitatae
678 2374 226 40 perfectionis
861 2374 85 40 in
903 2374 183 40 infinitum
1044 2374 141 40 distat
1143 2374 71 40 a
1157 2374 127 40 nobili-

425 2409 134 52 tate,
514 2409 74 52 &
544 2409 223 52 perfectione
722 2409 237 52 producentis,
915 2409 74 52 &
945 2409 119 52 ideo
1019 2409 134 52 licet
1108 2409 193 52 dependeat
1241 2409 45 52 a

425 2452 226 41 producente
602 2452 81 41 &
635 2452 210 41 ordinetur
796 2452 97 41 ad
844 2452 161 41 ipsum,
957 2452 81 41 &
990 2452 113 41 per
1054 2452 226 41 consequens
1215 2452 65 41 ad

423 2490 137 47 ipsum
514 2490 183 47 realiter
651 2490 213 47 referatur,
818 2490 137 47 tamen
910 2490 107 47 hoc
971 2490 107 47 non
1032 2490 152 47 potest
1138 2490 137 47 fieri
1214 2490 61 47 e-

422 2538 193 44 conuerso
567 2538 177 44 propter
695 2538 289 44 independentiam
936 2538 257 44 producentis.
1145 2538 96 44 ad
1178 2538 96 44 pro-

422 2572 191 52 bationem
565 2572 143 52 dico,
661 2572 127 52 quod
741 2572 159 52 peccat
852 2572 111 52 per
916 2572 271 52 assignationem
1139 2572 111 52 non
1186 2572 96 52 cau-

418 2604 101 46 sae
475 2604 101 46 pro
519 2604 101 46 causa

453 2636 152 56 Potest
559 2636 137 56 etiam
650 2636 122 56 dici
727 2636 91 56 ad
772 2636 167 56 sextum,
894 2636 122 56 quod
970 2636 137 56 maior
1061 2636 106 56 non
1122 2636 106 56 est
1168 2636 106 56 vera,

414 2680 155 52 quando
522 2680 139 52 ratio
615 2680 232 52 producentis
800 2680 170 52 aliquid
924 2680 93 52 in
970 2680 232 52 diuersitate
1140 2680 124 52 natura

423 2731 199 36 coincidit
576 2731 92 36 in
622 2731 184 36 rationem
760 2731 199 36 mensurae,
913 2731 77 36 &
943 2731 199 36 producens
1097 2731 123 36 sine
1158 2731 107 36 diuer

415 2762 151 54 sitate
520 2762 166 54 naturae
641 2762 106 54 non
701 2762 196 54 coincidit
852 2762 90 54 in
897 2762 181 54 rationem
1033 2762 196 54 mensurae,
1184 2762 75 54 &
1199 2762 75 54 sic

417 2806 100 39 est
474 2806 85 39 in
516 2806 199 39 proposito:
673 2806 114 39 quia
744 2806 114 39 Deus
815 2806 100 39 sic
872 2806 171 39 producit
1000 2806 199 39 creaturam,
1156 2806 114 39 quod
1213 2806 71 39 est

415 2843 154 43 mensura
527 2843 196 43 creaturae,
682 2843 98 43 sic
738 2843 126 43 autem
822 2843 168 43 producit
948 2843 154 43 filium,
1061 2843 112 43 quod
1131 2843 126 43 tamen
1201 2843 70 43 non

420 2878 103 47 est
479 2878 161 47 mensura
596 2878 146 47 filij,
699 2878 103 47 cum
757 2878 146 47 filius
860 2878 103 47 sit
918 2878 161 47 eiusdem
1036 2878 249 47 perfectionis,
1226 2878 44 47 &

410 2915 228 52 dipnitatis
589 2915 114 52 cum
637 2915 114 52 patre

452 2944 91 58 Et
497 2944 106 58 per
558 2944 122 58 idem
634 2944 137 58 patet
726 2944 91 58 ad
771 2944 198 58 septimum:
923 2944 122 58 quia
999 2944 106 58 cum
1060 2944 122 58 res,
1136 2944 122 58 quae
1197 2944 76 58 est

407 3000 235 45 principium,
595 3000 204 45 coincidit
752 3000 110 45 cum
815 3000 110 45 eo,
877 3000 125 45 quod
956 3000 172 45 proprie
1081 3000 110 45 est
1128 3000 141 45 mensura

408 3040 123 40 tunc
484 3040 169 40 relatio
607 3040 200 40 importata
761 3040 154 40 nomine
869 3040 200 40 princibij
1022 3040 108 40 non
1084 3040 108 40 est
1130 3040 138 40 relatio

420 3072 175 57 realis,
548 3072 112 57 sed
611 3072 191 57 secundum
755 3072 191 57 rationem
898 3072 175 57 tantum,
1026 3072 143 57 ficut
1122 3072 112 57 est
1169 3072 96 57 rela

1303 238 116 62 tio
1353 238 182 62 mensurae.

1353 283 165 47 Potest
1468 283 148 47 etiam
1567 283 132 47 dici
1649 283 99 47 ad
1699 283 198 47 minorem,
1847 283 132 47 quod
1930 283 115 47 hoc
1996 283 148 47 nomen
2078 283 99 47 prin

1318 326 153 46 cipium
1425 326 107 46 non
1486 326 153 46 semper
1592 326 214 46 formaliter
1760 326 214 46 significat
1928 326 229 46 relationem,
2096 326 76 46 es-

1312 366 144 44 sentia
1412 366 115 44 enim
1484 366 144 44 diuina
1585 366 202 44 formaliter
1744 366 173 44 existens
1873 366 187 44 absoluta,
2017 366 101 44 est
2060 366 101 44 prin-

1310 415 152 40 cipium
1416 415 213 40 generandi,
1584 415 76 40 &
1614 415 213 40 principium
1782 415 198 40 spirandi;
1934 415 198 40 accipitur
2072 415 91 40 ergo

1311 442 164 44 saepius
1430 442 209 44 principium
1594 442 104 44 non
1654 442 209 44 formaliter
1818 442 104 44 pro
1878 442 209 44 relatione:
2042 442 104 44 sed
2086 442 75 44 per

1307 487 191 50 absoluto
1451 487 223 50 connotante
1626 487 143 50 tamen
1722 487 223 50 relationem
1897 487 159 50 ipsius
1993 487 175 50 principia

1307 522 106 42 ti,
1367 522 121 42 quam
1443 522 197 42 terminat,
1595 522 76 42 &
1625 522 106 42 hoc
1686 522 182 42 sufficit
1822 522 212 42 philosopho
1989 522 91 42 1.
2019 522 152 42 physico-

1312 562 122 44 rum:
1388 562 122 44 quia
1465 562 107 44 per
1526 562 122 44 illa
1603 562 138 44 verba
1694 562 184 44 intendit
1832 562 168 44 probare
1955 562 153 44 contra
2047 562 122 44 Parme-

1318 603 176 46 nidem,
1441 603 88 46 &
1477 603 246 46 Mellissum,
1670 603 141 46 quod
1758 603 123 46 non
1828 603 123 46 sit
1899 603 141 46 vnum
1987 603 158 46 solum
2075 603 106 46 ens,

1314 638 111 56 sed
1377 638 142 56 multa
1472 638 126 56 sunt
1551 638 126 56 quae
1614 638 95 56 sunt

1320 678 100 42 Ad
1370 678 183 42 octauum
1503 678 216 42 dicendum,
1670 678 133 42 quod
1753 678 150 42 maior
1853 678 116 42 non
1919 678 116 42 est
1986 678 150 42 vera,
2069 678 100 42 nifi

1320 718 178 43 fundetur
1454 718 134 43 talis
1543 718 208 43 diuersitas
1706 718 89 43 in
1751 718 193 43 terminis,
1900 718 104 43 qui
1959 718 134 43 mutuo
2048 718 119 43 sunt
2108 718 59 43 ad

1319 759 179 51 inuicem
1433 759 228 51 ordinabiles.

1321 793 154 54 Etiam
1424 793 171 54 potest
1543 793 137 54 dici
1629 793 103 54 ad
1680 793 205 54 minorem,
1835 793 137 54 quod
1920 793 154 54 sicut
2023 793 137 54 Deus
2091 793 86 54 est

1323 839 128 50 vnus
1403 839 112 50 per
1467 839 240 50 substantiam
1659 839 128 50 suam
1739 839 80 50 &
1770 839 112 50 non
1834 839 112 50 per
1898 839 240 50 intentionem
2074 839 96 50 addi

1312 878 119 44 tam,
1387 878 104 44 sic
1446 878 104 44 est
1506 878 194 44 diuersus,
1655 878 104 44 seu
1715 878 209 44 distinctus
1879 878 75 44 a
1909 878 194 44 quocumque
2043 878 134 44 distin-

1313 914 162 53 guitur
1426 914 113 53 per
1491 914 211 53 essentiam
1653 914 146 53 suam,
1751 914 81 53 &
1783 914 113 53 non
1848 914 113 53 per
1913 914 178 53 aliquam
2042 914 162 53 tealem

1317 956 231 54 relationem
1481 956 165 54 additam.

1351 995 99 51 Ad
1401 995 165 51 nonum,
1517 995 99 51 ad
1566 995 182 51 minorem
1698 995 215 51 dicendum,
1863 995 132 51 quod
1946 995 99 51 eo
1995 995 149 51 ipso,
2078 995 99 51 quod

1313 1030 127 50 Deus
1392 1030 174 50 proprie
1519 1030 174 50 dicitur
1646 1030 190 50 creator,
1788 1030 79 50 &
1820 1030 190 50 Dominus,
1962 1030 127 50 ideo
2026 1030 142 50 proprie

1316 1072 104 43 est
1376 1072 89 43 in
1420 1072 104 43 Deo
1480 1072 179 43 potentia
1614 1072 194 43 creatiua,
1763 1072 75 43 &
1793 1072 179 43 potentia
1927 1072 239 43 coercitatiua
2106 1072 75 43 ter

1309 1121 150 54 minans
1414 1121 210 54 relationes
1578 1121 210 54 creaturae,
1743 1121 75 54 &
1773 1121 135 54 omnis
1863 1121 224 54 seruitutis,
2042 1121 105 54 qua
2087 1121 90 54 crea

1320 1151 113 54 tura
1390 1151 113 54 ipsi
1461 1151 99 54 Deo
1503 1151 184 54 subiicitur,

1349 1196 97 38 Ad
1397 1196 177 38 decimum
1526 1196 210 38 dicendum,
1687 1196 129 38 quod
1768 1196 193 38 scientia
1913 1196 161 38 nostra
2010 1196 161 38 realiter

1316 1231 161 42 refertur
1436 1231 81 42 ad
1477 1231 161 42 scibile,
1598 1231 107 42 quia
1665 1231 107 42 ipsa
1732 1231 188 42 mensuratur
1880 1231 67 42 a
1907 1231 161 42 scibili,
2028 1231 94 42 sed
2068 1231 94 42 scie-

1320 1268 110 46 tia
1383 1268 110 46 Dei
1446 1268 110 46 non
1509 1268 220 46 mensuratur
1681 1268 78 46 a
1713 1268 157 46 rebus,
1823 1268 110 46 sed
1885 1268 110 46 est
1948 1268 173 46 mensura
2058 1268 110 46 rerum

1306 1309 118 55 sic
1373 1309 118 55 ait
1441 1309 219 55 commen.1.
1609 1309 202 55 metaphi.
1760 1309 135 55 ergo
1844 1309 235 55 argumentum
2029 1309 118 55 est
2080 1309 84 55 pro

1310 1355 119 43 me,
1378 1355 85 43 &
1412 1355 171 43 contra
1532 1355 137 43 suum
1600 1355 256 43 compositorem.

1343 1387 173 46 Secunda
1469 1387 205 46 conclusio
1627 1387 142 46 patet
1721 1387 110 46 per
1784 1387 110 46 iam
1831 1387 142 46 dictam.

1341 1430 76 50 1
1371 1430 122 50 Quia
1447 1430 91 50 co
1493 1430 137 50 ipso,
1584 1430 122 50 quod
1660 1430 167 50 aliquid
1782 1430 198 50 relatione
1934 1430 137 50 reali
2010 1430 152 50 refertur

1313 1469 96 42 ad
1361 1469 175 42 aliquem
1488 1469 207 42 terminum,
1648 1469 239 42 intellectus
1839 1469 159 42 noster
1951 1469 175 42 naturam
2062 1469 112 42 termi

1317 1508 158 44 nantem
1428 1508 205 44 huiusmodi
1585 1508 221 44 relationem
1759 1508 189 44 concipit
1901 1508 174 44 econtra
2011 1508 158 44 referri;

1305 1545 106 39 sed
1366 1545 137 39 omnis
1457 1545 182 39 creatura
1594 1545 182 39 realiter
1730 1545 182 39 refertur
1867 1545 91 39 ad
1913 1545 137 39 Deum,
2004 1545 91 39 vt
2034 1545 137 39 patebit

1311 1588 114 52 in3
1376 1588 211 52 articulo,
1538 1588 130 52 ergo
1620 1588 130 52 Deus
1701 1588 163 52 saltem
1815 1588 195 52 secundum
1961 1588 195 52 rationem
2091 1588 81 52 re-

1311 1624 149 51 fertur
1415 1624 89 51 ad
1460 1624 194 51 creaturam

1320 1665 92 51 2
1356 1665 239 51 Preterea,
1540 1665 294 51 quandocumque
1779 1665 165 51 nomen
1889 1665 239 51 relatiuum
2054 1665 110 51 vere

1318 1704 216 46 praedicatur
1490 1704 86 46 de
1534 1704 158 46 aliquo,
1649 1704 86 46 si
1692 1704 86 46 ex
1735 1704 101 46 hoc
1793 1704 101 46 non
1850 1704 158 46 ponitur
1965 1704 86 46 in
2009 1704 86 46 eo
2037 1704 130 46 relatio

1313 1742 193 51 secundum
1457 1742 128 51 rem,
1538 1742 161 51 saltem
1650 1742 177 51 ponetur
1779 1742 96 51 in
1827 1742 96 51 eo
1875 1742 193 51 secundum
2003 1742 177 51 rationem,

1309 1782 113 61 sed
1373 1782 113 61 hoc
1438 1782 145 61 nomen
1534 1782 177 61 Dominus
1663 1782 113 61 est
1727 1782 209 61 relatiuum
1888 1782 80 61 &
1921 1782 129 61 vere
1985 1782 177 61 praedica.

1311 1820 110 56 tur
1374 1820 94 56 de
1421 1820 126 56 Deo,
1500 1820 126 56 ergo
1563 1820 63 56 &c

1345 1855 97 59 Sed
1401 1855 97 59 hic
1456 1855 139 59 posset
1554 1855 153 59 instari
1651 1855 195 59 tripliciter.

1356 1897 77 51 1
1386 1897 138 51 Primo
1478 1897 122 51 sic.
1555 1897 92 51 De
1601 1897 107 51 quo
1662 1897 122 51 vere
1738 1897 230 51 praedicatur
1922 1897 199 51 relatiuum
2060 1897 107 51 secun

1314 1940 99 49 dum
1371 1940 128 49 esse,
1456 1940 85 49 in
1498 1940 113 49 illo
1569 1940 128 49 debet
1654 1940 113 49 esse
1725 1940 142 49 realis
1825 1940 170 49 relatio,
1952 1940 71 49 &
1981 1940 99 49 non
2037 1940 128 49 solum
2108 1940 57 49 se

1309 1985 165 49 cundum
1424 1985 214 49 rationem:
1589 1985 115 49 sed
1654 1985 181 49 Dominus
1786 1985 115 49 est
1852 1985 214 49 relatiuum
2000 1985 165 49 secundum

1313 2022 123 40 esse
1389 2022 77 40 &
1420 2022 107 40 non
1481 2022 184 40 secundum
1619 2022 138 40 dici,
1711 2022 77 40 &
1742 2022 123 40 vere
1818 2022 230 40 praedicatur
2002 2022 92 40 de
2048 2022 107 40 Deo
2094 2022 61 40 si

1322 2056 99 46 tut
1378 2056 84 46 tu
1420 2056 113 46 ipse
1491 2056 141 46 dicis,
1589 2056 113 46 ergo
1646 2056 56 46 &c

1347 2096 83 44 2
1381 2096 183 44 Secundo
1514 2096 133 44 sic,
1597 2096 150 44 Nihil
1697 2096 100 44 in
1747 2096 150 44 vanum
1847 2096 150 44 debet
1947 2096 133 44 poni
2031 2096 100 44 in
2064 2096 100 44 Deo;

1309 2137 117 55 quia
1383 2137 88 55 si
1426 2137 117 55 Deus
1500 2137 73 55 &
1529 2137 146 55 natura
1631 2137 132 55 nihil
1719 2137 161 55 faciunt
1836 2137 176 55 frustra,
1968 2137 88 55 vt
2012 2137 161 55 dicitur
2114 2137 44 55 i

1305 2173 133 55 coeli
1394 2173 74 55 &
1424 2173 148 55 mundi,
1528 2173 133 55 multo
1616 2173 133 55 minus
1705 2173 148 55 potest
1809 2173 163 55 aliquid
1928 2173 163 55 frustra
2046 2173 119 55 esse
2106 2173 59 55 in

1316 2217 113 49 Deo,
1387 2217 99 49 sed
1443 2217 142 49 ratio,
1543 2217 99 49 cui
1600 2217 99 49 non
1656 2217 184 49 respondet
1798 2217 113 49 res,
1869 2217 128 49 cassa
1954 2217 99 49 est
2011 2217 71 49 &
2039 2217 128 49 vana,
2110 2217 57 49 vt

1306 2256 106 47 ait
1351 2256 151 47 Doetius.

1341 2284 74 64 3
1371 2284 149 64 Tertio
1475 2284 119 64 quia
1549 2284 89 64 si
1594 2284 178 64 relatio,
1728 2284 104 64 qua
1787 2284 119 64 Deus
1862 2284 164 64 dicitur
1981 2284 178 64 dominus,
2100 2284 59 64 so

1310 2333 109 56 lum
1373 2333 109 56 est
1435 2333 93 56 in
1481 2333 109 56 Deo
1543 2333 186 56 secundum
1683 2333 202 56 rationem,
1838 2333 124 56 tunc
1916 2333 233 56 sequeretur,
2087 2333 62 56 qu

1306 2375 128 45 Deus
1386 2375 96 45 ex
1434 2375 112 45 hoc
1498 2375 144 45 solum
1595 2375 144 45 esset
1691 2375 192 45 dominus,
1835 2375 128 45 quia
1899 2375 257 45 intelligeremus

1302 2419 125 44 eum
1373 2419 142 44 esse
1462 2419 214 44 dominum,
1623 2419 249 44 consequens
1819 2419 125 44 est
1890 2419 196 44 falsum,
2032 2419 142 44 ergo
2104 2419 53 44 &

1281 2449 212 49 antecedens

1342 2494 102 52 Ad
1393 2494 170 52 primum
1512 2494 221 52 dicendum,
1682 2494 136 52 quod
1768 2494 119 52 non
1836 2494 136 52 omne
1921 2494 221 52 relatiuum
2074 2494 85 52 se-

1312 2534 147 52 cundum
1415 2534 118 52 esse
1489 2534 177 52 realiter
1622 2534 192 52 refertur:
1769 2534 118 52 quia
1843 2534 133 52 sicut
1931 2534 192 52 quandoque
2079 2534 118 52 rela

1303 2574 102 43 tio
1362 2574 175 43 secundum
1493 2574 117 43 dici
1566 2574 102 43 est
1625 2574 161 43 relatio
1742 2574 161 43 realis,
1858 2574 102 43 sic
1917 2574 102 43 non
1975 2574 102 43 est
2019 2574 146 43 inconue-

1312 2611 151 53 niens,
1418 2611 121 53 quod
1493 2611 166 53 relatio
1614 2611 181 53 secundum
1750 2611 121 53 esse
1826 2611 196 53 quandoque
1977 2611 106 53 sit
2022 2611 136 53 relatio

1302 2650 211 41 secundum
1443 2650 176 41 rationem

1347 2686 93 60 Ad
1394 2686 186 60 secundum
1534 2686 124 60 dico
1611 2686 93 60 ad
1658 2686 186 60 minorem,
1798 2686 124 60 quod
1875 2686 186 60 rationi,
2015 2686 124 60 siue
2077 2686 78 60 ap-

1313 2733 238 46 prehensioni
1504 2733 238 46 intellectus
1694 2733 207 46 quandoque
1853 2733 143 46 nihil
1949 2733 207 46 respondet
2091 2733 64 46 in

1302 2777 90 45 re
1347 2777 150 45 extra,
1452 2777 135 45 sicut
1543 2777 105 45 cum
1603 2777 256 45 apprehenditur
1813 2777 180 45 chimera,
1949 2777 75 45 &
1979 2777 135 45 talis
2054 2777 105 45 ratio

1309 2813 102 48 est
1368 2813 131 48 cassa
1455 2813 73 48 &
1484 2813 131 48 vana,
1572 2813 73 48 &
1601 2813 87 48 de
1644 2813 116 48 tali
1717 2813 160 48 ratione
1834 2813 175 48 loquitur
1965 2813 116 48 ipse
2023 2813 131 48 Doetius

1312 2849 217 50 Quandoque
1479 2849 217 50 respondet
1647 2849 184 50 aliquid
1780 2849 100 50 in
1831 2849 100 50 re
1881 2849 150 50 extra
1981 2849 184 50 tamquam
2098 2849 67 50 im

1298 2892 233 49 mediatum,
1477 2892 90 49 &
1513 2892 215 49 proximum
1674 2892 287 49 fundamentum,
1907 2892 161 49 sicut
2015 2892 125 49 cum
2068 2892 90 49 ap-

1308 2924 243 54 prehenduntur
1505 2924 106 54 res
1566 2924 152 54 primae
1672 2924 243 54 intentionis,
1870 2924 121 54 puta
1945 2924 137 54 homo,
2037 2924 106 54 vel
2082 2924 76 54 la-

1313 2967 127 53 bis,
1393 2967 175 53 Sortes,
1520 2967 111 53 vel
1583 2967 159 53 Plato.
1695 2967 254 53 Quandocumque
1902 2967 143 53 autem
1981 2967 175 53 respondet

1297 3009 259 48 fundamentum
1504 3009 207 48 remotum,
1660 3009 86 48 &
1694 3009 225 48 mediatum,
1867 3009 86 48 &
1902 3009 121 48 hoc
1954 3009 207 48 dupliciter

1313 3050 118 50 quia
1387 3050 162 50 quaedam
1505 3050 133 50 sunt,
1593 3050 118 50 quae
1667 3050 221 50 intellectus
1844 3050 103 50 sua
1903 3050 221 50 subtilitate
2065 3050 88 50 per-

1305 3088 170 63 quirit,
1428 3088 123 63 puta
1505 3088 231 63 intellectus
1690 3088 216 63 conuertens
1860 3088 93 63 se
1906 3088 139 63 super
1983 3088 170 63 phantasma
