2352 3555
391 265 110 62 tis
454 265 94 62 ad
501 265 189 62 naturale
643 265 205 62 productum
801 265 110 62 est
863 265 189 62 relatio,
1005 265 110 62 nec
1068 265 189 62 trahitur
1194 265 63 62 ad

388 310 243 54 relationem
578 310 139 54 modo
665 310 225 54 mensurae:
838 310 121 54 sed
907 310 156 54 manet
1011 310 156 54 infra
1098 310 156 54 ambitum

391 356 219 49 relationum
563 356 125 49 modo
641 356 219 49 potentiae;
813 356 125 49 quae
892 356 125 49 sunt
970 356 156 49 reales
1079 356 94 49 in
1110 356 141 49 vtroque

395 387 235 57 extremorum,
583 387 141 57 cuius
677 387 204 57 oppositum
834 387 110 57 est
897 387 94 57 in
944 387 204 57 relatione
1085 387 172 57 supernatu

398 427 125 60 ralis
482 427 167 60 agentis,
607 427 111 60 quod
676 427 97 60 est
732 427 125 60 Deus,
816 427 84 60 vt
857 427 125 60 patet
941 427 84 60 ex
983 427 153 60 dictis.
1094 427 84 60 Et
1136 427 111 60 ideo
1191 427 56 60 da

398 472 93 48 to,
451 472 106 48 quod
517 472 146 48 relatio
623 472 172 48 naturalis
756 472 146 48 agentis
862 472 119 48 esset
942 472 119 48 prior
1021 472 172 48 relatione
1154 472 93 48 sui
1194 472 66 48 pro

398 509 160 52 ducti,
510 509 208 52 oppositum
669 509 144 52 tamen
765 509 144 52 huius
861 509 176 52 dicemus
989 509 96 52 de
1037 509 208 52 relatione
1180 509 80 52 su-

405 550 231 51 pernaturalis
592 550 173 51 agentis,
722 550 101 51 cum
780 550 130 51 talis
866 550 159 51 relatio
982 550 101 51 sit
1040 550 159 51 relatio
1141 550 115 51 mensu-

391 586 109 54 rae
454 586 94 54 ad
501 586 234 54 mensuratum.
688 586 141 54 Etiam
782 586 141 54 minor
876 586 156 54 posset
985 586 172 54 nevari:
1110 586 125 54 quia
1173 586 78 54 se-

398 616 159 59 cundum
510 616 159 59 Ansel.
621 616 159 59 monolo
733 616 128 59 gion
813 616 175 59 relatio
940 616 112 59 non
1004 616 112 59 est
1068 616 143 59 causa
1147 616 112 59 rela-

399 665 146 52 tionis
502 665 117 52 sibi
575 665 205 52 oppositae.
736 665 88 52 Et
780 665 176 52 secundum
912 665 161 52 Aristo.
1029 665 88 52 in
1058 665 205 52 praedicamen-

411 708 114 50 uis,
482 708 171 50 relatiua
611 708 114 50 sunt
682 708 128 50 simul
768 708 157 50 natura,
882 708 71 50 &
910 708 171 50 naturali
1025 708 228 50 intelligentia.

439 741 96 51 Ad
487 741 159 51 primum
598 741 191 51 alterius
742 741 207 51 opinionis
901 741 207 51 dicendum,
1061 741 128 51 quod
1124 741 128 51 intel-

397 780 146 54 lectus
499 780 102 54 non
558 780 175 54 creatus,
689 780 102 54 sed
747 780 160 54 diuinus
864 780 131 54 facit
951 780 87 54 ad
995 780 189 54 huiusmodi
1126 780 131 54 relatio

400 816 128 69 nes,
480 816 128 69 quae
560 816 112 69 Deo
624 816 96 69 ab
672 816 176 69 aeterno
800 816 192 69 secundum
943 816 192 69 rationem
1071 816 192 69 conueniut.

396 872 105 35 Ad
449 872 211 35 secundum
607 872 228 35 dicendum,
783 872 141 35 quod
871 872 193 35 quamuis
1011 872 158 35 nulla
1099 872 158 35 creatu-

404 889 89 63 ta
449 889 103 63 sit
508 889 133 63 causa
596 889 148 63 talium
699 889 221 63 respectuum,
876 889 103 63 qui
935 889 103 63 Deo
994 889 162 63 secudum
1098 889 162 63 rationem,

398 942 77 53 &
428 942 107 53 non
490 942 184 53 realiter
628 942 92 53 ab
674 942 169 53 aeterno
796 942 230 53 conueniunt,
980 942 230 53 intellectus
1149 942 107 53 tamen

387 983 221 48 diuinus
548 983 161 48 erit
648 983 181 48 eorum
748 983 161 48 causa.

440 1016 97 50 Ad
488 1016 178 50 tertium
618 1016 130 50 nego
699 1016 195 50 maiorem:
845 1016 130 50 quia
927 1016 178 50 quamuis
1056 1016 195 50 creatura
1186 1016 65 50 to

398 1060 100 41 tum
455 1060 115 41 suum
527 1060 129 41 esse,
613 1060 115 41 siue
685 1060 86 41 ad
728 1060 100 41 se,
785 1060 115 41 siue
857 1060 86 41 ad
900 1060 129 41 aliud
986 1060 187 41 totaliter
1130 1060 144 41 habeat
1216 1060 43 41 a

388 1096 138 49 Deo,
474 1096 155 49 tamen
578 1096 224 49 huiusmodi
750 1096 276 49 causalitatem
975 1096 138 49 Deus
1061 1096 121 49 non
1130 1096 155 49 habet
1216 1096 52 49 a

396 1128 210 55 relatione,
561 1128 120 55 quae
635 1128 90 55 in
680 1128 120 55 ipso
755 1128 105 55 est
815 1128 180 55 secundum
950 1128 195 55 rationem:
1099 1128 105 55 sed
1159 1128 105 55 sua
1204 1128 60 55 ab

399 1171 142 49 soluta
498 1171 170 49 virtute:
626 1171 114 49 quia
697 1171 99 49 sua
754 1171 170 49 essentia
882 1171 99 49 est
938 1171 114 49 sibi
1009 1171 128 49 ratio
1095 1171 128 49 omnis
1166 1171 99 49 causa

397 1216 164 47 litatis,
520 1216 68 47 &
548 1216 109 47 ideo
616 1216 123 47 nihil
698 1216 178 47 prohibet,
835 1216 109 47 quin
903 1216 164 47 relatio,
1026 1216 109 47 quae
1095 1216 96 47 est
1150 1216 82 47 in
1177 1216 82 47 crea

406 1251 114 60 tura
477 1251 171 60 realiter
605 1251 142 60 possit
705 1251 114 60 esse
776 1251 128 60 prior
861 1251 157 60 origine
975 1251 199 60 relatione,
1132 1251 114 60 quae
1189 1251 71 60 est

388 1298 112 52 in
444 1298 131 52 Deo
519 1298 224 52 secundum
669 1298 205 52 rationem.

398 1330 112 48 Ad
454 1330 262 48 argumentum
661 1330 262 48 principale
867 1330 244 48 dicendum,
1054 1330 150 48 quod
1129 1330 131 48 maior

394 1367 98 53 non
450 1367 98 53 est
506 1367 126 53 vera,
590 1367 112 53 nisi
661 1367 154 53 relatio
773 1367 84 53 in
815 1367 154 53 vtroque
927 1367 196 53 fundamento
1082 1367 98 53 sit
1124 1367 126 53 realis.

518 1461 636 87 DISTINCTIO
972 1461 272 87 SSL.

391 1572 193 63 Resoluta
536 1572 96 63 ac
584 1572 177 63 facilis
712 1572 177 63 diuisto
841 1572 129 63 buus
921 1572 273 63 distinctionis
1146 1572 96 63 in
1179 1572 80 63 qua

502 1603 103 91 de
553 1603 240 91 cotmunibus
741 1603 274 91 appropriatis
947 1603 205 91 tractatus.

672 1662 179 73 mcipit
779 1662 215 73 explicari.

732 1798 308 53 RTBREA
917 1798 339 53 CONSIDERA

751 1837 115 48 R1
808 1837 96 48 O
847 1837 212 48 PORTET.
1001 1837 231 48 Postquam
1155 1837 96 48 Ma-

753 1874 155 54 gister
861 1874 186 54 superius
1000 1874 248 54 dcterminauit
1186 1874 62 54 do

745 1911 219 59 diuinarum
914 1911 236 59 personarum
1082 1911 169 59 proprie-

742 1954 156 54 tatibus
855 1954 156 54 proprie
968 1954 184 54 propriis,
1110 1954 99 54 hic
1152 1954 99 54 inci-

756 1994 116 52 bit
823 1994 249 52 determinare
1022 1994 100 52 de
1055 1994 199 52 communibus

740 2030 262 58 appropriatis,
955 2030 77 58 &
986 2030 200 58 diuiditur
1140 2030 92 58 in
1171 2030 92 58 duas

723 2072 167 57 partes:
844 2072 121 57 quia
920 2072 137 57 primo
1011 2072 182 57 tractat.
1148 2072 91 57 de
1178 2072 76 57 com

399 2110 151 55 mumum
500 2110 268 55 perfectionum
718 2110 319 55 appropriatione,
987 2110 185 55 secundo
1121 2110 101 55 de
1154 2110 101 55 pro-

406 2154 203 49 priorum,
558 2154 84 49 &
592 2154 219 49 communium
761 2154 101 49 ad
811 2154 186 49 inuicem
946 2154 287 49 comparationem
1166 2154 84 49 ibi

401 2190 102 51 Hic
460 2190 146 51 oritur
562 2190 190 51 quaestio.
708 2190 131 51 Prima
796 2190 88 51 in
839 2190 131 51 duas;
927 2190 102 51 nam
985 2190 131 51 primo
1073 2190 131 51 mouet
1146 2190 102 51 quas-

388 2244 115 38 dam
453 2244 279 38 dubitationes,
683 2244 164 38 quarum
798 2244 230 38 solutiones
978 2244 164 38 valent
1093 2244 98 38 ad
1126 2244 131 38 haben-

402 2270 106 50 dum
462 2270 91 50 in
508 2270 166 50 diuinis
629 2270 166 50 aliquas
749 2270 302 50 appropriationes,
1006 2270 166 50 secundo
1112 2270 136 50 exequii

395 2318 132 41 tales
484 2318 280 41 appropriationes
719 2318 118 41 ibi,
793 2318 88 41 No
837 2318 103 41 est
896 2318 265 41 ptermittendum.
1117 2318 132 41 Prima
1190 2318 59 41 in

399 2350 131 46 tres,
487 2350 116 46 quia
559 2350 131 46 primo
647 2350 87 46 de
690 2350 218 46 aequalitate
865 2350 131 46 mouet
952 2350 116 46 tres
1024 2350 233 46 dubitatioes;
1199 2350 58 46 se

390 2396 118 43 cudo
464 2396 191 43 immediate
611 2396 177 43 applicat
744 2396 133 43 earum
832 2396 206 43 solutioes,
994 2396 74 43 &
1023 2396 147 43 tertio
1112 2396 147 43 ostendit

392 2427 167 47 similes
513 2427 137 47 posse
604 2427 137 47 fieri
695 2427 258 47 dubitationes,
908 2427 76 47 &
938 2427 121 47 dari
1014 2427 243 47 responsiones
1196 2427 61 47 de

405 2476 232 39 smilitudine,
593 2476 131 39 sicut
680 2476 87 39 de
724 2476 232 39 aequalitate.
912 2476 145 39 Secuda
1014 2476 116 39 ibi,
1086 2476 87 39 Ad
1130 2476 116 39 quod
1188 2476 73 39 di-

399 2506 145 50 cimus,
501 2506 145 50 Tertia
603 2506 116 50 ibi,
676 2506 102 50 Hoc
734 2506 116 50 idem
806 2506 160 50 dicimus
923 2506 87 50 de
966 2506 160 50 simili.
1083 2506 116 50 Tunc
1141 2506 116 50 sequit

393 2540 110 51 illa
462 2540 124 51 pars,
545 2540 97 51 Non
600 2540 97 51 est
655 2540 276 51 pretermittendum;
890 2540 69 51 &
918 2540 152 51 diuidit
1028 2540 83 51 in
1070 2540 110 51 duas
1125 2540 124 51 partes;

401 2587 104 49 nam
460 2587 133 49 primo
549 2587 192 49 exequitur
697 2587 133 49 istas
786 2587 163 49 diuinas
905 2587 281 49 appropriationes
1127 2587 133 49 secudum

386 2626 228 47 sententiam
565 2626 195 47 Hilarii,
711 2626 179 47 secundo
841 2626 146 47 iuxta
939 2626 228 47 sententiam
1102 2626 146 47 August.

393 2658 130 47 sibi,
479 2658 130 47 lllud
566 2658 130 47 etiam
653 2658 130 47 sciri
740 2658 174 47 oportet.
870 2658 130 47 Prima
957 2658 87 47 in
1001 2658 130 47 duas:
1088 2658 116 47 quia
1146 2658 101 47 primo

387 2700 205 46 secundum
540 2700 205 46 Hilarium
694 2700 171 46 tangit
813 2700 341 46 appropriationem,
1086 2700 154 46 secundo

397 2741 196 48 dictorum
544 2741 180 48 Hilarii
675 2741 164 48 innuit
789 2741 278 48 explanationem
1018 2741 131 48 ibi.
1100 2741 114 48 Non
1149 2741 98 48 enim

396 2780 181 45 secundum
532 2780 212 45 praemissam
698 2780 106 45 &c.
758 2780 181 45 Sequitur
894 2780 121 45 illa
970 2780 136 45 pars,
1061 2780 136 45 lllud
1151 2780 136 45 etiam

387 2819 136 46 sciri
478 2819 182 46 oportet:
614 2819 91 46 in
660 2819 106 46 qua
720 2819 167 46 August.
842 2819 136 46 patri
933 2819 212 46 appropriat
1084 2819 167 46 vnitatem,

387 2856 128 48 filio
472 2856 242 48 aequalitatem,
671 2856 171 48 spiritui
799 2856 142 48 sancto
899 2856 185 48 vnitatis,
1041 2856 71 48 &
1055 2856 199 48 aequalitatis

389 2897 238 46 concordiam,
579 2897 79 46 &
611 2897 206 46 diuiditur
770 2897 95 46 in
817 2897 127 46 duas
896 2897 174 46 partes:
1023 2897 111 46 nam
1087 2897 143 46 primo
1166 2897 79 46 Ma-

383 2935 164 48 gister
497 2935 213 48 huiusmodi
661 2935 311 48 appropriationem
924 2935 164 48 ponit:
1038 2935 180 48 secundo
1153 2935 82 48 men

387 2979 106 41 bra
447 2979 151 41 istius
553 2979 287 41 appropriationis
795 2979 166 41 exponit
916 2979 121 41 ibi,
991 2979 106 41 Sed
1052 2979 181 41 plurimos
1172 2979 76 41 mo-

390 3014 115 46 uet;
461 3014 129 46 &haec
548 3014 187 46 diuiditur
691 3014 86 46 in
734 3014 115 46 tres
806 3014 158 46 partes;
921 3014 100 46 nam
978 3014 129 46 primo
1064 3014 215 46 determinat,

386 3060 131 48 quare
474 3060 131 48 patri
561 3060 233 48 appropriatur
751 3060 160 48 vnitas,
868 3060 160 48 secudo,
984 3060 131 48 quare
1072 3060 131 48 filio
1145 3060 102 48 aequa

1293 240 142 73 litas,
1392 240 85 73 Et
1435 240 142 73 tertio
1534 240 128 73 quare
1619 240 170 73 spiritui
1747 240 142 73 sancto
1847 240 199 73 concordia,
2003 240 99 73 seu
2046 240 99 73 tram-

1286 302 218 55 quillitas,
1458 302 171 55 Secunda
1582 302 124 55 ibi,
1660 302 124 55 Nunc
1738 302 187 55 videamus
1878 302 156 55 Tertia
1986 302 124 55 ibi.
2049 302 93 55 Quod

1286 341 142 48 autem
1381 341 95 48 in
1428 341 174 48 spiritu
1554 341 174 48 sancto.
1681 341 142 48 Prima
1775 341 142 48 adhuc
1870 341 205 48 diuiditur
2028 341 95 48 in
2059 341 95 48 trer

1293 378 171 47 partes;
1417 378 109 47 nam
1479 378 140 47 primo
1572 378 202 47 ostendit,
1727 378 171 47 quomodo
1851 378 155 47 vnitas
1959 378 140 47 patri
2037 378 109 47 appro

1295 425 186 43 priatur,
1434 425 171 43 secundo
1558 425 171 43 quomodo
1682 425 202 43 quaelibet
1837 425 155 43 diuina
1946 425 171 43 persona
2054 425 93 43 cui-

1291 459 130 50 sibet
1377 459 159 50 diuinae
1493 459 173 50 personae
1622 459 245 50 essentialiter
1825 459 260 50 identificatur,
2027 459 115 50 Tertio

1287 506 178 38 ostendit
1421 506 178 38 qualiter
1554 506 89 38 ex
1599 506 104 38 his
1658 506 104 38 tam
1718 506 134 38 Arru,
1807 506 119 38 quam
1881 506 178 38 Sabellij
2000 506 148 38 falsitas

1290 533 220 53 confutatur,
1466 533 161 53 Secunda
1583 533 117 53 ibi,
1656 533 102 53 Hic
1715 533 117 53 dici
1788 533 176 53 oportet.
1920 533 161 53 Secunda
2037 533 117 53 ibi,
2095 533 59 53 In

1289 582 109 53 quo
1352 582 186 53 Arriana.
1491 582 140 53 Circa
1585 582 140 53 istam
1678 582 264 53 distinctionem
1895 582 109 53 31.
1958 582 155 53 quaero
2051 582 93 53 hanc

1265 617 235 55 quaestionem.

1548 699 400 73 Questio.

1423 778 115 90 An
1480 778 269 90 aequalitas
1692 778 115 90 in
1750 778 212 90 diuinis
1904 778 135 90 sit
1981 778 212 90 realis.

1585 839 199 61 relatio.

1516 1213 125 87 TRVM
1594 1213 218 87 aequalitas
1765 1213 93 87 in
1812 1213 187 87 diuinis,
1952 1213 109 87 sit
1999 1213 140 87 relatio

1536 1286 150 42 ealis.
1641 1286 90 42 Et
1686 1286 165 42 videtur
1806 1286 120 42 quod
1881 1286 120 42 sic:
1956 1286 120 42 quia
2016 1286 135 42 vbicum-

1530 1323 107 46 que
1591 1323 199 46 inuenitur
1744 1323 183 46 aequalis
1881 1323 183 46 virtutis
2003 1323 138 46 magnitu

1534 1361 101 51 do,
1591 1361 101 51 ibi
1649 1361 187 51 inuenitur
1792 1361 215 51 veragrealis
1964 1361 215 51 aequalitas,

1542 1406 114 43 quia
1613 1406 199 43 aequalitas
1769 1406 99 43 est
1826 1406 142 43 realis
1925 1406 199 43 proprietas
2067 1406 71 43 ma-

1483 1432 79 56 2
1515 1432 222 56 gnitudinis
1690 1432 270 56 quantitatiue;
1912 1432 111 56 sed
1975 1432 95 56 in
2007 1432 143 56 diuinis

1296 1481 176 45 ersonis
1424 1481 112 45 est
1488 1481 192 45 aequalis
1632 1481 192 45 virtutis
1777 1481 224 45 magnitudo:
1953 1481 128 45 quia
2017 1481 128 45 quamus

1280 1526 110 43 non
1343 1526 221 43 quantitate
1517 1526 142 43 molis
1612 1526 126 43 Deus
1690 1526 110 43 sit
1754 1526 174 43 magnus,
1880 1526 110 43 est
1943 1526 142 43 tamen
2022 1526 126 43 reali-

1281 1551 104 54 ter
1341 1551 149 54 magnus
1445 1551 209 54 quantitate
1609 1551 253 54 perfectionis,
1817 1551 74 54 &
1847 1551 194 54 virtutis,
1996 1551 134 54 eadem
2071 1551 74 54 exi

1278 1595 141 56 stente
1376 1595 84 56 in
1419 1595 141 56 tribus
1517 1595 183 56 personis;
1658 1595 141 56 igitur
1757 1595 84 56 in
1799 1595 155 56 diuinis
1912 1595 99 56 est
1968 1595 211 56 aequalitas,

1287 1638 130 50 quae
1368 1638 113 50 est
1433 1638 162 50 realis
1530 1638 162 50 relatio.

1307 1643 167 82 Contra,
1428 1643 151 82 sancti
1534 1643 106 82 non
1595 1643 151 82 ponunt
1701 1643 91 82 in
1746 1643 182 82 diuinis,
1882 1643 121 82 nisi
1958 1643 182 82 quattuor
2079 1643 61 82 re

1275 1719 175 44 lationes
1406 1719 160 44 reales,
1523 1719 175 44 scilicet
1654 1719 247 44 paternitatem,
1857 1719 233 44 filiationem,
2032 1719 116 44 spira-

1288 1754 161 44 tionem
1401 1754 193 44 actiuam,
1546 1754 81 44 &
1578 1754 242 44 spirationem
1771 1754 210 44 passiuam,
1933 1754 161 44 quarum
2029 1754 113 44 nulla

1290 1791 106 53 est
1350 1791 227 53 aequalitas.
1532 1791 106 53 Hic
1592 1791 181 53 quattuor
1728 1791 121 53 sunt
1804 1791 166 53 videnda
1924 1791 136 53 Primo
2000 1791 151 53 videndum

1289 1842 110 40 est,
1358 1842 124 40 vtrum
1440 1842 192 40 aequalitas
1591 1842 82 40 in
1633 1842 179 40 creaturis
1770 1842 96 40 sit
1825 1842 151 40 relatio
1935 1842 151 40 realis.
2031 1842 110 40 Secun-

1276 1870 102 54 do,
1335 1870 131 54 vtrum
1422 1870 88 54 in
1466 1870 161 54 diuinis
1583 1870 102 54 sit
1641 1870 161 54 relatio
1758 1870 161 54 realis,
1875 1870 161 54 Tertio,
1992 1870 117 54 dato
2050 1870 88 54 quod

1275 1921 111 41 non,
1344 1921 125 41 vtrum
1428 1921 83 41 in
1469 1921 152 41 diuinis
1580 1921 194 41 aequalitas
1732 1921 97 41 sit
1788 1921 152 41 relatio
1899 1921 180 41 rationis.
2037 1921 83 41 Et
2065 1921 83 41 quar

1282 1958 109 48 to,
1345 1958 155 48 gcatia
1453 1958 248 48 praedictorum
1655 1958 217 48 videbuntur
1826 1958 155 48 aliqua
1935 1958 93 48 de
1981 1958 155 48 relati
2074 1958 78 48 one

1278 1994 201 54 dentitatis.

1341 2071 767 55 RESOLVTIO.

1290 2154 74 68 Et
1327 2154 74 68 si
1363 2154 74 68 in
1400 2154 160 68 cveaturis
1523 2154 172 68 aequalitas
1659 2154 86 68 sit
1708 2154 123 68 realis
1794 2154 148 68 relatin,
1904 2154 86 68 non
1954 2154 111 68 tamen
2027 2154 74 68 in
2052 2154 86 68 diui-

1320 2197 95 55 nis
1375 2197 95 55 cum
1429 2197 190 55 praesertim
1579 2197 136 55 nullam
1674 2197 82 55 in
1715 2197 82 55 se
1756 2197 218 55 oppositionem
1932 2197 177 55 contineat
2055 2197 95 55 Vnde,

1315 2240 81 71 &T
1355 2240 175 71 identitas
1489 2240 121 71 eadem
1570 2240 81 71 de
1610 2240 121 71 causa
1691 2240 148 71 relatio
1798 2240 161 71 rationis
1919 2240 108 71 esse
1973 2240 175 71 perhibetur.

1335 2315 680 89 ARTLCVLVSL

1415 2439 158 55 Vtrum
1521 2439 246 55 Aequalitas
1714 2439 105 55 in
1767 2439 228 55 creaturis
1925 2439 88 55 sit

1591 2475 154 75 relatio
1703 2475 154 75 realis.

1290 2582 205 62 SVANTVM
1440 2582 112 62 ad
1495 2582 205 62 primum,
1645 2582 168 62 vtrum
1756 2582 261 62 aequalitas
1962 2582 112 62 in
1999 2582 149 62 creatu

1389 2618 108 45 ris
1450 2618 108 45 sit
1512 2618 169 45 relatio
1635 2618 169 45 realis,
1758 2618 138 45 primo
1850 2618 138 45 ponam
1942 2618 123 45 vnam
2004 2618 138 45 conclu-

1277 2655 163 45 sionem
1391 2655 146 45 satis
1488 2655 212 45 communem,
1651 2655 130 45 quam
1732 2655 146 45 credo
1830 2655 130 45 esse
1911 2655 163 45 veram,
2009 2655 130 45 secun-

1280 2694 98 58 do
1329 2694 180 58 adducam
1459 2694 131 58 vnum
1541 2694 180 58 motiuum
1672 2694 229 58 contrariae
1852 2694 229 58 opinionis,
2032 2694 82 58 &
2048 2694 98 58 res-

1274 2734 203 58 pondebo
1421 2734 111 58 ad
1458 2734 129 58 ipsum

1319 2762 194 75 Conclusio
1468 2762 104 75 est
1528 2762 134 75 haec,
1617 2762 119 75 quod
1692 2762 209 75 aequalitas
1856 2762 89 75 in
1900 2762 194 75 creaturis
2050 2762 134 75 dicit
2124 2762 164 75 Conclusio

1279 2814 227 55 relationem
1441 2814 146 55 realem,

1291 2823 77 80 1
1321 2823 124 80 Quia
1399 2823 124 80 illa
1476 2823 170 80 relatio
1600 2823 108 80 est
1662 2823 170 80 realis,
1786 2823 124 80 quae
1863 2823 186 80 secundum
2003 2823 124 80 suum
2065 2823 77 80 es-

1274 2894 93 42 se
1321 2894 171 42 formale
1446 2894 78 42 a
1477 2894 140 42 nullo
1570 2894 218 42 intellectu
1742 2894 202 42 dependet:
1897 2894 109 42 sed
1944 2894 187 42 aequalitas

1269 2942 267 40 creaturarum
1483 2942 125 40 est
1554 2942 249 40 huiusmodi.
1750 2942 160 40 Maior
1857 2942 125 40 est
1928 2942 160 40 nota:
2017 2942 125 40 probo

1281 2973 177 46 minorem,
1414 2973 118 46 quia
1488 2973 88 46 si
1532 2973 147 46 nullus
1635 2973 133 46 esset
1723 2973 236 46 intellectus,
1915 2973 133 46 adhuc
2003 2973 118 46 duae
2062 2973 74 46 li-

1287 3017 105 45 eae
1347 3017 195 45 bipedales
1497 3017 150 45 essent
1602 3017 195 45 aequales,
1751 3017 75 45 &
1781 3017 195 45 bipedalis
1931 3017 75 45 &
1946 3017 195 45 tripedalis.

1284 3051 141 59 essent
1368 3051 183 59 inaequales.
