2214 3538
60 283 80 66 &
92 283 209 66 opponitur
253 283 225 66 diuisioni,
430 283 80 66 &
462 283 113 66 per
526 283 225 66 consequens
687 283 209 66 diuersitat.

57 337 96 47 non
112 337 191 47 relatiuae,
262 337 96 47 sed
317 337 205 47 priuatiuae,
481 337 68 47 &
509 337 109 47 ista
577 337 178 47 identitas
714 337 96 47 non
768 337 96 47 est
809 337 96 47 deter

63 376 145 41 minati
165 376 174 41 generis,
296 376 102 41 sed
354 376 261 41 transcedentis:
571 376 116 41 quia
644 376 87 41 in
687 376 116 41 omni
760 376 145 41 genere
847 376 58 41 re

68 416 157 41 peritur,
186 416 118 41 sicut
265 416 118 41 etiam
343 416 105 41 ipsa
409 416 197 41 diuersitas.
566 416 105 41 Alia
632 416 92 41 est
684 416 170 41 identitas
802 416 105 41 relati

67 457 86 49 a,
110 457 115 49 puta
182 457 101 49 qua
239 457 115 49 idem
311 457 172 49 relatiue
440 457 172 49 respicit
570 457 172 49 seipsum,
699 457 72 49 &
728 457 115 49 illa
799 457 101 49 non
843 457 57 49 op

62 493 155 51 ponitur
175 493 212 51 diuersitati
344 493 198 51 relatiuae:
500 493 113 51 quia
570 493 169 51 relatiue
697 493 169 51 diuersum
810 493 85 51 oppo

63 530 135 55 nitur
153 530 180 55 diuerso,
288 530 75 55 &
318 530 120 55 idem
393 530 195 55 opponitur
542 530 150 55 eidem,
647 530 105 55 cum
707 530 120 55 sint
767 530 135 55 relatio

52 565 122 49 nes
121 565 209 49 similium
260 565 157 49 nominum

62 578 140 86 forte
156 578 140 86 dicet
249 578 248 86 aduersarius,
450 578 124 86 quod
528 578 171 86 quamuis
652 578 140 86 idem,
729 578 171 86 &diuersum

64 644 89 62 ti
109 644 178 62 relatiua
242 644 134 62 sunt,
332 644 104 62 non
391 644 208 62 opponantur
554 644 193 62 relatiue,
703 644 149 62 saltem
792 644 104 62 oppo-

63 687 155 55 nuntur
171 687 217 55 priuatiue,
341 687 77 55 &
372 687 108 55 per
434 687 217 55 consequens
605 687 139 55 erunt
698 687 93 55 in
744 687 139 55 eodem
822 687 77 55 ge-

66 721 121 64 nere
141 721 121 64 quia
217 721 181 64 priuatio
353 721 181 64 pertinet
489 721 106 64 cum
550 721 151 64 habitu
655 721 91 64 ad
701 721 121 64 idem
761 721 121 64 genus.

79 763 220 55 Reipondeo,
252 763 141 55 quod,
346 763 94 55 vt
393 763 220 55 relationes
566 763 141 55 sunt,
660 763 110 55 non
707 763 188 55 opponuntui

71 805 186 48 nuatiue,
211 805 124 48 nisi
289 805 171 48 ratione
413 805 155 48 suorum
522 805 280 48 fundamentorum,
755 805 124 48 Dato
817 805 78 48 ta-

61 853 126 44 men,
140 853 126 44 quod
218 853 126 44 sint
297 853 94 44 in
344 853 141 44 eodem
438 853 173 44 genere,
564 853 141 44 adhuc
658 853 141 44 tamen
752 853 110 44 non
799 853 110 44 sequi

70 882 87 46 ur
114 882 204 46 supradicta
274 882 247 46 consequentia,
477 882 116 46 puta
550 882 87 46 si
594 882 160 46 relatio
696 882 204 46 diuersitatis

73 921 162 49 srealis,
195 921 108 49 quod
263 921 176 49 identitas
398 921 95 49 sit
452 921 149 49 relatio
560 921 149 49 realis:
668 921 108 49 quia
736 921 95 49 hoc
790 921 95 49 est
830 921 68 49 pro

70 964 121 53 prum
145 964 151 53 ipsius
251 964 227 53 relationis,
433 964 121 53 quod
508 964 121 53 ipsa
584 964 181 53 secundum
720 964 196 53 propriam,
856 964 45 53 &

73 1003 192 48 periectam
221 1003 177 48 rationem
353 1003 103 48 sui
412 1003 162 48 generis
530 1003 103 48 est
589 1003 177 48 communis
722 1003 118 48 rei,
781 1003 118 48 &ratio

72 1043 139 37 n,hoc
164 1043 108 37 est
226 1043 186 37 realibus
366 1043 263 37 relationibus,
582 1043 77 37 &
613 1043 186 37 secundum
737 1043 155 37 rationen

70 1077 190 53 solummodo
216 1077 88 53 ad
260 1077 131 53 aliud
348 1077 88 53 se
391 1077 219 53 habentibus,
566 1077 131 53 alias
654 1077 131 53 nulla
742 1077 160 53 relatio
844 1077 58 53 se

56 1121 140 48 endum
150 1121 125 48 esse
228 1121 156 48 posset
337 1121 125 48 esse
415 1121 171 48 relatio
540 1121 187 48 secundum
680 1121 203 48 rationem,
820 1121 78 48 cum

60 1158 133 47 emnis
149 1158 162 47 relatio
267 1158 177 47 secundum
400 1158 118 47 esse
473 1158 103 47 sit
532 1158 89 47 in
577 1158 251 47 praedicamento
768 1158 133 47 relatio

70 1199 106 52 us,
130 1199 121 52 quod
206 1199 106 52 est
266 1199 166 52 falsum,
386 1199 90 52 vt
432 1199 166 52 apparet
552 1199 90 52 de
598 1199 196 52 relatione
748 1199 151 52 domini
839 1199 60 52 ad

39 1230 131 55 setuum.

84 1246 103 81 Ad
135 1246 239 81 argumentum
323 1246 239 81 principale
512 1246 222 81 dicendum,
683 1246 137 81 quod
751 1246 154 81 quamuis

75 1319 180 52 ugnitudo
210 1319 150 52 realis
316 1319 105 52 sit
376 1319 90 52 in
421 1319 180 52 diuinis,
556 1319 180 52 loquendo
691 1319 90 52 de
722 1319 180 52 magnitudi-

58 1353 202 50 nturtutis,
216 1353 72 50 &
245 1353 245 50 perfectionis,
446 1353 202 50 aequalitas
605 1353 130 50 tamen
691 1353 101 50 non
749 1353 101 50 est
792 1353 101 50 rela-

64 1391 170 44 realis,
187 1391 93 44 eo
234 1391 124 44 quod
311 1391 170 44 ratione
434 1391 232 44 identitatis
620 1391 155 44 illius
713 1391 185 44 magnitudi-

62 1431 91 62 ni
107 1431 166 62 extrema
228 1431 151 62 illius
334 1431 227 62 relationis,
515 1431 91 62 Vt
561 1431 166 62 extrema
681 1431 136 62 sunt,
772 1431 106 62 non
817 1431 76 62 sun

57 1472 150 56 raliter
166 1472 190 56 distincta,
316 1472 82 56 vt
356 1472 136 56 patuit
438 1472 136 56 superius

102 1541 582 78 DISTINCTIO
518 1541 291 78 SNxII

79 1637 149 83 treus,
183 1637 89 83 ac
228 1637 223 83 vniuersalis
406 1637 164 83 diuisio
525 1637 134 83 huius
614 1637 268 83 distinctionis,
823 1637 59 83 in

133 1701 120 67 qua
202 1701 293 67 difficultates
443 1701 189 67 quaedam
563 1701 241 67 contingentes

188 1756 152 60 tirca
290 1756 254 60 determimata
493 1756 102 60 in
527 1756 186 60 superiori

277 1798 260 68 distinctione
472 1798 179 68 sedantur.

333 1874 164 82 IC
415 1874 274 82 ORITVR
607 1874 247 82 QVAES
744 1874 164 82 TIO.

358 1935 201 61 Postquam
509 1935 201 61 Magister
659 1935 234 61 assignauit
826 1935 67 61 in

364 1975 213 62 diuinis
518 1975 251 62 quorundam
692 1975 213 62 communium

365 2020 289 54 appropriationes,
611 2020 101 54 hic
668 2020 130 54 circa
741 2020 159 54 praedicta

363 2059 144 56 mouet
459 2059 176 56 quasdam
587 2059 271 56 dubitationes,
810 2059 80 56 &
842 2059 80 56 d

374 2106 160 46 uiditur
491 2106 87 46 in
535 2106 117 46 tres
608 2106 160 46 partes;
724 2106 117 46 quia
797 2106 131 46 primo

364 2139 135 51 mouet
454 2139 225 51 quaestionem
635 2139 135 51 circa
710 2139 180 51 appropria-

372 2172 105 61 tum
432 2172 179 61 spiritus
566 2172 164 61 sancti,
686 2172 164 61 secundo
790 2172 105 61 circa

48 2216 242 41 prropriatum
242 2216 161 41 filij,
354 2216 161 41 Tertio
467 2216 113 41 per
532 2216 145 41 modum
629 2216 226 41 questionis
790 2216 97 41 vnun

50 2256 162 51 nforum
163 2256 292 51 appropriatorum
406 2256 194 51 comparat
552 2256 178 51 alteri.
681 2256 178 51 Secunda
795 2256 97 51 ibi-

46 2295 171 50 Preterea
174 2295 200 50 diligenter
331 2295 228 50 inuestigari.
516 2295 143 50 Tertia
616 2295 114 50 ibi,
687 2295 185 50 praeterea
816 2295 71 50 di-

49 2335 190 51 igenter
187 2335 224 51 notandum.
359 2335 155 51 Prima
462 2335 103 51 in
514 2335 155 51 duas;
617 2335 121 51 nam
686 2335 155 51 primo
772 2335 121 51 mouet

45 2374 116 41 hant
118 2374 232 41 quaestionem,
307 2374 131 41 vtrum
394 2374 145 41 pater,
496 2374 102 41 vel
554 2374 145 41 filius
656 2374 160 41 diligat
757 2374 131 41 spiriti

37 2416 167 42 fncto,
154 2416 183 42 secundo
287 2416 150 42 ponit
387 2416 133 42 suam
470 2416 267 42 responsionem
670 2416 217 42 affirmatiua

50 2449 141 55 ertem
144 2449 173 55 tenendo
270 2449 126 55 ibi,
348 2449 126 55 Huic
427 2449 235 55 quaestioni.
615 2449 126 55 Tunc
694 2449 188 55 sequitur
819 2449 63 55 il

48 2497 151 44 apars,
153 2497 196 44 Praeterea
304 2497 211 44 diligenter
470 2497 241 44 inuestigari:
666 2497 75 44 &
696 2497 196 44 diuiditur
832 2497 60 44 in

37 2531 192 53 fuariuor
181 2531 176 53 partes,
309 2531 192 53 secundum
453 2531 128 53 quod
532 2531 144 53 circa
628 2531 256 53 appropriatum
820 2531 64 53 fi

33 2566 92 55 Da
79 2566 137 55 monet
170 2566 244 55 quaestiones,
368 2566 153 55 quarum
475 2566 137 55 prima
567 2566 122 55 est,
643 2566 92 55 an
689 2566 137 55 pater
780 2566 107 55 sit
826 2566 61 55 sa

34 2605 115 60 nens
105 2605 186 60 sapientia
249 2605 158 60 genita.
363 2605 172 60 Secunda,
493 2605 86 60 an
536 2605 143 60 filius
636 2605 100 60 sit
693 2605 158 60 sapiens
794 2605 100 60 sapi-

38 2644 127 55 entia
122 2644 155 55 genita,
235 2644 98 55 vel
291 2644 183 55 ingenita.
432 2644 155 55 Tertia,
544 2644 84 55 an
587 2644 141 55 filius
685 2644 98 55 sit
741 2644 155 55 sapiens
840 2644 56 55 se

41 2696 96 42 o.
89 2696 175 42 Quarta,
216 2696 143 42 vtrum
312 2696 112 42 vna
376 2696 159 42 tantum
487 2696 96 42 in
535 2696 175 42 diuinis
663 2696 112 42 sit
711 2696 175 42 sapientia

36 2722 163 59 Serunda
154 2722 118 59 pars
228 2722 163 59 incipit
347 2722 118 59 ibi,
420 2722 118 59 Post
494 2722 118 59 haec
568 2722 133 59 autem
657 2722 148 59 quaeri
746 2722 103 59 solet

46 2759 136 49 senia
137 2759 121 49 ibi.
212 2759 136 49 Queri
303 2759 136 49 autem
394 2759 151 49 solet.
500 2759 151 49 Quarta
606 2759 121 49 ibi,
681 2759 121 49 post
757 2759 121 49 haec
817 2759 76 49 au-

31 2803 96 52 em
79 2803 160 52 quaeri
191 2803 144 52 solet
286 2803 160 52 vtrum.
398 2803 192 52 Quelibet
542 2803 176 52 istarum
670 2803 160 52 potest
765 2803 128 52 diuidi

42 2841 79 49 n
74 2841 127 49 duas
153 2841 174 49 partes,
280 2841 190 49 secundum
422 2841 127 49 quod
502 2841 190 49 magister
644 2841 143 49 primo
724 2841 158 49 quaestio

28 2886 101 47 Tm
79 2886 169 47 mouet,
197 2886 186 47 secundo
332 2886 101 47 ad
383 2886 253 47 quaestionem
585 2886 236 47 respondet,
771 2886 84 47 &
788 2886 101 47 par-

42 2924 187 50 enatent.
183 2924 109 50 Sed
245 2924 125 50 illa
323 2924 140 50 pars,
416 2924 202 50 Praeterea
572 2924 218 50 diligenter
727 2924 156 50 notandum

51 2962 108 46 ram
112 2962 201 46 diniditur
267 2962 93 46 in
313 2962 139 46 duas;
406 2962 123 46 quia
483 2962 139 46 primo
575 2962 185 46 magister
714 2962 154 46 tangit
807 2962 77 46 qua

42 2998 121 46 roni
118 2998 151 46 illius
224 2998 273 46 difficultatem,
451 2998 167 46 secundo
572 2998 167 46 fatetur
693 2998 91 46 se
739 2998 106 46 non
784 2998 106 46 posse

32 3047 196 40 Tpondere
179 3047 180 40 propter
309 3047 245 40 quaestionis
505 3047 212 40 excessum,
669 3047 82 40 &
685 3047 196 40 sublimita.

33 3074 78 56 n
65 3074 124 56 ibi,
142 3074 202 56 Difficile
297 3074 124 56 mihi
375 3074 109 56 &c.
437 3074 140 56 Circa
530 3074 140 56 istam
624 3074 109 56 32.
686 3074 171 56 distin.
794 3074 78 56 que

36 3117 97 60 to
84 3117 129 60 hanc
149 3117 226 60 quaestionem.

1207 323 389 89 Quaestio.

1086 439 96 69 An
1134 439 144 69 pater
1230 439 176 69 diligat
1358 439 96 69 se
1407 439 176 69 spiritu
1519 439 144 69 sancto.

1154 784 126 86 TRVM
1233 784 142 86 pater
1328 784 174 86 diligat
1454 784 95 86 se
1502 784 174 86 spiritu
1628 784 174 86 sancto,
1739 784 47 86 &

1176 856 158 55 videtur
1290 856 115 55 quod
1362 856 115 55 non:
1434 856 115 55 quia
1506 856 129 55 sicut
1592 856 86 55 se
1635 856 129 55 habet
1706 856 72 55 pro

1178 898 94 41 ter
1231 898 80 41 ad
1271 898 148 41 sapere,
1379 898 94 41 sic
1432 898 80 41 se
1473 898 121 41 habet
1553 898 80 41 ad
1593 898 174 41 diligere,
1714 898 67 41 sed

1180 937 130 46 pater
1266 937 101 46 non
1324 937 130 46 sapit
1410 937 187 46 sapientia
1554 937 144 46 genita
1640 937 144 46 secundum

1185 967 162 61 August.
1303 967 88 61 7.
1347 967 88 61 de
1392 967 162 61 trinit.
1510 967 103 61 nec
1569 967 103 61 per
1613 967 162 61 consequen

1142 995 67 70 l
1168 995 121 70 sapit
1249 995 135 70 filio,
1344 995 94 70 qui
1398 995 94 70 est
1452 995 175 70 sapientia
1586 995 135 70 genita
1681 995 81 70 in
1708 995 67 70 di-

940 1052 136 49 uinis,
1036 1052 109 49 ergo
1104 1052 122 49 pater
1185 1052 95 49 non
1240 1052 150 49 diligit
1349 1052 82 49 se
1389 1052 150 49 spiritu
1498 1052 150 49 sancto,
1607 1052 95 49 qui
1662 1052 95 49 est
1702 1052 82 49 amor

933 1088 193 56 procedens
1081 1088 89 56 in
1111 1088 148 56 diuinis.

966 1103 88 81 In
1010 1103 205 81 contrarium
1171 1103 102 81 est
1230 1103 146 81 Deatus
1332 1103 117 81 Aug.
1405 1103 88 81 8.
1449 1103 88 81 de
1493 1103 205 81 trinitate,
1653 1103 102 81 vbi
1697 1103 88 81 ait,

928 1161 162 62 Spiritus
1049 1161 148 62 sanctus
1156 1161 94 62 est
1210 1161 148 62 caritas
1318 1161 135 62 patris
1412 1161 67 62 &
1439 1161 135 62 filij,
1534 1161 94 62 quo
1587 1161 108 62 vter
1655 1161 94 62 que
1695 1161 81 62 con-

926 1217 202 42 iungitur,
1082 1217 109 42 quo
1144 1217 171 42 genitus
1269 1217 78 42 a
1300 1217 187 42 gignente
1440 1217 218 42 diligitur,
1611 1217 109 42 sed
1673 1217 140 42 eodem

937 1247 134 54 amore
1027 1247 134 54 pater
1116 1247 164 54 diligit
1235 1247 104 54 se,
1295 1247 104 54 quo
1355 1247 164 54 diligit
1474 1247 164 54 filium,
1593 1247 119 54 ergo
1668 1247 104 54 &c.
1712 1247 75 54 Hic

926 1291 195 40 quattuor
1072 1291 130 40 sunt
1153 1291 195 40 videnda.
1300 1291 146 40 Primo
1398 1291 195 40 videndum
1544 1291 130 40 est,
1625 1291 146 40 vtrum
1707 1291 81 40 pa-

938 1328 100 49 ter
995 1328 71 49 &
1023 1328 143 49 filius
1124 1328 172 49 diligant
1252 1328 86 49 se
1295 1328 157 49 spiritu
1409 1328 157 49 sancto,
1524 1328 71 49 &
1552 1328 100 49 per
1609 1328 100 49 hoc
1652 1328 129 49 patebit

933 1364 140 51 etiam
1027 1364 93 51 ad
1073 1364 155 51 illud,
1182 1364 124 51 quod
1259 1364 217 51 quaeritur.
1430 1364 171 51 Secundo
1554 1364 140 51 vtrum
1632 1364 155 51 diligant

927 1407 99 49 nos
983 1407 155 49 spiritu
1096 1407 155 49 sancto.
1209 1407 141 49 Tertio
1308 1407 127 49 vtrum
1392 1407 127 49 pater
1477 1407 99 49 sit
1533 1407 155 49 sapiens
1632 1407 155 49 sapientia

927 1449 157 45 genita.
1041 1449 143 45 Quarto
1141 1449 129 45 vtrum
1227 1449 143 45 filius
1327 1449 100 45 sit
1384 1449 157 45 sapiens
1498 1449 186 45 sapientia
1627 1449 157 45 ingenita.

1083 1570 542 55 RESOLVTI
1444 1570 181 55 O.

935 1657 168 66 Quamquam
1061 1657 126 66 pater
1145 1657 154 66 diligat
1257 1657 84 66 se
1299 1657 154 66 spiritu
1412 1657 154 66 sancto,
1524 1657 224 66 quemadmodum,
1706 1657 70 66 &
1720 1657 70 66 fi-

964 1703 105 53 lius
1029 1703 118 53 eodem
1108 1703 118 53 verbo
1187 1703 118 53 dicit
1265 1703 92 53 se,
1318 1703 65 53 &
1344 1703 105 53 alia
1409 1703 105 53 ase,
1475 1703 92 53 ita
1527 1703 118 53 tonem
1606 1703 118 53 amore
1671 1703 118 53 diligit

956 1747 85 53 se,
1005 1747 61 53 &
1029 1747 97 53 alia
1090 1747 61 53 a
1114 1747 85 53 se.
1163 1747 85 53 Nen
1212 1747 110 53 tamen
1285 1747 85 53 est
1333 1747 134 53 sapiens
1431 1747 158 53 lapientia
1553 1747 110 53 genit
1626 1747 73 53 a,
1662 1747 110 53 sicut
1723 1747 61 53 nec

965 1781 130 59 filius
1056 1781 143 59 dicitur
1160 1781 143 59 sapiens
1264 1781 169 59 sapientia
1394 1781 169 59 ingenita,
1524 1781 104 59 modo
1589 1781 169 59 ingenitum
1706 1781 91 59 sonet

964 1815 161 66 personam
1071 1815 121 66 patris.

988 1903 660 69 ARTICVLVSI

1010 1998 146 78 Vtrum
1107 1998 162 78 pater,
1220 1998 81 78 &
1253 1998 162 78 filius
1366 1998 194 78 diligant
1512 1998 97 78 se
1544 1998 146 78 spiritu

1252 2052 165 72 sancto.

992 2125 183 75 VANTVM
1120 2125 110 75 ad
1175 2125 201 75 primum,
1321 2125 165 75 vtrum
1431 2125 165 75 pater
1540 2125 91 75 &
1577 2125 183 75 filius
1687 2125 91 75 di

950 2185 160 54 ligant
1062 2185 96 54 se
1110 2185 176 54 spiritu
1238 2185 176 54 sancto,
1367 2185 112 54 est
1431 2185 256 54 aduertendum,
1639 2185 128 54 quod
1703 2185 80 54 ali

921 2230 106 46 qua
981 2230 91 46 se
1027 2230 181 46 diligere
1162 2230 151 46 potest
1268 2230 196 46 intelligi
1419 2230 226 46 dupliciter.
1600 2230 106 46 Vno
1660 2230 121 46 modo
1721 2230 60 46 a-

928 2267 135 44 more
1012 2267 169 44 mutuo;
1130 2267 135 44 alio
1215 2267 135 44 modo
1299 2267 152 44 amore
1400 2267 236 44 reciproco.
1586 2267 152 44 Primo
1670 2267 101 44 modo

931 2300 100 50 est
988 2300 157 50 sensus,
1102 2300 114 50 quod
1173 2300 128 50 pater
1258 2300 157 50 diligat
1372 2300 142 50 filium
1472 2300 157 50 spiritu
1586 2300 157 50 sancto,
1700 2300 71 50 &
1714 2300 57 50 e-

915 2340 180 43 conuerso
1050 2340 150 43 filius
1156 2340 165 43 diligat
1276 2340 165 43 patrem,
1396 2340 165 43 secundo
1516 2340 120 43 modo
1592 2340 105 43 est
1637 2340 135 43 sensus;

921 2382 118 49 quod
995 2382 133 49 pater
1084 2382 162 49 diligat
1202 2382 177 49 seipsum,
1335 2382 74 49 &
1364 2382 148 49 filius
1468 2382 162 49 diligat
1586 2382 162 49 seipsum
1689 2382 74 49 spi

923 2418 129 55 ritu
1004 2418 177 55 sancto.
1133 2418 97 55 Et
1181 2418 194 55 secundum
1326 2418 113 55 hoc
1391 2418 145 55 ponam
1488 2418 129 55 duas
1552 2418 226 55 conclusiones

914 2454 203 54 iffirmatiuas

963 2469 133 77 Prima
1052 2469 118 77 est,
1125 2469 118 77 quod
1199 2469 133 77 pater
1288 2469 162 77 diligit
1405 2469 147 77 filium
1509 2469 162 77 spiritu
1627 2469 162 77 sancto,
1730 2469 44 77 &

904 2531 193 55 econuerso.

991 2550 114 74 Quia
1062 2550 128 74 ficut
1147 2550 99 74 ait
1204 2550 85 74 P.
1246 2550 156 74 August.
1360 2550 85 74 8.
1403 2550 85 74 de
1445 2550 128 74 trin.
1531 2550 170 74 Spiritus
1644 2550 128 74 sanctus

922 2621 100 44 est
979 2621 158 44 caritas
1094 2621 143 44 patris
1194 2621 72 44 &
1223 2621 143 44 filij,
1323 2621 100 44 quo
1381 2621 158 44 vterque
1495 2621 229 44 coninngitur,
1682 2621 100 44 quo
1725 2621 57 44 ge

915 2650 131 56 nitus
1003 2650 73 56 a
1032 2650 175 56 gignente
1149 2650 175 56 diligitur,

942 2686 77 50 2
972 2686 215 50 Praeterea,
1141 2686 138 50 omnis
1233 2686 184 50 diligens
1372 2686 138 50 alium
1464 2686 169 50 proprie
1587 2686 169 50 diligit
1694 2686 77 50 eum

927 2733 134 38 amore
1017 2733 75 38 a
1046 2733 90 38 se
1091 2733 224 38 procedente,
1270 2733 90 38 vt
1315 2733 105 38 ait
1375 2733 119 38 Hugo
1450 2733 90 38 in
1494 2733 149 38 quadam
1599 2733 179 38 epistola
1718 2733 60 38 ad

915 2772 168 40 sanctum
1037 2772 137 40 bern.
1128 2772 107 40 sed
1189 2772 183 40 spiritus
1326 2772 168 40 sanctus
1448 2772 107 40 est
1509 2772 122 40 amor
1585 2772 198 40 procedens
1722 2772 46 40 a

922 2814 125 48 patre
1006 2814 70 48 &
1034 2814 139 48 filio,
1131 2814 84 48 vt
1173 2814 167 48 superius
1298 2814 153 48 patuit,
1410 2814 111 48 ergo
1465 2814 56 48 &c

999 2840 194 48 Praeterea,
1151 2840 83 48 in
1193 2840 125 48 eadem
1276 2840 166 48 epistola
1400 2840 97 48 ait
1456 2840 125 48 Hugo,
1539 2840 83 48 si
1580 2840 166 48 spiritus
1691 2840 83 48 san-

920 2877 114 57 ctus
991 2877 185 57 diceretur
1133 2877 114 57 amor
1204 2877 142 57 cordis
1303 2877 114 57 tui,
1374 2877 128 57 sicut
1460 2877 156 57 dicitur
1573 2877 114 57 amor
1644 2877 156 57 patris,

915 2932 68 46 &
943 2932 136 46 filij,
1038 2932 109 46 quis
1106 2932 136 46 negare
1202 2932 136 46 posset
1297 2932 82 46 te
1338 2932 150 46 spiritu
1447 2932 136 46 sancto
1529 2932 150 46 diligere.

1005 2957 210 63 praeterea,
1170 2957 135 63 amore
1260 2957 180 63 perfecto
1396 2957 150 63 amatur
1501 2957 135 63 ille,
1591 2957 90 63 in
1636 2957 120 63 quem
1696 2957 75 63 hu-

921 2976 161 74 iusmodi
1039 2976 117 74 amor
1112 2976 176 74 procedit
1244 2976 88 74 ab
1288 2976 103 74 eo,
1347 2976 73 74 a
1376 2976 103 74 quo
1435 2976 191 74 procedit,
1581 2976 103 74 sed
1625 2976 147 74 spiritus

916 3045 160 58 sanctus
1033 3045 87 58 vt
1077 3045 116 58 amor
1149 3045 189 58 perfectus
1295 3045 175 58 procedit
1426 3045 73 58 a
1455 3045 131 58 patre
1542 3045 87 58 in
1586 3045 160 58 filium,
1702 3045 73 58 &
1717 3045 58 58 e-

908 3080 219 57 conuerso:
1076 3080 135 57 ergo
1144 3080 67 57 &c

966 3104 105 75 Sed
1026 3104 210 75 contrarium
1191 3104 150 75 illius
1296 3104 150 75 tenuit
1401 3104 150 75 quedam
1506 3104 150 75 opinio
1611 3104 150 75 dicens
1701 3104 75 75 hu
