2422 3561
438 315 195 50 doctores
584 315 211 50 communes:
747 315 211 50 sequitur,
909 315 130 50 quod
991 315 98 50 ad
1040 315 228 50 infusionem
1202 315 114 50 vnius

434 360 157 50 guttae
544 360 236 50 sacramentum
733 360 126 50 esse
811 360 173 50 desinat
937 360 94 50 in
984 360 173 50 omnibus
1110 360 188 50 partibus
1235 360 63 50 ac

429 397 251 56 cidentium
622 397 329 56 praedictorum.

465 429 108 59 Ad
519 429 252 59 argumentum
717 429 252 59 principale
914 429 234 59 dicendum,
1094 429 144 59 quod
1166 429 126 59 minor

438 479 115 46 non
503 479 115 46 est
569 479 148 46 vera.
668 479 99 46 Ad
718 479 247 46 probationem
915 479 214 46 dicendum,
1080 479 132 46 quod
1146 479 148 46 aliquid

437 516 114 49 esse
508 516 199 49 variabile,
664 516 100 49 vcl
721 516 199 49 alterabile
878 516 142 49 potest
977 516 199 49 dupliciter
1119 516 171 49 intelligi-

441 554 109 45 Vno
504 554 141 45 modo,
598 554 94 45 eo
645 554 125 45 quod
723 554 141 45 ipsum
817 554 156 45 potest
926 554 125 45 esse
1004 554 250 45 alterationis
1192 554 94 45 ter-

434 604 162 39 minus.
547 604 130 39 Alio
628 604 146 39 modo,
725 604 130 39 quod
806 604 162 39 potest
920 604 130 39 esse
1001 604 211 39 subiectum
1146 604 146 39 altera-

433 635 175 45 tionis.
560 635 143 45 Primo
655 635 143 45 modo,
750 635 111 45 non
814 635 143 45 negat
909 635 175 45 Auctor.
1036 635 95 45 8.
1084 635 143 45 prin,
1163 635 127 45 formam

430 674 255 41 accidentalem
638 674 128 41 esse
717 674 239 41 variabilem:
909 674 112 41 sed
973 674 144 41 solum
1069 674 176 41 secundo
1180 674 112 41 modo:

429 719 131 42 quia
511 719 131 42 isto
593 719 181 42 secundo
724 719 131 42 modo
806 719 230 42 substantia
987 719 214 42 composita
1135 719 148 42 dicitui

418 753 251 46 alterabilis
619 753 201 46 secundum
770 753 167 46 cursum
887 753 234 46 naturalem:
1071 753 84 46 &
1105 753 134 46 quia
1172 753 117 46 quan-

424 795 151 44 titas
525 795 100 44 in
575 795 234 44 sacramento
759 795 184 44 altaris
893 795 151 44 habet
993 795 151 44 modum
1077 795 201 44 substantia

426 832 199 38 compositae
582 832 114 38 quia
654 832 157 38 existit
767 832 100 38 per
824 832 100 38 se,
881 832 71 38 &
910 832 185 38 subsistit
1052 832 157 38 ceteris
1152 832 128 38 acciden

431 868 144 45 tibus
527 868 239 45 sacramenti:
718 868 160 45 igitur
830 868 208 45 quantitas
990 868 176 45 ambobus
1101 868 176 45 praedicti

427 908 134 40 modis
516 908 149 40 potest
621 908 179 40 variari:
755 908 119 40 lpsa
829 908 119 40 enim
904 908 149 40 potest
1008 908 119 40 esse
1082 908 179 40 terminus
1202 908 74 40 va-

420 947 223 42 riationis,
595 947 143 42 prout
690 947 159 42 potest
802 947 207 42 terminare
961 947 143 42 motum
1056 947 207 42 augmenti,
1199 947 80 42 vel

423 986 252 48 diminutionis,
630 986 74 48 &
660 986 148 48 potest
764 986 118 48 esse
838 986 192 48 subiectum
986 986 237 48 variationis,
1164 986 118 48 inquam

420 1030 108 45 tum
481 1030 216 45 accidentia
651 1030 93 45 in
698 1030 124 45 ipsa
775 1030 216 45 subiectiue
945 1030 170 45 fundata
1069 1030 247 45 intenduntur,

409 1068 257 48 remittuntur,
618 1068 113 48 vel
682 1068 257 48 corrumpuntur
891 1068 80 48 :
923 1068 96 48 Ce
972 1068 129 48 tera
1052 1068 145 48 autem
1132 1068 145 48 acciden

418 1103 117 42 tia,
491 1103 146 42 quibus
593 1103 189 42 substrata
739 1103 102 42 est
797 1103 117 42 ipsa
870 1103 189 42 quantitas
1016 1103 219 42 subiectiue,
1176 1103 102 42 quam-

425 1142 113 49 uis
489 1142 113 49 non
554 1142 129 49 sint
634 1142 225 49 variabilia
811 1142 177 49 secundo
940 1142 145 49 modo,
1037 1142 129 49 puta
1117 1142 113 49 per
1165 1142 113 49 modum

419 1180 206 61 subiecti;
578 1180 143 61 tamen
673 1180 127 61 ipsa
752 1180 127 61 sunt
831 1180 222 61 variabilia
1006 1180 143 61 primo
1101 1180 143 61 modo,
1180 1180 95 61 puta

415 1218 125 55 per
487 1218 161 55 modum
594 1218 214 55 termini:
754 1218 143 55 ideo
826 1218 71 55 &c

444 1310 176 66 Tertiae
572 1310 224 66 particulae
748 1310 144 66 buius
844 1310 272 66 distinctionis
1068 1310 112 66 non
1116 1310 144 66 obscura

492 1350 248 73 subduusio,
687 1350 89 73 n
723 1350 124 73 qua
794 1350 248 73 emolumenta
971 1350 231 73 fucharistia

557 1406 240 55 intrinsecus
749 1406 224 55 existentia
909 1406 208 55 aperiuntur.

641 1495 112 48 ED
697 1495 168 48 CAVEA
810 1495 112 48 T.
866 1495 224 48 Postquam
1034 1495 224 48 magister
1184 1495 93 48 de-

660 1530 204 49 terminauit
821 1530 88 49 de
865 1530 233 49 accidentibus
1054 1530 88 49 in
1098 1530 117 49 isto
1156 1530 117 49 sacra-

661 1580 149 42 mento
761 1580 249 42 extrinsecus
960 1580 282 42 apparentibus,
1176 1580 100 42 nunc

654 1614 221 51 determinat
828 1614 95 51 de
875 1614 252 51 vtilitatibus
1064 1614 205 51 intrinsecus

660 1656 186 41 causaliter
806 1656 226 41 existentibus.
992 1656 80 41 Et
1032 1656 173 41 diuiditur
1165 1656 80 41 in
1191 1656 80 41 tres

654 1693 159 45 partes:
769 1693 116 45 quia
842 1693 130 45 primo
928 1693 87 45 ad
972 1693 101 45 eu,
1030 1693 101 45 qui
1087 1693 130 45 sumit
1160 1693 101 45 istus

419 1727 256 49 sacramentum
624 1727 205 49 Magister
777 1727 154 49 facit
880 1727 290 49 commendabilem
1101 1727 171 49 exhorta-

411 1767 167 56 tionem.
532 1767 167 56 Secundo
654 1767 182 56 ostendit
791 1767 106 56 rei
852 1767 167 56 sumptae
973 1767 152 56 vtilem
1064 1767 198 56 fructifica-

413 1812 174 42 tionem.
540 1812 158 42 Tertio
650 1812 158 42 monet,
761 1812 79 42 &
792 1812 158 42 soluit
903 1812 221 42 incidentem
1061 1812 205 42 quaestionem

408 1851 146 43 circa
505 1851 162 43 istius
618 1851 226 43 sumptionis
796 1851 323 43 frequentationem,
1071 1851 178 43 secunda
1184 1851 81 43 ibi

415 1887 205 49 Institutum
576 1887 103 49 est
635 1887 132 49 enim.
723 1887 146 49 Tertia
826 1887 117 49 ibi.
899 1887 88 49 Si
943 1887 132 49 autem
1031 1887 190 49 quaeritur
1162 1887 103 49 Prima

420 1925 94 54 in
467 1925 140 54 duas:
561 1925 125 54 quia
639 1925 140 54 primo
732 1925 187 54 volentem
873 1925 187 54 accedere
1013 1925 94 54 ad
1060 1925 140 54 istud
1138 1925 125 54 sacra-

404 1961 169 52 mentum
523 1961 203 52 magister
675 1961 119 52 per
743 1961 136 52 suam
828 1961 288 52 exhortationem
1065 1961 169 52 reddit
1166 1961 102 52 cau-

414 2002 129 45 tum.
494 2002 177 45 Secundo
623 2002 145 45 mouet
720 2002 242 45 quaestionem
913 2002 145 45 circa
1010 2002 177 45 Christi
1123 2002 145 45 immola-

408 2046 174 51 tionem,
534 2046 95 51 vt
582 2046 158 51 eundem
692 2046 158 51 reddat
803 2046 189 51 deuotum,
945 2046 126 51 ibi.
1023 2046 126 51 Post
1102 2046 110 51 hoc
1150 2046 110 51 quae-

413 2082 143 47 ritur.
513 2082 86 47 Et
556 2082 115 47 haec
628 2082 86 47 in
671 2082 129 47 tres:
757 2082 115 47 quia
829 2082 143 47 primo,
929 2082 100 47 iam
986 2082 143 47 dictam
1087 2082 129 47 mouet
1159 2082 100 47 quae-

408 2117 194 48 stionem.
553 2117 178 48 Secundo
683 2117 113 48 dat
747 2117 146 48 motae
845 2117 243 48 quaestionis
1022 2117 243 48 responsionem.

402 2150 157 57 Tertio
512 2150 142 57 datae
607 2150 252 57 responsionis
811 2150 157 57 subdit
921 2150 252 57 probationem,
1126 2150 110 57 seu
1173 2150 94 57 con-

415 2195 245 56 firmationem.
614 2195 184 56 Secunda,
752 2195 123 56 ibi.
828 2195 92 56 Ad
874 2195 107 56 hoc
935 2195 184 56 breuiter
1073 2195 123 56 dici
1134 2195 123 56 potest

419 2237 157 56 Tertia,
533 2237 114 56 ibi.
604 2237 114 56 Vnde
675 2237 114 56 Aug.
746 2237 114 56 Haec
818 2237 100 56 est
874 2237 185 56 sententia
1017 2237 142 56 istius
1102 2237 157 56 lectionis

410 2274 83 58 in
452 2274 180 58 generali,
590 2274 125 58 circa
674 2274 111 58 quam
743 2274 139 58 quaero
840 2274 83 58 in
882 2274 180 58 speciali.

694 2348 275 86 Quastio
869 2348 150 86 II1.

463 2435 112 77 An
519 2435 225 77 expediat
688 2435 187 77 homini
819 2435 262 77 frequenter
1007 2435 187 77 accedere

668 2500 117 57 ad
706 2500 292 57 Fucharistiam.

395 2771 103 66 VI
446 2771 138 66 TRVM
533 2771 172 66 vtile,
653 2771 121 66 vel
722 2771 224 66 expediens
895 2771 121 66 sit
964 2771 155 66 homim
1050 2771 207 66 frequenter

430 2800 214 69 accedere,
595 2800 115 69 seu
660 2800 165 69 sumere
776 2800 148 69 istud
874 2800 263 69 sacramentum.
1088 2800 99 69 Et
1121 2800 132 69 vide-

396 2855 126 58 tur,
475 2855 126 58 quod
554 2855 126 58 non:
633 2855 126 58 quia
712 2855 110 58 non
775 2855 142 58 debet
869 2855 126 58 esse
948 2855 142 58 maior
1027 2855 221 58 frequentatio

398 2899 84 54 in
440 2899 84 54 re
482 2899 223 54 significata,
663 2899 111 54 quam
732 2899 84 54 in
774 2899 139 54 figura
871 2899 237 54 significante:
1066 2899 97 54 sed
1122 2899 125 54 agnus
1191 2899 56 54 pa

393 2939 162 50 scalis,
511 2939 103 50 qui
570 2939 118 50 fuit
644 2939 148 50 figura
747 2939 148 50 istius
851 2939 221 50 sacramenti,
1028 2939 207 50 tantummodo
1175 2939 74 50 se-

397 2982 105 49 mel
457 2982 90 49 in
502 2982 120 49 anno
577 2982 241 49 comedebatur,
773 2982 90 49 vt
818 2982 135 49 patet
908 2982 90 49 in
953 2982 120 49 Exo.
1028 2982 120 49 ergo
1104 2982 180 49 videtur,

398 3017 142 48 quod
487 3017 160 48 semel
594 3017 107 48 in
647 3017 142 48 anno
736 3017 213 48 debeamus
896 3017 249 48 tantummodo
1074 3017 178 48 communi-

390 3054 122 51 cari,
472 3054 95 51 seu
526 3054 136 51 refici
622 3054 109 51 illo
676 3054 177 51 sacramento.

434 3099 167 53 Contra,
555 3099 152 53 quando
661 3099 167 53 aliquid
783 3099 106 53 sic
843 3099 91 53 se
889 3099 152 53 habet,
995 3099 121 53 quod
1071 3099 121 53 eius
1132 3099 121 53 acces-

384 3136 92 58 su
430 3136 169 58 peccata
553 3136 200 58 delentur,
706 3136 77 58 &
737 3136 184 58 virtutes
875 3136 200 58 augentur,
1029 3136 92 58 ad
1075 3136 108 58 hoc
1121 3136 138 58 frequen

1321 302 106 66 ter
1381 302 181 66 accedere
1517 302 106 66 est
1578 302 151 66 homini
1684 302 212 66 expediens,
1850 302 76 66 &
1880 302 151 66 vtile:
1986 302 106 66 sed
2047 302 106 66 per
2092 302 106 66 acces

1312 356 113 50 sum
1377 356 97 50 ad
1425 356 146 50 istud
1522 356 243 50 sacramentum
1717 356 178 50 peccata
1847 356 211 50 delentur,
2009 356 81 50 &
2025 356 162 50 virtutes

1321 397 193 48 augentur,
1470 397 89 48 vt
1514 397 163 48 patebit
1633 397 89 48 in
1677 397 119 48 ista
1752 397 223 48 quaestione;
1930 397 119 48 ergo
2004 397 104 48 &c.
2063 397 104 48 Hic
2108 397 89 48 quat

1323 438 121 51 tuor
1398 438 121 51 sunt
1474 438 181 51 videnda.
1610 438 151 51 Primo,
1715 438 91 51 de
1761 438 151 51 istius
1866 438 211 51 sacramenti
2017 438 166 51 vtilitate

1320 478 205 46 existente
1478 478 95 46 in
1526 478 221 46 peccatorum
1699 478 221 46 deletione.
1873 478 174 46 Secundo
1999 478 95 46 de
2031 478 142 46 eiusdem

1311 515 216 52 sacramenti
1480 515 200 52 vtilitate
1634 515 200 52 existente
1789 515 93 52 in
1835 515 185 52 virtutum
1958 515 216 52 perfectione.

1326 553 164 51 Tertio
1440 553 147 51 vtrum
1538 553 131 51 homo
1620 553 131 51 sine
1702 553 180 51 peccato
1833 553 98 51 ad
1882 553 147 51 istud
1980 553 245 51 sacramentum

1319 596 131 52 omni
1400 596 114 52 die
1466 596 163 52 possit
1580 596 212 52 accedere.
1743 596 163 52 Quarto
1857 596 147 52 vtrum
1955 596 131 52 homo
2037 596 131 52 sine
2102 596 82 52 pec

1327 633 117 45 cato
1401 633 88 45 ab
1445 633 117 45 isto
1518 633 205 45 sacramento
1679 633 147 45 possit
1782 633 147 45 semper
1870 633 176 45 abstinere.

1395 710 594 75 RESOLVTIO.

1312 820 100 47 cum
1369 820 186 47 huiusmodi
1512 820 215 47 sacramentum
1684 820 243 47 Fuchaeristiae
1884 820 157 47 proprie
1998 820 129 47 datum
2084 820 100 47 sit
2127 820 57 47 in

1347 859 165 42 remedium
1471 859 179 42 defectuum
1609 859 179 42 vrnialium
1747 859 83 42 it
1788 859 138 42 eratur
1885 859 138 42 igitur
1981 859 165 42 quotidie
2091 859 83 42 haec

1352 897 152 59 oblatio,
1466 897 114 59 licet
1542 897 152 59 chrirtus
1655 897 114 59 semel
1731 897 126 59 passus
1820 897 101 59 sit:
1883 897 101 59 quia
1946 897 152 59 quoridie
2047 897 126 59 peccatis

1346 930 170 64 Feccamus,
1477 930 105 64 sint
1542 930 131 64 quibus
1634 930 157 64 mortalis
1752 930 183 64 infirmitas
1896 930 131 64 viuere
1987 930 144 64 nequit.

1413 1011 630 84 ARTICVLVSI

1364 1121 98 65 De
1413 1121 229 65 sacramenti
1593 1121 262 65 Fucharistiae
1806 1121 213 65 vtilitate
1954 1121 180 65 existente

1512 1170 90 66 m
1548 1170 251 66 peccatorum
1727 1170 215 66 deletione.

1376 1256 195 50 VANTVM
1512 1256 117 50 ad
1570 1256 195 50 primum
1706 1256 156 50 pono
1803 1256 156 50 duas
1881 1256 292 50 conclusiones.

1331 1271 162 68 Prima
1439 1271 144 68 est,
1529 1271 144 68 quod
1620 1271 162 68 istud
1728 1271 271 68 sacramentum
1944 1271 198 68 proprie
2071 1271 90 68 da-

1303 1335 116 48 tum
1370 1335 116 48 est
1436 1335 166 48 homini
1553 1335 100 48 in
1603 1335 200 48 remedium
1752 1335 216 48 venialium
1919 1335 249 48 peccatorum.
2101 1335 67 48 Et

1303 1377 100 47 hoc
1360 1377 143 47 estide
1460 1377 200 47 intentione
1617 1377 143 47 Sanct.
1717 1377 157 47 August.
1831 1377 114 47 qui,
1903 1377 86 47 vt
1945 1377 129 47 patet
2031 1377 100 47 hic
2088 1377 86 47 in
2117 1377 57 47 li

1307 1419 124 47 tera,
1390 1419 97 47 sic
1445 1419 110 47 ait.
1514 1419 165 47 Iteratur
1638 1419 165 47 quotidie
1762 1419 110 47 haec
1831 1419 165 47 oblatio,
1955 1419 124 47 licet
2024 1419 138 47 Christus

1300 1453 138 59 semel
1392 1453 154 59 passus
1499 1453 123 59 sit:
1576 1453 123 59 quia
1653 1453 184 59 quotidie
1791 1453 184 59 peccamus
1930 1453 200 59 peccatis,
2068 1453 92 59 sinc

1302 1494 154 46 quibus
1409 1494 184 46 mortalis
1547 1494 215 46 infirmitas
1716 1494 154 46 viuere
1824 1494 108 46 non
1885 1494 169 46 potest:
2008 1494 138 46 Talia
2085 1494 77 46 au-

1300 1535 105 45 tem
1360 1535 165 45 peccata
1480 1535 120 45 sunt
1555 1535 195 45 venialia:
1705 1535 120 45 ergo
1781 1535 105 45 &c.
1841 1535 120 45 Vnde
1916 1535 180 45 sequitur
2036 1535 120 45 ibidem

1301 1570 140 56 Dedit
1395 1570 124 56 enim
1472 1570 140 56 nobis
1566 1570 124 56 Deus
1643 1570 109 56 hoc
1705 1570 233 56 sacramentum
1892 1570 186 56 salutis,
2032 1570 93 56 vt
2063 1570 93 56 quia

1313 1610 187 52 quotidie
1453 1610 202 52 peccamus,
1609 1610 78 52 &
1640 1610 124 52 ille
1718 1610 109 52 iam
1780 1610 124 52 mori
1858 1610 109 52 non
1920 1610 171 52 potest,
2045 1610 109 52 per
2091 1610 78 52 hoc

1304 1658 261 41 lacramentum
1512 1658 261 41 remissionem
1721 1658 243 41 peccatorum
1895 1658 226 41 consequamur

1331 1691 142 44 Forte
1426 1691 189 44 dicetur,
1567 1691 126 44 quod
1646 1691 142 44 ille,
1740 1691 110 44 qui
1803 1691 173 44 accedit
1929 1691 94 44 ad
1961 1691 205 44 recipiendum

1305 1725 137 57 istud
1396 1725 213 57 benedictum
1563 1725 243 57 sactamentum,
1761 1725 106 57 vel
1822 1725 106 57 est
1882 1725 198 57 contritus
2034 1725 91 57 de
2065 1725 91 57 suis

1314 1771 182 50 peccatis
1450 1771 228 50 venialibus,
1633 1771 76 50 &
1663 1771 121 50 tunc
1739 1771 167 50 peccata
1860 1771 182 50 venialia
1997 1771 106 50 non
2043 1771 106 50 remit

1305 1812 162 42 tuntur
1418 1812 113 42 per
1483 1812 146 42 istud
1580 1812 259 42 sacramentum,
1791 1812 130 42 quia
1872 1812 195 42 antequam
2002 1812 162 42 recipia-

1301 1849 115 49 tur
1366 1849 148 49 istud
1465 1849 247 49 sacramentum
1663 1849 165 49 deleta
1778 1849 132 49 sunt
1861 1849 214 49 huiusmodi
2009 1849 148 49 peccata

1308 1891 104 51 per
1367 1891 237 51 poenitentiae
1560 1891 237 51 sacramentum,
1752 1891 104 51 vel
1812 1891 163 51 accedit
1930 1891 104 51 non
1974 1891 178 51 contritus;

1297 1927 73 51 &
1326 1927 116 51 tunc
1398 1927 145 51 fictus
1500 1927 174 51 accedit,
1630 1927 87 51 ac
1674 1927 102 51 per
1732 1927 203 51 consequens
1891 1927 203 51 receptione
2036 1927 116 51 istius

1304 1963 208 46 sacramenti
1468 1963 104 46 non
1527 1963 208 46 remittetur
1691 1963 119 46 sibi
1765 1963 164 46 aliquod
1884 1963 193 46 peccatum,
2033 1963 104 46 nec
2078 1963 74 46 per

1292 2004 239 51 consequens
1480 2004 205 51 peccatum
1616 2004 171 51 veniale-

1330 2042 222 51 Respondeo,
1504 2042 127 51 quod
1584 2042 127 51 homo
1663 2042 190 51 existens
1805 2042 127 51 sine
1885 2042 174 51 mortali
1996 2042 158 51 peccato.

1296 2085 180 44 accedens
1431 2085 180 44 accenso,
1566 2085 90 44 ac
1611 2085 150 44 deuoto
1716 2085 195 44 desiderio
1866 2085 135 44 istud
1941 2085 210 44 sacramentum,

1299 2123 137 54 dato,
1390 2123 122 54 quod
1466 2123 91 54 de
1512 2123 213 54 vemialibus
1679 2123 183 54 peccatis
1816 2123 107 54 non
1877 2123 152 54 habeat
1968 2123 183 54 singularum

1296 2159 258 59 contritionem,
1509 2159 137 59 adhuc
1600 2159 167 59 virtute
1721 2159 152 59 istius
1828 2159 213 59 sacramenti
1995 2159 198 59 delentur,

1295 2196 100 51 nec
1352 2196 143 51 talis,
1452 2196 157 51 proprie
1566 2196 185 51 loquendo,
1708 2196 128 51 debet
1794 2196 114 51 dici
1865 2196 157 51 fictus:
1979 2196 114 51 quia
2036 2196 114 51 fictus

1303 2244 104 44 non
1363 2244 104 44 est
1422 2244 89 44 in
1467 2244 134 44 statu
1556 2244 179 44 salutis:
1690 2244 104 44 non
1749 2244 193 44 poenitens
1898 2244 134 44 autem
1987 2244 89 44 de
2017 2244 134 44 veniali

1302 2275 188 56 peccato:
1443 2275 250 56 sufficienter
1646 2275 141 56 tamen
1740 2275 203 56 contritus
1897 2275 94 56 de
1944 2275 172 56 mortali
2053 2275 94 56 verd

1292 2313 92 52 est
1344 2313 79 52 in
1384 2313 118 52 statu
1449 2313 131 52 salutis.

1321 2356 138 47 Forte
1413 2356 138 47 dices
1504 2356 168 47 iterum,
1627 2356 122 47 quod
1703 2356 107 47 non
1764 2356 168 47 apparet
1887 2356 138 47 maior
1979 2356 153 47 ratio,
2070 2356 77 47 qua

1293 2397 89 57 re
1338 2397 134 57 magis
1427 2397 149 57 deleat
1531 2397 134 57 vnum,
1621 2397 119 57 quam
1695 2397 149 57 aliud:
1799 2397 119 57 ergo
1874 2397 89 57 si
1919 2397 134 57 istud
1993 2397 149 57 sacramen

1289 2440 108 44 tum
1350 2440 138 44 deset
1442 2440 169 44 peccata
1565 2440 200 44 venialia:
1719 2440 154 44 igitur
1827 2440 92 44 si
1873 2440 138 44 delet
1965 2440 138 44 vnum,
2042 2440 108 44 delet

1295 2484 152 47 omnia,
1401 2484 76 47 &
1432 2484 107 47 sic
1493 2484 137 47 esset
1584 2484 122 47 homo
1660 2484 122 47 sine
1737 2484 122 47 omni
1813 2484 183 47 peccato,
1950 2484 122 47 quod
2026 2484 107 47 est
2072 2484 76 47 con

1291 2514 103 58 tra
1350 2514 147 58 illud.
1453 2514 132 58 Toan.
1541 2514 88 58 Si
1585 2514 205 58 dixerimus,
1746 2514 117 58 quia
1819 2514 176 58 peccatum
1951 2514 103 58 non
1995 2514 147 58 habemus;

1287 2556 107 52 nos
1348 2556 137 52 ipsos
1439 2556 213 52 seducimus,
1607 2556 76 52 &
1637 2556 168 52 veritas
1759 2556 91 52 in
1805 2556 137 52 nobis
1896 2556 107 52 non
1942 2556 76 52 est

1326 2590 220 60 Respondeo,
1499 2590 126 60 quod
1578 2590 110 60 non
1641 2590 110 60 est
1704 2590 173 60 necesse
1829 2590 110 60 vno
1892 2590 173 60 peccato
2002 2590 142 60 veniali

1294 2629 151 57 deleto
1400 2629 167 57 virtute
1521 2629 151 57 istius
1627 2629 227 57 sacramenti,
1809 2629 121 57 quod
1885 2629 136 57 omnia
1960 2629 182 57 deleantur;

1294 2678 130 41 quia
1375 2678 211 41 huiusmodi
1538 2678 195 41 peccatum
1684 2678 179 41 deletur
1814 2678 195 41 mediante
1960 2678 130 41 motu
2025 2678 114 41 facto

1286 2712 96 55 in
1334 2712 144 55 anima
1430 2712 96 55 ex
1478 2712 176 55 feruore
1606 2712 224 55 caritatis:
1783 2712 208 55 huiusmodi
1943 2712 144 55 autem
2023 2712 112 55 motus

1286 2751 156 54 ratione
1399 2751 114 54 suae
1470 2751 142 54 causae
1570 2751 227 54 particularis
1755 2751 170 54 tenentis
1882 2751 85 54 se
1925 2751 85 54 ex
1968 2751 128 54 parte
2039 2751 99 54 opera

1290 2786 163 62 tionis
1404 2786 195 62 humanae,
1550 2786 163 62 potest
1664 2786 163 62 habere
1778 2786 179 62 maiorem
1892 2786 244 62 difformitatem

1286 2834 105 54 ad
1339 2834 140 54 vnum
1427 2834 210 54 peccatum
1584 2834 210 54 veniale,
1742 2834 140 54 quam
1830 2834 105 54 ad
1882 2834 175 54 aliud:
1987 2834 158 54 propter

1284 2876 136 46 quod
1369 2876 170 46 potest
1488 2876 222 46 quandoque
1659 2876 136 46 vnum
1744 2876 170 46 deleri
1863 2876 136 46 alio
1932 2876 204 46 remanente.

1292 2919 144 48 ctiam
1388 2919 160 48 feruor
1500 2919 224 48 deuotionis
1676 2919 160 48 posset
1787 2919 128 48 esse
1867 2919 176 48 tantus,
1995 2919 128 48 quod
2059 2919 80 48 pro

1279 2951 138 44 tunc
1365 2951 190 44 deleret
1504 2951 156 44 omnia
1608 2951 208 44 venialia
1763 2951 208 44 peccata,
1919 2951 190 44 quamuis
2040 2951 104 44 homo

1283 2991 169 52 ratione
1406 2991 123 52 suae
1483 2991 246 52 fragilitatis
1683 2991 108 52 non
1745 2991 123 52 plus
1822 2991 169 52 maneret
1945 2991 92 52 in
1976 2991 169 52 huiusmodi

1288 3028 193 56 puritate.
1437 3028 104 56 Nec
1496 3028 104 56 per
1556 3028 119 56 illa
1630 3028 134 56 verba
1720 3028 104 56 hoc
1779 3028 149 56 beatus
1883 3028 164 56 loannes
1987 3028 149 56 intendit

1289 3068 176 46 negare:
1417 3068 112 46 sed
1481 3068 144 46 magis
1576 3068 176 46 videtur
1704 3068 112 46 iam
1768 3068 160 46 dictam
1880 3068 271 46 fragilitatem,
2087 3068 48 46 &

1280 3104 270 50 instabilitatem
1505 3104 165 50 humanae
1625 3104 225 50 condicionis
1805 3104 180 50 innuere.
1940 3104 150 50 Posset
2030 3104 105 50 etiam

1284 3145 140 51 dici,
1378 3145 125 51 quod
1456 3145 94 51 8.
1503 3145 171 51 loannes
1627 3145 187 51 doquitur
1768 3145 171 51 quantum
1892 3145 94 51 ad
1939 3145 109 51 non
1986 3145 140 51 nostram
