2393 3541
200 280 94 65 do
247 280 188 65 peccatum
388 280 219 65 auaritiae,
560 280 125 65 tunc
639 280 157 65 tangit
748 280 157 65 cordam
858 280 235 65 largitatis,
1030 280 47 65 &

199 339 103 45 sic
258 339 89 45 de
303 339 148 45 aliis,
406 339 89 45 vt
450 339 103 45 sic
509 339 118 45 homo
583 339 89 45 de
627 339 148 45 ventre
731 339 236 45 conscientiae
923 339 118 45 dans
982 339 103 45 sonum

208 379 270 44 poenitentiae,
431 379 159 44 dicere
542 379 159 44 possit
653 379 159 44 illud.
765 379 159 44 Venter
876 379 127 44 meus
956 379 95 44 ad
987 379 80 44 Moa

206 418 146 44 quasi
303 418 178 44 cithara
432 418 178 44 sonabit
562 418 97 44 Et
610 418 129 44 hanc
691 418 162 44 dicunt
804 418 129 44 esse
869 418 210 44 intentionem

203 458 135 47 beati
293 458 151 47 August
399 458 90 47 in
444 458 105 47 lib
504 458 90 47 de
549 458 75 47 :
579 458 271 47 responsionibus
805 458 105 47 vbi
865 458 120 47 ait,
925 458 151 47 Poeniten

207 496 111 47 tia
271 496 111 47 est
334 496 175 47 quaedam
461 496 111 47 res
525 496 175 47 optima,
652 496 79 47 &
683 496 206 47 perfecta,
842 496 143 47 omnes
921 496 159 47 defectus

197 537 194 41 reuocans
342 537 97 41 ad
390 537 226 41 perfectum.
568 537 81 41 2
600 537 226 41 Praeterea,
778 537 145 41 sicut
874 537 161 41 facere
971 537 97 41 omni

201 575 140 44 bonum
295 575 109 44 est
357 575 156 44 virtus
466 575 218 44 specialis:
638 575 109 44 sed
700 575 203 44 generalis
840 575 234 44 comprehendens

206 618 154 49 omnem
308 618 222 49 virtutem,
479 618 119 49 sic
547 618 222 49 declinare
718 618 102 49 ab
769 618 136 49 omni
854 618 136 49 malo
940 618 119 49 non
991 618 85 49 est

203 658 165 41 virtus
318 658 231 41 specialis,
500 658 116 41 sed
566 658 116 41 est
632 658 231 41 aggregatio
813 658 165 41 omnium
912 658 165 41 virtutum

206 697 117 47 Cum
273 697 134 47 ergo
357 697 251 47 poenitentia
558 697 201 47 declinet
708 697 100 47 ab
759 697 134 47 omni
842 697 151 47 malo:
943 697 134 47 ergo
1010 697 50 47 &

238 738 112 44 Sed
302 738 112 44 nec
366 738 145 44 istud
463 738 145 44 valet
559 738 128 44 Quia
639 738 145 44 sicut
736 738 225 44 magnanimus
912 738 145 44 facit
993 738 64 44 op

209 772 222 57 tuiuslibet
383 772 206 57 virtutis:
542 772 143 57 tamen
637 772 253 57 magnanimitas
843 772 111 57 est
906 772 158 57 virtus
1001 772 79 57 spe

202 815 158 41 cialis,
316 815 86 41 eo
360 815 115 41 quod
431 815 115 41 haec
503 815 129 41 omnia
589 815 144 41 faciat
690 815 100 41 sub
747 815 158 41 ratione
862 815 187 41 speciali,
991 815 72 41 pus

198 855 88 41 ta
242 855 102 41 sub
301 855 102 41 hac
359 855 175 41 ratione,
491 855 88 41 vt
535 855 102 41 sit
593 855 146 41 dignus
695 855 161 41 honore,
812 855 88 41 vt
856 855 132 41 patet
944 855 88 41 4.
973 855 88 41 eth.

197 892 104 45 co,
257 892 104 45 sic
316 892 164 45 quamuis
436 892 119 45 haec
510 892 164 45 virtus,
630 892 119 45 quae
704 892 164 45 dicitur
823 892 239 45 poenitentia,
1002 892 60 45 di

197 935 162 51 clinet
310 935 97 51 ab
359 935 130 51 omni
440 935 146 51 malo:
537 935 146 51 tamen
634 935 113 51 hoc
699 935 146 51 facit
796 935 113 51 sub
861 935 113 51 hac
909 935 162 51 speciali

202 974 200 40 ratione,
353 974 100 40 vt
403 974 200 40 inclinet
553 974 184 40 hominem
687 974 100 40 ad
737 974 150 40 velle
837 974 200 40 emendari
971 974 100 40 ipsi

191 1011 109 42 Deo
254 1011 93 42 de
300 1011 124 42 omni
378 1011 187 42 offensa,
518 1011 78 42 &
549 1011 109 42 hoc
611 1011 109 42 vel
673 1011 202 42 absolute,
829 1011 109 42 vel
891 1011 109 42 sub
938 1011 124 42 condi-

197 1051 144 42 tione,
297 1051 130 42 sicut
384 1051 201 42 praedictum
542 1051 101 42 est
600 1051 115 42 ideo
671 1051 216 42 poenitentia
844 1051 101 42 est
902 1051 144 42 virtus
988 1051 72 42 spo

198 1093 164 49 cialis.
317 1093 119 49 Vnde
392 1093 104 49 non
451 1093 179 49 obstante
585 1093 268 49 vniuersalitate
809 1093 164 49 obiecti
913 1093 149 49 material

193 1133 103 49 ter
252 1133 163 49 sumpti,
371 1133 89 49 si
415 1133 163 49 habitus
533 1133 163 49 aliquis
651 1133 177 49 versatur
784 1133 133 49 circa
873 1133 133 49 ipsum
962 1133 103 49 sub
1006 1133 59 49 ra

199 1169 130 52 tione
285 1169 188 52 speciali,
429 1169 115 52 ille
501 1169 159 52 habitus
617 1169 159 52 poterit
732 1169 115 52 esse
804 1169 115 52 vnus
876 1169 202 52 specifice,
1021 1169 43 52 &

196 1205 110 59 non
259 1205 141 59 solum
353 1205 266 59 aggregatione,
572 1205 94 59 vt
619 1205 125 59 isti
682 1205 157 59 assumunt

229 1236 92 64 Et
275 1236 107 64 per
336 1236 107 64 hoc
397 1236 138 64 patet
489 1236 168 64 solutio
611 1236 92 64 ad
657 1236 107 64 ea,
719 1236 122 64 quae
795 1236 107 64 pro
856 1236 92 64 se
887 1236 153 64 inducunt

195 1280 120 57 Alij
270 1280 165 57 dicunt,
390 1280 120 57 quod
465 1280 135 57 licet
555 1280 225 57 poenitentia
735 1280 105 57 sit
795 1280 165 57 virtus:
915 1280 135 57 tamen
990 1280 75 57 non

201 1330 105 48 est
261 1330 149 48 virtus
365 1330 194 48 distincta
515 1330 90 48 ab
559 1330 119 48 ipsa
634 1330 179 48 caritate
768 1330 224 48 Peenitentia
948 1330 134 48 enim:
1022 1330 45 48 &

189 1365 184 59 caritas,
326 1365 92 59 vt
372 1365 122 59 isti
449 1365 168 59 dicunt,
571 1365 122 59 sunt
648 1365 122 59 idem
724 1365 184 59 secundum
862 1365 122 59 rem,
923 1365 138 59 quamuis

195 1411 206 54 differant
353 1411 190 54 ratione.
496 1411 111 54 Nam
559 1411 174 54 eiusdem
685 1411 190 54 virturis
828 1411 111 54 est
891 1411 142 54 vnire
970 1411 95 54 Deo,

185 1448 74 48 &
215 1448 193 48 detestari
363 1448 104 48 ea,
423 1448 119 48 quae
497 1448 178 48 separant
630 1448 74 48 a
660 1448 104 48 Deo
720 1448 104 48 sed
779 1448 163 48 caritas
898 1448 119 48 vnit
972 1448 119 48 Deo,

187 1493 239 51 poenitentia
378 1493 223 51 detestatur
554 1493 207 51 peccatum,
713 1493 112 51 quo
777 1493 207 51 separamur
936 1493 80 51 a
968 1493 128 51 Deo:

177 1525 223 57 ergo,
301 1525 124 57 &c.

226 1575 112 41 Sed
290 1575 112 41 nec
354 1575 144 41 istud
450 1575 160 41 valet.
562 1575 128 41 Quia
642 1575 176 41 habitus
771 1575 272 41 distinguuntur
979 1575 80 41 per

195 1607 175 45 obiecta,
327 1607 73 45 &
356 1607 102 45 per
415 1607 175 45 rationes
546 1607 219 45 obiectales:
722 1607 102 45 sed
780 1607 132 45 aliud
868 1607 102 45 est
912 1607 146 45 obiectum

196 1646 75 50 &
226 1646 135 50 ratio
316 1646 210 50 obiectalis
480 1646 210 50 caritatis,
645 1646 75 50 &
675 1646 254 50 peenitentiae,
884 1646 90 50 vt
929 1646 135 50 patet
1004 1646 60 50 ex

201 1692 221 46 praedictis:
378 1692 118 46 ergo
452 1692 177 46 caritas,
584 1692 74 46 &
614 1692 236 46 poenitentia,
805 1692 118 46 sunt
879 1692 103 46 duo
923 1692 133 46 habitus

177 1723 168 55 realiter
289 1723 154 55 distincti

229 1763 101 47 Ad
280 1763 202 47 rationem
431 1763 219 47 dicendum,
600 1763 135 47 quod
684 1763 185 47 quamuis
818 1763 185 47 caritas
936 1763 118 47 dete-

187 1805 153 42 stetur
294 1805 107 42 ea,
355 1805 122 42 quae
431 1805 183 42 separant
568 1805 76 42 a
599 1805 122 42 Deo:
675 1805 137 42 tamen
767 1805 107 42 hoc
828 1805 137 42 facit
920 1805 107 42 sub
965 1805 92 42 alia

173 1842 196 59 ratione,
319 1842 130 59 quam
401 1842 130 59 ipsa
483 1842 261 59 poenitentia.
695 1842 130 59 ideo
760 1842 65 59 &c

314 1923 557 83 ARTICVLVS
700 1923 214 83 Ii.

348 2041 91 83 li
393 2041 106 83 quo
454 2041 106 83 sit
514 2041 227 83 poenitentia
681 2041 197 83 subiectiue.

192 2160 229 49 SVANTVM
359 2160 125 49 ad
422 2160 250 49 secundum
609 2160 271 49 articulum
818 2160 167 49 dico
901 2160 167 49 breui-

292 2207 115 44 ter,
363 2207 115 44 quod
435 2207 158 44 virtus,
549 2207 115 44 quae
621 2207 100 44 est
678 2207 229 44 poenitentia,
865 2207 100 44 est
907 2207 158 44 subiecti-

182 2240 93 55 ue
228 2240 93 55 in
275 2240 124 55 ipsa
337 2240 171 55 voluntate

207 2273 72 59 1
235 2273 129 59 Quia,
322 2273 86 59 vt
365 2273 115 59 dixi
436 2273 86 59 in
480 2273 86 59 3.
523 2273 115 59 libs
594 2273 172 59 iustitia
724 2273 201 59 subiectiue
882 2273 101 59 est
939 2273 86 59 in
968 2273 86 59 ipsa

196 2328 204 44 vroluntate;
359 2328 109 44 sed,
427 2328 81 44 vt
468 2328 122 44 patet
550 2328 81 44 ex
590 2328 204 44 praedictis,
753 2328 204 44 poenitentia
916 2328 95 44 est
957 2328 95 44 quae-

189 2362 104 54 dam
249 2362 193 54 iustitia:
397 2362 119 54 ergo
457 2362 59 54 &c

207 2383 76 63 2
237 2383 198 63 Preterea,
389 2383 91 63 in
435 2383 122 63 illa
511 2383 183 63 potentia
648 2383 213 63 subiectiue
816 2383 137 63 habet
907 2383 122 63 esse
968 2383 76 63 poe

187 2436 209 59 nitentia,
348 2436 129 59 quae
428 2436 177 59 emendam
557 2436 113 59 pro
621 2436 193 59 peccatis
766 2436 209 59 faciendam
910 2436 145 59 sibipsi

192 2488 145 50 potest
294 2488 203 50 infligere,
454 2488 73 50 &
483 2488 102 50 sua
541 2488 218 50 auctoritate
715 2488 160 50 omnibus
832 2488 131 50 aliis
904 2488 160 50 potentiis

186 2529 197 44 imperare:
338 2529 106 44 sed
398 2529 182 44 voluntas
535 2529 106 44 est
596 2529 213 44 huiusmodi,
763 2529 91 44 vt
808 2529 137 44 patet
899 2529 91 44 ex
930 2529 121 44 multis

190 2553 270 58 auctoritatibus
415 2553 210 58 sanctorum,
580 2553 75 58 &
610 2553 240 58 specialiter.
806 2553 90 58 D.
851 2553 120 58 Der.
926 2553 75 58 &
941 2553 120 58 Ansel-

186 2598 161 51 quarum
299 2598 177 51 aliquas
428 2598 161 51 adduxi
541 2598 97 51 li
589 2598 97 51 2.
638 2598 145 51 dist.
718 2598 81 51 35.

216 2636 110 55 Sed
279 2636 158 55 contra
390 2636 142 55 istud
484 2636 126 55 sunt
563 2636 158 55 multae
673 2636 221 55 opiniones.
846 2636 95 55 In
894 2636 126 55 ista
957 2636 95 55 enim

191 2680 169 47 materia
314 2680 138 47 quasi
406 2680 200 47 quaelibet
559 2680 108 47 vis
621 2680 154 47 animae
728 2680 123 47 suum
805 2680 154 47 habuit
913 2680 154 47 iudice
1005 2680 46 47 m

199 2715 131 61 Vnde
280 2715 163 61 quidam
394 2715 179 61 dicunt,
525 2715 131 61 quod
607 2715 261 61 poenitentia,
819 2715 163 61 taquam
933 2715 98 61 in
965 2715 82 61 sul

197 2756 117 57 ecto,
275 2756 91 57 sit
327 2756 78 57 in
353 2756 169 57 irascibili.

217 2794 78 48 1
249 2794 124 48 Quia
326 2794 202 48 vindicare
482 2794 171 48 spectat
606 2794 93 48 ad
653 2794 249 48 irascibilem:
855 2794 109 48 sed
902 2794 155 48 secundum

185 2833 95 69 P.
233 2833 127 69 Aug.
312 2833 237 69 poenitentia
501 2833 111 69 est
565 2833 174 69 quaedam
691 2833 190 69 dolentis
834 2833 206 69 vindicta.
976 2833 79 69 er-

187 2886 105 46 go
222 2886 88 46 &c.

198 2890 76 71 2
228 2890 213 71 Praeterea,
395 2890 122 71 ira,
471 2890 106 71 qua
532 2890 122 71 quis
608 2890 198 71 irascitur
760 2890 182 71 peccatis
897 2890 167 71 alieni,
1003 2890 46 71 &

188 2956 118 49 ira,
262 2956 103 49 qua
321 2956 118 49 quis
394 2956 191 49 irascitur
542 2956 177 49 peccatis
674 2956 191 49 proprijs,
821 2956 118 49 sunt
880 2956 177 49 subiectiue

193 2991 85 59 in
235 2991 128 59 eadem
321 2991 185 59 potentia:
463 2991 100 59 sed
520 2991 114 59 ira,
591 2991 100 59 qua
648 2991 114 59 quis
719 2991 185 59 irascitur
862 2991 171 59 peccatis
976 2991 85 59 alie

202 3036 91 52 nis
254 3036 91 52 est
306 3036 78 52 in
346 3036 196 52 irascibili:
502 3036 105 52 ergo
555 3036 65 52 &c.

203 3077 74 44 3
233 3077 208 44 Praeterea,
397 3077 149 44 Chrys.
501 3077 134 44 dicit
590 3077 179 44 perfecta
724 3077 223 44 poenitentia
902 3077 134 44 cogit
977 3077 74 44 pro

199 3121 196 45 nitentem
345 3121 147 45 omnia
443 3121 196 45 libentem
590 3121 212 45 sufferre:
753 3121 114 45 sed
818 3121 163 45 cogere
916 3121 147 45 videtur

194 3156 90 61 ad
239 3156 225 61 irascibilem
404 3156 180 61 pertinere.

1119 285 74 75 4
1149 285 207 75 Praeterea,
1311 285 177 75 proprium
1444 285 103 75 est
1503 285 148 75 ipsius
1607 285 222 75 irascibilis
1784 285 192 75 sustinere
1917 285 59 75 du

1108 346 114 62 ra,
1173 346 81 62 &
1205 346 195 62 poenosa.
1352 346 114 62 Sed
1417 346 195 62 secundum
1563 346 130 62 Aug.
1644 346 211 62 poenitere
1807 346 114 62 est
1872 346 146 62 penam

1116 382 162 52 tenere:
1234 382 118 52 ergo
1308 382 221 52 poenitentia
1485 382 88 52 ad
1529 382 206 52 irascibile
1691 382 162 52 videtur
1794 382 192 52 pertinete.-

1195 424 207 56 praeterea,
1358 424 89 56 in
1402 424 89 56 gl
1447 424 177 56 superius
1580 424 177 56 allegata
1713 424 89 56 in
1757 424 192 56 argumento
1890 424 89 56 prin

1105 469 143 56 cipali
1205 469 114 56 Quid
1276 469 143 56 istius
1376 469 100 56 &c,
1433 469 171 56 expresse
1561 469 143 56 patet,
1661 469 114 56 quod
1732 469 143 56 irasci
1832 469 100 56 est
1874 469 100 56 actus

1107 499 238 56 penitentiae:
1301 499 134 56 ergo,
1375 499 60 56 &c

1137 537 106 58 Sed
1198 537 121 58 ista
1273 537 106 58 non
1334 537 228 58 concludunt.
1516 537 76 58 1
1546 537 121 58 Quia
1622 537 137 58 licet
1713 537 137 58 actus
1804 537 152 58 ipsius
1895 537 76 58 ira

1105 581 180 49 scibilis
1240 581 90 49 se
1285 581 150 49 possit
1389 581 195 49 extendere
1539 581 90 49 ad
1584 581 254 49 detestationem
1793 581 120 49 mali
1853 581 120 49 senfi-

1099 616 153 61 bilis:
1206 616 138 61 tamen
1298 616 107 61 non
1360 616 184 61 videtur,
1498 616 123 61 quod
1574 616 92 61 se
1620 616 184 61 extendat
1758 616 92 61 ad
1805 616 215 61 detestatio
1958 616 46 61 n

1097 664 111 44 nem
1160 664 127 44 mali
1240 664 253 44 spiritualis.
1445 664 95 44 Da
1493 664 221 44 oppositum,
1667 664 127 44 tunc
1746 664 221 44 extenderet
1904 664 63 44 se

1092 707 99 44 ad
1142 707 166 44 illud,
1258 707 132 44 quod
1341 707 182 44 excedit
1473 707 132 44 suum
1556 707 116 44 ada
1622 707 166 44 quatum
1738 707 215 44 obiectum.
1887 707 83 44 Nam

1101 734 209 59 spirituale
1265 734 164 59 excedit
1385 734 209 59 sensibile:
1549 734 105 59 sed
1609 734 209 59 adaequatum
1774 734 179 59 obiectum
1893 734 75 59 ip-

1097 781 101 44 sius
1161 781 190 44 irascibilis
1312 781 139 44 videtur
1414 781 101 44 esse
1477 781 177 44 sensibile,
1616 781 76 44 eo
1654 781 101 44 qued
1717 781 190 44 irascibilis
1869 781 89 44 sit
1907 781 63 44 vis

1102 818 213 56 sensibilis
1269 818 167 56 fundata
1391 818 91 56 in
1436 818 152 56 organo
1543 818 198 56 corporali
1694 818 106 56 est
1755 818 122 56 enim
1831 818 122 56 pars
1892 818 76 56 ap-

1111 858 163 47 petitus
1230 858 208 47 sensitiui,
1393 858 104 47 qui
1452 858 193 47 diuiditur
1600 858 89 47 in
1645 858 193 47 appetitum
1778 858 193 47 irascibilem

1100 901 362 49 &concupiscibilem,
1410 901 121 49 sed
1479 901 121 49 per
1548 901 259 49 penitentiam
1755 901 121 49 non
1824 901 155 49 solum
1910 901 69 49 de

1094 940 190 47 testamur
1237 940 206 47 peccatum,
1396 940 111 47 seu
1459 940 143 47 malum
1554 940 222 47 sensibile:
1729 940 111 47 sed
1792 940 143 47 etiam
1872 940 95 47 spi-

1099 976 183 47 rituale,
1236 976 76 47 &
1267 976 138 47 tanto
1359 976 138 47 magis
1450 976 229 47 spitituale,
1634 976 122 47 quam
1710 976 214 47 sensibile,
1863 976 107 47 quan-

1092 1019 90 44 to
1137 1019 181 44 peccatum
1273 1019 211 44 spirituale
1439 1019 105 44 est
1499 1019 136 44 perus
1589 1019 211 44 sensibili,
1755 1019 75 44 &
1785 1019 136 44 magis
1861 1019 105 44 peri-

1092 1057 177 46 culosum:
1225 1057 118 46 ergo
1299 1057 207 46 penitentia
1462 1057 207 46 subiectiue
1624 1057 103 46 non
1683 1057 103 46 est
1742 1057 89 46 in
1772 1057 192 46 irascibili-

1086 1097 118 60 sed
1154 1097 169 60 potius
1272 1097 101 60 in
1323 1097 237 60 voluntate,
1509 1097 135 60 quae
1593 1097 169 60 potest
1711 1097 135 60 omne
1796 1097 152 60 malum
1880 1097 85 60 de

1092 1129 123 55 testari.

1107 1171 83 51 2
1141 1171 215 51 Preterea,
1306 1171 248 51 irascibilis
1505 1171 182 51 diuinam
1637 1171 199 51 offensam
1786 1171 116 51 non
1836 1171 132 51 perci-

1092 1218 136 52 cipit
1183 1218 182 52 obiectiu
1319 1218 91 52 e:
1365 1218 121 52 ergo
1441 1218 227 52 poenitentia
1622 1218 106 52 non
1683 1218 106 52 est
1744 1218 91 52 in
1789 1218 91 52 ea
1820 1218 136 52 ponendi

1082 1250 92 57 su
1128 1250 185 57 biectiue
1266 1250 246 57 Consequentia
1466 1250 154 57 patet:
1574 1250 123 57 quia
1651 1250 231 57 poenitentia
1820 1250 139 57 princi-

1089 1289 183 57 paliter
1223 1289 183 57 ordinat
1356 1289 150 57 actus
1456 1289 133 57 suos
1539 1289 100 57 ad
1589 1289 183 57 emendam
1723 1289 217 57 faciendam
1873 1289 83 57 Deo

1094 1337 180 54 offenso
1225 1337 115 54 per
1290 1337 197 54 peccatum
1438 1337 229 54 Antecedens
1618 1337 147 54 etiam
1716 1337 164 54 patet:
1831 1337 131 54 quia
1896 1337 66 54 di

1098 1379 120 43 uina
1173 1379 164 43 offensa
1292 1379 105 43 non
1352 1379 149 43 potest
1457 1379 164 43 percipi
1576 1379 209 43 obiectione
1741 1379 90 43 ab
1786 1379 120 43 illa
1860 1379 105 43 vi,
1905 1379 60 43 in

1085 1414 145 54 cuius
1181 1414 209 54 adaequato
1342 1414 177 54 obiecto
1470 1414 112 54 non
1535 1414 209 54 clauditur
1695 1414 128 54 ipse
1775 1414 128 54 Deus
1856 1414 112 54 Sed
1904 1414 64 54 in

1088 1446 111 54 fra
1152 1446 223 54 adaequatum
1327 1446 191 54 obiectum
1470 1446 159 54 ipsius
1582 1446 239 54 irascibilis
1773 1446 111 54 non
1821 1446 127 54 claudi

1082 1496 108 42 tur
1143 1496 123 42 ipse
1220 1496 139 42 Deus,
1313 1496 93 42 vt
1359 1496 139 42 patet
1452 1496 139 42 exiam
1544 1496 170 42 dictis:
1668 1496 123 42 ergo
1729 1496 62 42 &c

1119 1522 93 56 Ad
1165 1522 155 56 primum
1273 1522 201 56 dicendum,
1428 1522 201 56 quodsicut
1582 1522 232 56 intellectus
1768 1522 93 56 se
1814 1522 139 56 habet
1891 1522 62 56 ad

1079 1570 189 50 virtutes,
1225 1570 102 50 seu
1283 1570 189 50 potentias
1428 1570 204 50 cognitiuas
1588 1570 218 50 sensitiuas,
1763 1570 102 50 sic
1807 1570 145 50 voluntas

1076 1612 92 51 ad
1122 1612 244 51 appetitiuas:
1320 1612 107 51 sed
1381 1612 183 51 quicquid
1519 1612 168 51 possunt
1641 1612 199 51 potentiae
1779 1612 183 51 cognitiuae

1088 1644 210 55 sensitiuae
1253 1644 105 55 per
1313 1644 150 55 multos
1418 1644 150 55 actus,
1523 1644 105 55 hoc
1582 1644 135 55 totum
1672 1644 150 55 potest
1762 1644 195 55 intellectus

1089 1694 279 42 aequipollenter
1321 1694 108 42 per
1383 1694 155 42 vnicum
1491 1694 124 42 suum
1568 1694 155 42 actum:
1676 1694 139 42 quia,
1769 1694 124 42 quae
1831 1694 124 42 sparia

1080 1727 116 48 sunt
1152 1727 87 48 in
1195 1727 246 48 inferioribus,
1398 1727 116 48 sunt
1471 1727 130 48 vnita
1558 1727 87 48 in
1601 1727 246 48 superioribus,
1804 1727 87 48 vt
1848 1727 101 48 ait
1891 1727 58 48 Au

1087 1765 116 52 ctor
1159 1765 87 52 de
1202 1765 159 52 causis:
1318 1765 116 52 ergo
1391 1765 203 52 vindicare,
1550 1765 159 52 irasci,
1666 1765 246 52 concupiscere,
1854 1765 116 52 dete-

1080 1806 153 48 stari,
1187 1806 77 48 &
1218 1806 215 48 quoscunque
1386 1806 138 48 alios
1478 1806 138 48 actus
1570 1806 230 48 competentes
1754 1806 230 48 irascibili,

1086 1845 75 51 &
1116 1845 271 51 concupiscibili
1342 1845 195 51 appetitui
1492 1845 150 51 partis
1597 1845 226 51 sensitiuae,
1778 1845 150 51 potest
1868 1845 90 51 ipse

1079 1886 190 51 appetitus
1225 1886 263 51 intellectiuus,
1445 1886 102 51 qui
1503 1886 102 51 est
1562 1886 117 51 ipsa
1635 1886 190 51 voluntas,
1766 1886 190 51 aequipollen

1082 1922 109 53 ter
1145 1922 109 53 per
1207 1922 188 53 seipsam:
1348 1922 125 53 ergo
1411 1922 63 53 &c

1112 1968 98 47 Ad
1161 1968 197 47 secundum
1308 1968 213 47 dicendum,
1472 1968 131 47 qued
1554 1968 164 47 irasci
1669 1968 197 47 peccatis
1800 1968 164 47 propriis

1086 2010 155 41 potest
1194 2010 216 41 dupliciter
1364 2010 155 41 accipi
1472 2010 108 41 vno
1534 2010 139 41 modo,
1626 2010 247 41 simpliciter,
1827 2010 124 41 alio
1889 2010 62 41 mo

1075 2048 114 47 do,
1140 2048 114 47 cum
1205 2048 162 47 emenda
1318 2048 178 47 diuinae
1448 2048 211 47 offensae.
1610 2048 146 47 Trimo
1707 2048 146 47 modo,
1805 2048 146 47 maior
1886 2048 81 47 est

1091 2086 137 44 vera:
1182 2086 107 44 sed
1243 2086 107 44 non
1304 2086 168 44 secundo
1426 2086 137 44 modo:
1517 2086 122 44 maxi
1593 2086 91 44 me
1639 2086 91 44 si
1685 2086 122 44 illa
1761 2086 198 44 potentia,
1898 2086 61 44 in

1083 2124 100 46 qua
1140 2124 100 46 est
1197 2124 115 46 ira,
1269 2124 100 46 qua
1327 2124 187 46 irascimur
1470 2124 144 46 culpae
1571 2124 172 46 alienae,
1700 2124 100 46 non
1757 2124 100 46 est
1800 2124 158 46 praecepti

1088 2167 91 48 ua
1133 2167 182 48 secundum
1270 2167 91 48 se
1316 2167 152 48 ipsius
1422 2167 167 48 diuinae
1543 2167 197 48 offensae,
1695 2167 76 48 &
1725 2167 167 48 emendae
1832 2167 121 48 facien

1087 2202 98 56 dae
1143 2202 98 56 pro
1199 2202 154 56 offensa
1311 2202 126 56 tali.
1395 2202 98 56 Sic
1451 2202 98 56 est
1507 2202 84 56 in
1548 2202 196 56 proposito,
1702 2202 84 56 vt
1744 2202 126 56 patet
1828 2202 84 56 ex
1856 2202 98 56 prae

1068 2239 113 49 dictis

1117 2288 100 46 Ad
1167 2288 184 46 tertium
1301 2288 134 46 nego
1384 2288 200 46 minorem.
1535 2288 134 46 quia
1618 2288 150 46 istud
1718 2288 167 46 cogere
1818 2288 134 46 maxime

1080 2326 192 44 competit
1224 2326 160 44 volunt
1337 2326 128 44 ati,
1417 2326 128 44 quae
1497 2326 176 44 omnibus
1625 2326 144 44 alijs
1721 2326 176 44 viribus
1834 2326 128 44 domina

1084 2363 112 49 tur,
1154 2363 84 49 vt
1196 2363 168 49 probatum
1322 2363 98 49 est
1379 2363 98 49 lib
1435 2363 84 49 2.
1477 2363 112 49 dic.
1533 2363 70 49 35.

1125 2404 95 52 Ad
1173 2404 174 52 quartum
1299 2404 206 52 dicendum,
1458 2404 127 52 quod
1537 2404 206 52 concessis
1696 2404 174 52 ambabus
1806 2404 143 52 praemis

1091 2436 121 56 sis,
1166 2436 106 56 non
1227 2436 181 56 sequitur
1363 2436 212 56 conclusio:
1529 2436 121 56 quia
1605 2436 196 56 poenitere
1756 2436 106 56 non
1801 2436 151 56 consisti

1091 2487 147 43 praeci
1194 2487 88 43 se
1238 2487 88 43 in
1282 2487 103 43 eo,
1341 2487 118 43 quod
1414 2487 103 43 est
1473 2487 147 43 poenam
1576 2487 162 43 tenere,
1694 2487 103 43 vel
1752 2487 206 43 sustinere,
1899 2487 59 43 vt

1087 2517 128 53 patet
1172 2517 85 53 ex
1200 2517 185 53 praedictis.

1118 2557 96 48 Ad
1166 2557 176 48 quintum
1294 2557 209 48 dicendum,
1455 2557 128 48 quod
1535 2557 112 48 ibi
1599 2557 112 48 non
1663 2557 225 48 exprimitur
1824 2557 144 48 irasci,

1082 2593 223 63 simpliciter,
1264 2593 98 63 sed
1319 2593 154 63 taliter
1431 2593 154 63 irasci,
1543 2593 84 63 vt
1585 2593 210 63 satisfactio
1752 2593 182 63 offeratur
1878 2593 84 63 ipsi

1092 2636 123 60 Deo:
1168 2636 123 60 tale
1245 2636 138 60 autem
1337 2636 230 60 offertorium
1522 2636 108 60 non
1583 2636 154 60 potest
1691 2636 138 60 fieri
1783 2636 108 60 per
1829 2636 123 60 virtu-

1092 2674 108 42 tem
1153 2674 231 42 sensitiuam,
1338 2674 123 42 quae
1415 2674 108 42 Dei
1477 2674 108 42 non
1538 2674 108 42 est
1585 2674 200 42 perceptiuam

1128 2716 124 64 Alij
1205 2716 154 64 dicunt
1313 2716 247 64 poenitentiam
1514 2716 216 64 subiectiue
1683 2716 124 64 esse
1761 2716 93 64 in
1792 2716 154 64 concupi

1067 2749 135 51 scibili-

1101 2795 80 48 1
1133 2795 127 48 Quia
1213 2795 191 48 opposita
1356 2795 127 48 apta
1435 2795 127 48 nata
1515 2795 127 48 sunt
1595 2795 143 48 fieri
1690 2795 143 48 circa
1786 2795 127 48 idem
1849 2795 80 48 sub

1081 2826 174 55 iectiue;
1212 2826 102 55 ied
1270 2826 145 55 dolor,
1372 2826 73 55 &
1401 2826 218 55 delectatio,
1575 2826 174 55 gaudium,
1706 2826 73 55 &
1735 2826 189 55 tristitia
1866 2826 87 55 sunt

1085 2878 203 41 opposita:
1241 2878 109 41 cum
1304 2878 156 41 igitur
1413 2878 187 41 gaudium,
1553 2878 78 41 &
1585 2878 218 41 delectatio
1756 2878 125 41 sint
1834 2878 94 41 in
1865 2878 94 41 con-

1093 2918 208 38 cupiscibili,
1262 2918 169 38 sequitur,
1392 2918 104 38 quod
1457 2918 208 38 poenitentia,
1627 2918 104 38 quae
1692 2918 195 38 consistitin
1835 2918 117 38 tristi-

1097 2949 111 54 tia,
1166 2949 69 54 &
1194 2949 153 54 dolore,
1305 2949 97 54 sit
1361 2949 83 54 in
1402 2949 250 54 concupiscibili
1597 2949 166 54 subiectiue

1168 2992 213 48 Praeterea,
1335 2992 274 48 concupiscentia
1564 2992 137 48 boni,
1655 2992 76 48 &
1685 2992 213 48 detestatio
1837 2992 107 48 mali,

1088 3034 202 43 pertinent
1244 3034 93 43 ad
1290 3034 155 43 eandem
1399 3034 109 43 vim
1461 3034 155 43 ipsius
1570 3034 171 43 animae,
1694 3034 109 43 sed
1757 3034 93 43 ad
1788 3034 155 43 concupi-

1087 3074 188 41 scibilem
1228 3074 188 41 pertinet
1369 3074 282 41 concupiscentia
1604 3074 141 41 boni:
1698 3074 125 41 ergo
1777 3074 94 41 ad
1824 3074 110 41 eam
1871 3074 78 41 per

1088 3111 135 45 tinet
1178 3111 240 45 poenitentia,
1373 3111 120 45 quae
1448 3111 105 45 est
1508 3111 165 45 quaedam
1628 3111 210 45 detestatio
1778 3111 105 45 mali.

1120 3151 109 56 Sed
1183 3151 109 56 nec
1245 3151 140 56 istud
1339 3151 156 56 valet,
1448 3151 140 56 sicut
1541 3151 140 56 patet
1635 3151 109 56 per
1697 3151 156 56 easdem
1791 3151 171 56 rationes,
