2418 3558
385 273 153 73 tum,
481 273 96 73 &
519 273 134 73 per
595 273 287 73 consequens,
825 273 134 73 non
902 273 153 73 erit
997 273 153 73 vnus
1074 273 134 73 homo.

403 327 84 62 4
437 327 235 62 Praeterea,
621 327 134 62 esse
705 327 185 62 hominis
840 327 117 62 non
907 327 117 62 est
974 327 134 62 idem
1058 327 134 62 ante
1125 327 134 62 mortem

381 376 201 51 hominis,
532 376 84 51 &
565 376 134 51 post
649 376 318 51 resurrectionem:
916 376 134 51 ergo
1000 376 117 51 nec
1067 376 134 51 idem
1134 376 117 51 homo-

387 420 252 45 Consequentia
592 420 157 45 patet.
702 420 189 45 Probatur
844 420 236 45 antecedens,
1033 420 126 45 quia
1111 420 126 45 esse
1174 420 79 45 ho-

400 461 146 50 minis,
503 461 176 50 antequam
635 461 176 50 moriatur
767 461 103 50 est
825 461 249 50 corruptibile,
1030 461 103 50 sed
1089 461 117 50 post
1147 461 103 50 resur

386 491 198 51 rectionem
538 491 106 51 est
583 491 259 51 incorruptibile-

390 526 88 54 V
426 526 246 54 Praeterea,
619 526 176 54 corpus
742 526 193 54 humanum
883 526 229 54 quandoque
1059 526 123 54 non
1111 526 141 54 potest

384 570 171 53 redire
504 570 137 53 idem
589 570 188 53 numero:
726 570 137 53 ergo
812 570 120 53 nec
880 570 137 53 idem
966 570 154 53 homo.
1052 570 205 53 Consequen-

391 611 103 49 tia
450 611 146 49 patet,
552 611 117 49 quia
626 611 88 49 ad
670 611 190 49 naturalem
816 611 220 49 identitatem
992 611 146 49 vniti,
1080 611 161 49 requiritu

383 656 207 46 naturalis
542 656 207 46 identitas
702 656 223 46 cuiuslibet
877 656 207 46 vnibilium
1021 656 223 46 integrantium

387 689 190 50 essentiam
534 689 146 50 ipsius
636 689 146 50 vniti:
738 689 102 50 sed
797 689 175 50 essentia
928 689 161 50 hominis
1045 689 205 50 integratur
1192 689 58 50 ex

389 724 158 48 anima,
500 724 79 48 &
532 724 190 48 corpore.
674 724 222 48 Antecedens
848 724 206 48 probatur,
1007 724 127 48 quia
1086 724 142 48 eadem
1165 724 79 48 pos

387 766 105 44 tio
447 766 180 44 materiae
582 766 150 44 potest
687 766 210 44 suceessiue
852 766 150 44 fuisse
957 766 105 44 sub
1017 766 150 44 formis
1107 766 150 44 multorum

379 805 204 52 hominum,
532 805 119 52 Sed
600 805 153 52 eadem
701 805 170 52 portio
820 805 204 52 materiae
973 805 119 52 non
1040 805 170 52 potest
1142 805 102 52 simu

387 845 200 49 informari
540 845 185 49 diuersis
679 845 154 49 formis
786 845 169 49 humanis
909 845 77 49 :
940 845 123 49 ergo
1017 845 215 49 supposito,
1171 845 92 49 quod

390 883 121 47 illa
466 883 151 47 portio
572 883 182 47 materiae
708 883 182 47 resurgat
844 883 91 47 in
890 883 106 47 vno
950 883 167 47 homine,
1071 883 121 47 tunc
1147 883 106 47 non
1192 883 61 47 po

387 922 137 46 terit
478 922 197 46 resurgere
630 922 91 46 in
675 922 137 46 aliis
766 922 213 46 hominibus,
933 922 76 46 &
964 922 106 46 per
1024 922 213 46 consequens
1176 922 76 46 nul

378 962 118 46 lus
445 962 185 46 aliorum
580 962 185 46 habebit
714 962 134 46 idem
798 962 185 46 corpus,
933 962 134 46 quod
1017 962 151 46 primo
1101 962 151 46 habuit.

378 1001 155 47 Maior
481 1001 172 47 patet,
602 1001 138 47 quia
688 1001 138 47 post
774 1001 172 47 mortem
894 1001 189 47 hominis
1032 1001 155 47 eadem
1118 1001 138 47 portio

380 1040 200 48 materiae,
533 1040 123 48 quae
610 1040 138 48 prius
702 1040 123 48 erat
779 1040 108 48 sub
840 1040 138 48 forma
933 1040 184 48 hominis,
1071 1040 154 48 postea
1163 1040 92 48 erit

387 1084 100 43 sub
444 1084 128 43 forma
529 1084 157 43 terrae,
644 1084 71 43 &
672 1084 157 43 postea,
786 1084 200 43 germinante
943 1084 143 43 terra,
1043 1084 114 43 erit
1115 1084 100 43 sub
1157 1084 86 43 for-

383 1122 90 44 ma
428 1122 165 44 herbae,
548 1122 120 44 quam
623 1122 90 44 si
668 1122 195 44 comederet
818 1122 165 44 mulier,
938 1122 165 44 poterit
1058 1122 120 44 esse
1133 1122 105 44 sub
1178 1122 75 44 for

380 1156 96 48 ma
428 1156 209 48 sanguinis
589 1156 209 48 menstrui,
749 1156 96 48 de
797 1156 112 48 quo
862 1156 193 48 sanguine
1006 1156 177 48 poterit
1119 1156 128 48 iterum

381 1199 165 46 formari
501 1199 150 46 corpus
606 1199 180 46 humanum,
741 1199 90 46 si
786 1199 150 46 mulier
890 1199 120 46 illa
965 1199 225 46 conceperit,
1145 1199 75 46 &
1160 1199 90 46 tumo

395 1234 195 56 praedicta
545 1234 150 56 portio
650 1234 195 56 materiae,
800 1234 150 56 iterum
906 1234 240 56 informabitur
1101 1234 135 56 forma
1176 1234 75 56 hu-

386 1277 143 48 mana,
481 1277 159 48 quando
593 1277 143 48 illud
688 1277 159 48 corpus
799 1277 95 48 in
847 1277 143 48 vtero
942 1277 127 48 erit
1022 1277 191 48 animatum
1149 1277 95 48 ani-

387 1324 93 41 ma
433 1324 263 41 intellectiua,
650 1324 77 41 &
681 1324 155 41 mortua
789 1324 124 41 ille
866 1324 155 41 prole,
974 1324 124 41 tunc
1052 1324 155 41 iterum
1145 1324 108 41 pote-

388 1356 100 48 rit
445 1356 201 48 consimilis
603 1356 201 48 circulatio
760 1356 143 48 fieri,
860 1356 72 48 &
889 1356 100 48 sic
946 1356 129 48 eadem
1032 1356 143 48 portio
1118 1356 129 48 materis

387 1393 163 58 poterit
505 1393 192 58 informari
653 1393 148 58 tertia
757 1393 133 58 anima
845 1393 251 58 intellectiua,
1052 1393 74 58 &
1082 1393 163 58 iterata
1185 1393 74 58 hu-

390 1430 162 54 iusmodi
508 1430 251 54 circulatione,
715 1430 118 54 erit
789 1430 103 54 sub
848 1430 148 54 quarta
952 1430 148 54 anima,
1055 1430 74 54 &
1085 1430 148 54 postea
1173 1430 74 54 sub

386 1470 163 57 quinta,
505 1470 74 57 &
535 1470 104 57 sic
594 1470 193 57 deinceps.
742 1470 134 57 Minor
831 1470 134 57 etiam
920 1470 148 57 patet,
1024 1470 119 57 quia
1099 1470 89 57 si
1143 1470 134 57 eadem

394 1510 152 53 portio
500 1510 183 53 materiae
638 1510 137 53 simul
729 1510 244 53 informaretur
927 1510 183 53 diuersis
1064 1510 183 53 animabus
1186 1510 61 53 in

388 1551 239 52 tellectiuis,
582 1551 119 52 quae
657 1551 119 52 sunt
731 1551 149 52 formae
835 1551 179 52 humanae,
970 1551 119 52 tunc
1044 1551 134 52 illud
1119 1551 134 52 composi

394 1588 119 46 tum,
469 1588 104 46 vel
528 1588 134 46 esset
618 1588 119 46 vnus
692 1588 134 46 homo,
782 1588 104 46 vel
841 1588 164 46 plures.
961 1588 89 46 Si
1005 1588 134 46 vnus,
1095 1588 119 46 tunc
1155 1588 89 46 vnus

380 1634 125 44 homo
458 1634 140 44 simul
552 1634 171 44 haberet
676 1634 156 44 plures
786 1634 156 44 animas
895 1634 280 44 intellectiuas.
1128 1634 93 44 Si
1160 1634 93 44 plu-

385 1664 137 52 res,
470 1664 137 52 tunc
556 1664 171 52 plures
675 1664 188 52 homines
812 1664 205 52 haberent
966 1664 171 52 tantum
1085 1664 137 52 modo
1154 1664 102 52 vnum

385 1707 178 47 corpus
510 1707 213 47 humanum:
670 1707 178 47 Quorum
794 1707 213 47 vtrumque
954 1707 124 47 est
1007 1707 249 47 incoueniens,

390 1746 80 50 &
422 1746 255 50 monstruosum,
629 1746 159 50 qualia
740 1746 111 50 non
804 1746 143 50 erunt
900 1746 96 50 in
947 1746 271 50 resurrectione
1154 1746 96 50 mor-

370 1785 321 50 tuorum:
603 1785 234 50 ergo
720 1785 146 50 &c.

414 1830 106 43 Ad
467 1830 176 43 primum
590 1830 229 43 dicendum,
766 1830 141 43 quod
854 1830 193 43 quamuis
995 1830 158 43 illud
1083 1830 158 43 motiuum

382 1865 205 45 innitatur
540 1865 110 45 vni
603 1865 221 45 fundamento
777 1865 142 45 vero,
871 1865 189 45 scilicet
1013 1865 158 45 animae
1108 1865 126 45 human-

386 1901 275 51 immortalitati,
615 1901 137 51 tamen
706 1901 198 51 innititur
859 1901 153 51 alteri
966 1901 214 51 fundamento
1134 1901 153 51 falso,

382 1949 189 47 scilicet
524 1949 142 47 mundi
619 1949 252 47 aeternitati,
824 1949 79 47 &
855 1949 95 47 ab
902 1949 173 47 aeterno
1028 1949 173 47 hominum
1139 1949 110 47 gene-

384 1983 190 50 rationi,
526 1983 79 50 &
558 1983 126 50 ideo
637 1983 111 50 non
700 1983 158 50 mirum,
811 1983 95 50 si
858 1983 95 50 ex
905 1983 126 50 illo
984 1983 142 50 falso
1063 1983 190 50 fundamento

390 2026 132 43 multa
478 2026 132 43 falsa
567 2026 117 43 isti
640 2026 206 43 philosophi
801 2026 220 43 deducebant.
978 2026 132 43 Etiam
1051 2026 191 43 infinitatem

389 2058 200 50 animarum,
542 2058 123 50 quam
619 2058 123 50 isti
696 2058 184 50 reputant
834 2058 261 50 impossibilem,
1050 2058 123 50 alij
1126 2058 108 50 non
1173 2058 61 50 re

389 2097 174 52 putarent
520 2097 247 52 impossibilem,
724 2097 87 52 vt
767 2097 131 52 patet
855 2097 87 52 ex
898 2097 116 52 his,
971 2097 116 52 quae
1044 2097 116 52 dixi
1116 2097 131 52 libro
1189 2097 58 52 2-

376 2149 184 38 dist.
498 2149 123 38 1.
559 2149 123 38 4.
621 2149 123 38 2.
682 2149 163 38 art.
784 2149 123 38 4.
845 2149 306 38 conclusione
1070 2149 184 38 quarta.

410 2172 96 51 Ad
458 2172 192 51 secundum
602 2172 208 51 dicendum,
762 2172 128 51 quod
843 2172 176 51 quamuis
971 2172 240 51 substantia,
1147 2172 96 51 quae

393 2220 168 40 periit,
515 2220 107 40 non
576 2220 153 40 possit
683 2220 153 40 redire
790 2220 138 40 eadem
882 2220 168 40 numero,
1004 2220 168 40 virtute
1111 2220 138 40 agentis

383 2265 224 40 naturalis,
559 2265 128 40 quod
639 2265 128 40 agit
719 2265 192 40 mediante
863 2265 144 40 motu,
959 2265 80 40 &
975 2265 272 40 transmutatione,

382 2302 123 43 quia
459 2302 139 43 sicut
551 2302 139 43 motus
643 2302 246 43 interruptus,
844 2302 108 43 non
905 2302 154 43 potest
1013 2302 154 43 redire
1121 2302 123 43 idem
1182 2302 62 43 nu

380 2332 142 52 mero,
475 2332 110 52 sic
538 2332 158 52 agens,
648 2332 189 52 mediante
790 2332 142 52 motu,
885 2332 110 52 non
948 2332 158 52 potest
1059 2332 158 52 illud,
1153 2332 95 52 quod

375 2369 183 49 induxit
509 2369 117 49 per
575 2369 166 49 motum,
692 2369 200 49 postquam
841 2369 216 49 corruptum
1008 2369 133 49 est,
1075 2369 166 49 reducere

378 2414 120 47 idem
453 2414 165 47 numero:
573 2414 150 47 tamen,
677 2414 165 47 virtute
797 2414 165 47 agentis
917 2414 195 47 infiniti,
1066 2414 120 47 quod
1126 2414 120 47 potest

386 2457 208 49 quamlibet
546 2457 208 49 creaturam
705 2457 208 49 producere
865 2457 160 49 absque
977 2457 144 49 motu,
1072 2457 80 49 &
1088 2457 144 49 transmu

380 2492 177 45 tatione,
513 2492 221 45 substantia,
690 2492 118 45 quae
763 2492 162 45 periit,
881 2492 147 45 potest
984 2492 133 45 eadem
1073 2492 147 45 numero
1161 2492 74 45 re-

374 2528 190 45 staurari.
521 2528 88 45 Et
564 2528 117 45 quia
638 2528 88 45 de
681 2528 117 45 tali
755 2528 146 45 agente
857 2528 88 45 ad
901 2528 161 45 presens
1018 2528 190 45 loquimur,
1149 2528 88 45 ideo

378 2574 197 48 patet,
516 2574 158 48 quod
615 2574 118 48 in
674 2574 256 48 proposito
871 2574 177 48 maior
989 2574 138 48 est
1067 2574 197 48 falsa.

412 2607 102 52 Ad
463 2607 188 52 tertium
600 2607 137 52 nego
685 2607 307 52 consequentiam.
941 2607 102 52 Ad
992 2607 256 52 probationem
1180 2607 68 52 di

382 2655 169 44 cendum,
505 2655 123 44 quod
582 2655 139 44 licet
674 2655 139 44 maior
767 2655 108 44 sit
828 2655 139 44 vera,
921 2655 154 44 quando
1029 2655 169 44 vtraque
1137 2655 92 44 muta

384 2686 102 45 tio
443 2686 102 45 est
501 2686 131 45 actus
588 2686 160 45 finitae
704 2686 189 45 virtutis,
850 2686 73 45 &
879 2686 218 45 presupponit
1039 2686 189 45 motum:tamen

384 2728 105 44 non
444 2728 105 44 est
504 2728 135 44 vera,
593 2728 149 44 quando
698 2728 149 44 altera
803 2728 179 44 procedit
937 2728 90 44 ab
982 2728 179 44 infinita
1101 2728 135 44 virtute

385 2763 123 54 quae
462 2763 200 54 immediate
615 2763 154 54 potest
723 2763 123 54 dare
800 2763 123 54 esse
877 2763 123 54 sine
954 2763 139 54 motu,
1046 2763 77 54 &
1062 2763 169 54 transmuta

375 2805 145 45 tione;
476 2805 160 45 simplex
592 2805 116 45 enim
665 2805 131 45 actio
752 2805 145 45 illius
853 2805 174 45 virtutis
984 2805 145 45 potest
1071 2805 160 45 reductiue

378 2845 105 44 seu
438 2845 239 44 restauratiue
632 2845 195 44 terminari
782 2845 90 44 ad
827 2845 135 44 illud
917 2845 120 44 idem
992 2845 165 44 numero,
1111 2845 90 44 ad
1141 2845 90 44 quod

378 2885 138 47 actio
469 2885 168 47 finitae
592 2885 183 47 virtutis
729 2885 214 47 productiue
898 2885 138 47 prius
989 2885 260 47 terminabatur,
1188 2885 46 47 &

376 2924 122 43 hoc
445 2924 192 43 propter
585 2924 174 43 plenum
707 2924 226 43 dominium,
881 2924 139 43 quod
968 2924 157 43 habet
1055 2924 174 43 huiusmod

378 2967 156 45 virtus
488 2967 188 45 infinita
629 2967 141 45 super
723 2967 141 45 omnem
817 2967 203 45 crcaturam
973 2967 188 45 creatam,
1114 2967 78 45 &
1129 2967 110 45 crea

347 3002 150 49 bilem

397 3038 101 54 Ad
448 3038 203 54 quartum,
600 3038 135 54 nego
684 3038 203 54 maiorem,
836 3038 135 54 quia
920 3038 152 54 illud
1022 3038 135 54 idem
1089 3038 152 54 quodest

371 3084 104 46 per
431 3084 163 46 naturam
549 3084 104 46 hic
609 3084 89 46 in
653 3084 104 46 via
713 3084 178 46 mortale,
846 3084 148 46 potest
950 3084 89 46 in
995 3084 148 46 patria
1098 3084 104 46 per
1143 3084 89 46 gra-

374 3117 134 62 tiam,
464 3117 75 62 &
494 3117 164 62 gloriam
613 3117 134 62 fieri
688 3117 179 62 immortale

1321 268 104 74 Ad
1373 268 261 74 probationem
1582 268 226 74 dicendum,
1756 268 139 74 quod
1842 268 191 74 quamuis
1964 268 209 74 corruptiti

1287 328 92 52 le
1333 328 107 52 per
1394 328 168 52 naturam
1516 328 183 52 differat
1653 328 153 52 genere
1760 328 92 52 ab
1805 328 275 52 incorruptibili
2034 328 107 52 per
2080 328 76 52 na-

1296 367 151 52 turam:
1402 367 136 52 tamen
1493 367 91 52 ab
1538 367 273 52 incorruptibili
1765 367 106 52 per
1826 367 106 52 dei
1886 367 167 52 gratiam
2008 367 106 52 nec
2053 367 106 52 opor-

1279 411 126 44 ret,
1358 411 126 44 quod
1437 411 189 44 differat
1579 411 173 44 genere,
1705 411 110 44 nec
1768 411 173 44 specle,
1894 411 110 44 nec
1957 411 173 44 numero:
2083 411 110 44 Nam

1285 449 244 52 corruptibile
1483 449 107 52 per
1544 449 198 52 naturami,
1696 449 76 52 &
1727 449 274 52 incorruptibile
1955 449 107 52 per
2001 449 152 52 gratiam,

1279 487 146 49 simul
1376 487 179 49 possunt
1506 487 146 49 eidem
1604 487 163 49 inesse
1718 487 114 49 nec
1783 487 179 49 aliquam
1913 487 98 49 ad
1962 487 179 49 inuicem
2076 487 81 49 ha-

1280 530 217 54 bent
1388 530 407 54 repugnantiam.

1323 564 135 51 Forte
1413 564 180 51 dicetur,
1549 564 120 51 quod
1624 564 165 51 quamuis
1744 564 120 51 isto
1819 564 120 51 modo
1894 564 120 51 bene
1970 564 180 51 saluetur
2090 564 75 51 in-

1280 603 292 51 corruptibilitas
1525 603 200 51 beatorum,
1679 603 138 51 tamen
1771 603 92 51 ex
1817 603 108 51 his
1879 603 108 51 non
1940 603 154 51 potest
2032 603 123 51 salua-

1279 645 96 47 ri
1327 645 334 47 incorruptibilitas
1614 645 239 47 damnatorum,
1805 645 127 47 quia
1884 645 175 47 damnati
2012 645 127 47 sunt
2075 645 80 47 tam

1289 685 164 54 gratia,
1409 685 120 54 quam
1483 685 149 54 gloria
1588 685 179 54 priuati,
1723 685 75 54 &
1752 685 105 54 per
1812 685 209 54 consequens
1977 685 90 54 de
2007 685 149 54 corpori-

1278 733 119 42 bus
1346 733 238 42 damnatorum
1533 733 153 42 ratio
1635 733 119 42 non
1703 733 187 42 videtur
1839 733 136 42 esse
1907 733 153 42 soluta.

1295 763 211 48 Dicendum,
1457 763 130 48 quod
1539 763 146 48 licet
1636 763 179 48 damnati
1766 763 130 48 post
1848 763 130 48 diem
1929 763 179 48 extremi
2043 763 130 48 iudici

1288 806 102 42 non
1347 806 116 42 sint
1419 806 276 42 incorruptibiles
1652 806 102 42 per
1710 806 175 42 gratiam,
1841 806 102 42 vel
1900 806 175 42 gloriam,
2031 806 116 42 sunt
2089 806 58 42 ta

1287 845 104 53 men
1347 845 283 53 incorruptibiles
1585 845 164 53 propter
1704 845 223 53 cessationem
1882 845 134 53 motus
1971 845 149 53 coeli;
2061 845 89 53 quia

1274 884 141 45 sicut
1368 884 188 45 cessante
1509 884 125 45 motu
1588 884 157 45 coeli,
1697 884 110 45 non
1760 884 141 45 fiunt
1854 884 251 45 generationes
2042 884 110 45 homi-

1281 926 136 47 num,
1366 926 119 47 sic
1434 926 152 47 etiam
1535 926 119 47 non
1603 926 152 47 fient
1705 926 271 47 corruptiones
1925 926 203 47 hominum.
2060 926 102 47 Modo

1281 963 108 53 non
1342 963 108 53 est
1404 963 247 53 inconueniens
1604 963 139 53 vnum,
1697 963 77 53 &
1728 963 123 53 idem
1805 963 123 53 esse
1882 963 262 53 corruptibile,
2082 963 77 53 sup

1287 1001 147 52 posito
1390 1001 117 52 motu
1463 1001 147 52 coeli,
1566 1001 103 52 qui
1625 1001 103 52 est
1683 1001 205 52 principium
1845 1001 249 52 generationis,
2050 1001 73 52 &
2065 1001 88 52 cor-

1287 1036 188 52 ruptionis
1431 1036 87 52 in
1474 1036 130 52 rebus
1561 1036 246 52 inferioribus,
1764 1036 87 52 vt
1807 1036 145 52 patet.
1908 1036 87 52 2.
1952 1036 87 52 de
1981 1036 173 52 generatio-

1280 1079 109 48 ne,
1343 1079 78 48 &
1374 1079 125 48 idem
1452 1079 125 48 esse
1530 1079 280 48 incorruptibile
1763 1079 187 48 cessante
1904 1079 109 48 iam
1966 1079 140 48 dicto
2044 1079 109 48 motu;

1286 1116 94 43 Et
1333 1116 126 43 ista
1412 1116 173 43 solutio
1537 1116 110 43 est
1600 1116 251 43 vniuersalis,
1804 1116 173 43 quantum
1930 1116 94 43 ad
1977 1116 204 43 damnatos,
2118 1116 47 43 &

1281 1156 78 48 &
1312 1156 171 48 beatos:
1436 1156 155 48 quauis
1544 1156 140 48 prima
1637 1156 109 48 sit
1699 1156 217 48 specialis,
1870 1156 171 48 quantum
1994 1156 93 48 ad
2025 1156 140 48 beatos.

1288 1194 137 47 Etiam
1379 1194 91 47 ad
1425 1194 198 47 praedicta
1577 1194 198 47 sufficere
1729 1194 152 47 posset
1835 1194 137 47 solum
1926 1194 167 47 diuinum
2032 1194 122 47 velles

1279 1241 125 46 quia
1357 1241 140 46 dato,
1451 1241 125 46 quod
1528 1241 156 46 coelum
1637 1241 93 46 in
1684 1241 202 46 perpetuum
1840 1241 218 46 moueretur,
2011 1241 78 46 &
2026 1241 125 46 quatum

1288 1279 92 44 in
1334 1279 92 44 se
1380 1279 154 44 esset,
1488 1279 154 44 semper
1596 1279 216 44 influeret,
1765 1279 169 44 quantum
1888 1279 92 44 ad
1919 1279 231 44 generationem,

1276 1317 83 50 &
1310 1317 266 50 corruptionem
1526 1317 183 50 istorum
1659 1317 250 50 inferiorum,
1859 1317 150 50 tamen
1958 1317 133 50 Deus
2025 1317 133 50 posset

1283 1358 262 45 quandocunque
1496 1358 131 45 sibi
1578 1358 213 45 placeret,
1742 1358 82 45 &
1775 1358 131 45 ante
1857 1358 312 45 resurrectionem,
2103 1358 49 45 &

1296 1401 110 41 ost
1359 1401 300 41 resurrectionem,
1612 1401 205 41 huiusmodi
1769 1401 237 41 influentiam
1943 1401 205 41 suspendere;

1272 1432 187 46 quantum
1408 1432 102 46 ad
1459 1432 187 46 hominum
1595 1432 289 46 corruptionem,
1833 1432 153 46 sicut
1935 1432 153 46 etiam
2020 1432 136 46 suspen

1276 1474 110 42 dit
1339 1474 189 42 actionem
1481 1474 142 42 ignis
1576 1474 189 42 respectu
1718 1474 142 42 trium
1813 1474 205 42 puerorum,
1955 1474 205 42 existentium

1286 1513 102 47 in
1337 1513 187 47 camino,
1473 1513 119 47 quo
1541 1513 170 47 facto,
1660 1513 136 47 homo
1745 1513 187 47 numquam
1881 1513 306 47 corrumperetur,

1284 1549 174 49 quamuis
1411 1549 95 49 ex
1459 1549 111 49 sua
1522 1549 174 49 natura,
1649 1549 95 49 de
1696 1549 190 49 communi,
1839 1549 143 49 cursu
1934 1549 143 49 rerum
2013 1549 143 49 natura-

1291 1587 129 56 tium,
1377 1587 129 56 esset
1449 1587 230 56 corruptibilis.

1308 1625 94 58 Ad
1355 1625 172 58 quintum
1481 1625 204 58 dicendum,
1637 1625 125 58 quod
1716 1625 141 58 vnio,
1809 1625 157 58 potest
1919 1625 235 58 tripliciter
2091 1625 63 58 ac

1274 1668 135 44 cipi.
1364 1668 105 44 Vno
1424 1668 135 44 modo,
1513 1668 135 44 prout
1603 1668 105 44 est
1663 1668 180 44 vnientis
1798 1668 135 44 actio
1888 1668 120 44 Alio
1962 1668 135 44 modo,
2052 1668 90 44 vt
2082 1668 75 44 est

1288 1714 183 39 vnitorum
1425 1714 168 39 passio.
1548 1714 92 39 Et
1594 1714 107 39 his
1655 1714 153 39 duobus
1762 1714 138 39 modis
1853 1714 138 39 maior
1945 1714 107 39 non
2006 1714 107 39 est
2052 1714 92 39 vera

1284 1746 88 45 in
1328 1746 117 45 illo
1402 1746 146 45 sensu,
1504 1746 103 45 quo
1563 1746 176 45 mediante
1694 1746 161 45 minori,
1812 1746 176 45 trahitur
1943 1746 88 45 ad
1973 1746 190 45 propositum.

1280 1787 111 41 Nam
1343 1787 206 41 generatio
1502 1787 111 41 est
1565 1787 142 41 actio
1660 1787 237 41 productiua,
1850 1787 79 41 &
1881 1787 111 41 non
1944 1787 142 41 vnio:
2039 1787 79 41 &
2055 1787 95 41 ideo

1279 1826 171 42 quamuis
1404 1826 93 42 ex
1450 1826 186 42 iteratis
1590 1826 279 42 generationibus
1822 1826 171 42 proprie
1946 1826 171 42 dictis;
2055 1826 93 42 bend

1278 1866 192 51 arguatur
1422 1866 240 51 differentia
1614 1866 256 51 generatorum,
1821 1866 144 51 tamen
1917 1866 96 51 ex
1949 1866 208 51 multiplica-

1283 1905 144 48 tione
1379 1905 192 48 vnionum,
1523 1905 112 48 non
1587 1905 160 48 potest
1699 1905 144 48 argui
1795 1905 240 48 differentia
1987 1905 176 48 totorum
2099 1905 64 48 v-

1275 1949 204 44 nitorum,
1428 1949 187 44 dummodo
1564 1949 102 44 in
1615 1949 204 44 qualibet
1769 1949 170 44 vnione
1888 1949 238 44 concurrant
2058 1949 102 44 eade

1284 1982 200 47 vnibilia,
1438 1982 77 47 &
1469 1982 139 47 eodem
1561 1982 123 47 modo
1638 1982 216 47 disposita,
1808 1982 108 47 uel
1869 1982 185 47 situata.
1993 1982 154 47 Exemplum

1281 2024 153 49 patuit
1388 2024 183 49 superius
1525 2024 92 49 de
1571 2024 183 49 partibus
1708 2024 137 49 domus
1800 2024 92 49 ab
1846 2024 168 49 inuicem
1968 2024 214 49 sepnratis,

1277 2062 80 43 &
1309 2062 161 43 iterum
1421 2062 209 43 reunitis.
1582 2062 161 43 Tertio
1694 2062 145 43 modo,
1791 2062 128 43 vnio
1871 2062 145 43 dicit
1951 2062 193 43 relationem

1274 2103 189 39 fundatam
1416 2103 142 39 super
1510 2103 126 39 ipso
1589 2103 126 39 toto
1668 2103 157 39 vnito,
1778 2103 79 39 &
1810 2103 110 39 sic
1873 2103 157 39 falsum
1967 2103 189 39 supponitur

1284 2137 89 52 in
1329 2137 266 52 prosillogismo,
1550 2137 118 52 quia
1624 2137 118 52 ista
1698 2137 133 52 vnio,
1787 2137 118 52 siue
1861 2137 163 52 relatio
1979 2137 104 52 non
2024 2137 133 52 estalia

1277 2185 128 51 ante
1357 2185 160 51 mortem
1469 2185 192 51 hominis,
1613 2185 80 51 &
1645 2185 128 51 post
1725 2185 144 51 tepus
1820 2185 304 51 resurrectionis:
2060 2185 96 51 Quia

1288 2221 172 47 quamuis
1413 2221 203 47 destructo
1569 2221 234 47 fundamento,
1757 2221 219 47 destruatur
1928 2221 187 47 relatio,
2053 2221 94 47 quae

1270 2256 206 50 fundatur
1425 2256 103 50 in
1476 2256 155 50 ipso:
1579 2256 155 50 tamen
1683 2256 103 50 si
1734 2256 138 50 idem
1820 2256 258 50 fundamentum
2009 2256 138 50 numero

1275 2299 199 43 reducitur
1428 2299 92 43 ad
1474 2299 138 43 esse,
1565 2299 199 43 reducitur
1719 2299 138 43 etiam
1810 2299 138 43 eadem
1902 2299 168 43 relatio
2009 2299 138 43 numero,

1280 2337 207 42 supposito,
1443 2337 118 42 quod
1517 2337 177 42 terminus
1650 2337 148 42 illius
1753 2337 207 42 relationis
1916 2337 222 42 remanserit,
2078 2337 74 42 vel

1267 2379 93 54 si
1314 2379 218 54 destructus
1485 2379 171 54 fuerit,
1610 2379 140 54 etiam
1703 2379 125 54 ipse
1781 2379 125 54 idem
1859 2379 156 54 numero
1968 2379 218 54 reparetur.

1277 2417 124 50 Nam
1348 2417 302 50 quotiescunque
1597 2417 213 50 ponuntur
1757 2417 160 50 eadem
1863 2417 195 50 extrema
1987 2417 160 50 numero,

1266 2457 176 41 toties
1390 2457 194 41 ponetur
1531 2457 159 41 eadem
1636 2457 211 41 relatio,
1795 2457 194 41 numero.
1936 2457 106 41 Si
1988 2457 141 41 enim
2059 2457 88 41 hoc

1277 2499 110 45 non
1340 2499 157 45 esset,
1450 2499 126 45 tunc
1529 2499 141 45 beata
1623 2499 141 45 Virgo
1717 2499 110 45 non
1780 2499 173 45 fuisset
1905 2499 141 45 eadem
1984 2499 157 45 materni-

1277 2537 123 61 tate
1354 2537 138 61 Mater
1446 2537 185 61 Christi,
1584 2537 185 61 postquam
1723 2537 185 61 Christus
1861 2537 185 61 surrexit
2000 2537 77 61 a
2015 2537 123 61 mortui

1271 2582 112 44 qua
1335 2582 128 44 fuit
1415 2582 144 44 Mater
1511 2582 144 44 eius,
1607 2582 192 44 antequam
1750 2582 208 44 moreretur
1910 2582 96 44 in
1958 2582 160 44 cruce,
2054 2582 96 44 quia

1271 2616 216 39 maternitas
1440 2616 123 39 vere
1517 2616 185 39 cessauit
1656 2616 123 39 esse
1733 2616 92 39 in
1779 2616 170 39 virgine
1902 2616 154 39 quando
1995 2616 154 39 cessauit

1276 2652 170 43 filiatio
1403 2652 85 43 ex
1446 2652 128 43 parte
1531 2652 142 43 filiij
1630 2652 184 43 morientis
1772 2652 85 43 in
1815 2652 142 43 cruce,
1914 2652 113 43 quae
1971 2652 170 43 maternitas

1269 2692 151 57 iterum
1375 2692 166 57 coepit,
1495 2692 121 57 esse
1571 2692 211 57 inuirgine,
1737 2692 151 57 quando
1842 2692 151 57 filius
1948 2692 181 57 uirginis
2069 2692 75 57 re-

1278 2732 188 40 urrexit
1415 2732 86 40 a
1449 2732 171 40 morte.
1569 2732 154 40 Etiam
1671 2732 154 40 eadem
1774 2732 239 40 maternitas
1945 2732 205 40 destrueba-

1277 2771 110 47 tur
1340 2771 250 47 destructione
1543 2771 235 47 fundamenti,
1731 2771 188 47 moriente
1856 2771 282 47 gloriosauirgine;

1272 2808 82 54 &
1304 2808 148 54 tamen
1403 2808 148 54 eadem
1501 2808 230 54 maternitas
1682 2808 164 54 numero
1797 2808 295 54 reuertebaturi,
2026 2808 115 54 repa-

1271 2849 139 44 rato
1357 2849 156 44 eodem
1461 2849 260 44 fundamento,
1669 2849 173 44 quando
1791 2849 208 44 gloriosa
1947 2849 156 44 uirgo
2034 2849 121 44 maie-

1281 2885 126 45 tate
1360 2885 157 45 diuina
1470 2885 126 45 fuit
1549 2885 79 45 a
1580 2885 142 45 morte
1675 2885 220 45 suscitata.
1848 2885 110 45 Cum
1911 2885 157 45 igitur
2005 2885 142 45 extrema

1275 2925 219 44 praedictae
1448 2925 172 44 unionis
1573 2925 172 44 uirtute
1698 2925 172 44 diuina,
1823 2925 141 44 eadem
1917 2925 157 44 numero
2011 2925 141 44 reparen

1269 2967 106 45 tur
1330 2967 91 45 in
1375 2967 258 45 resurrectione
1588 2967 213 45 mortuorum,
1755 2967 91 45 ut
1801 2967 198 45 catholica
1953 2967 122 45 fide
2013 2967 122 45 suppo-

1278 3008 172 46 nimus:
1398 3008 223 46 sequitur,
1570 3008 137 46 quod
1655 3008 223 46 similiter
1827 3008 154 46 eadem
1930 3008 137 46 unio
1999 3008 137 46 numero

1270 3043 220 47 reuertatur.

1312 3084 97 43 Ad
1360 3084 162 43 sextum
1474 3084 210 43 dicendum,
1635 3084 129 43 quod
1716 3084 162 43 duplex
1830 3084 113 43 est
1894 3084 146 43 esse,
1975 3084 162 43 scilicet

1267 3120 127 52 esse
1346 3120 222 52 essentiae,
1520 3120 79 52 &
1552 3120 158 52 istud,
1663 3120 190 52 secundum
1806 3120 143 52 omnem
1900 3120 222 52 opinionem,
2059 3120 79 52 ess
