2381 3544
229 231 218 77 Conclusio
397 231 184 77 secunda
531 231 134 77 est,
615 231 134 77 quod
698 231 251 77 matrimonium
899 231 168 77 verum,
1017 231 84 77 &

194 298 140 52 ratum
288 298 124 52 esse
366 298 156 52 potest
474 298 140 52 inter
568 298 187 52 personas
708 298 218 52 legitimas,
879 298 109 52 non
926 298 124 52 obstan

202 335 109 48 te,
265 335 124 48 quod
342 335 217 48 virginitas
513 335 202 48 vtriusque
668 335 186 48 coniugum
808 335 155 48 maneat
901 335 155 48 illibata

227 388 162 41 1Quia,
340 388 97 41 si
388 388 145 41 datur
485 388 226 41 oppositum,
663 388 129 41 tunc
744 388 145 41 inter
841 388 178 41 loseph,
970 388 81 41 &
986 388 81 41 Ma-

208 417 125 53 riam
286 417 109 53 non
349 417 172 53 fuisset
474 417 141 53 verum
568 417 234 53 matrimonium
755 417 109 53 Sed
818 417 187 53 salsitas
943 417 109 53 istiu

197 459 261 49 consequentis
409 459 147 49 patet
507 459 131 49 apud
589 459 147 49 omnes
687 459 180 49 fideles
817 459 212 49 doctores.
964 459 82 49 Con

203 499 194 46 sequentia
352 499 134 46 etiam
441 499 149 46 patet,
546 499 119 46 quia
620 499 134 46 fides
709 499 164 46 sancta,
829 499 74 46 &
858 499 194 46 scriptura
992 499 60 46 sa

202 536 120 45 cra
271 536 189 45 tenent,
408 536 86 45 &
442 536 241 45 praedicant
631 536 172 45 matrem
752 536 120 45 Dei
820 536 172 45 Mariam
924 536 137 45 semper

200 574 268 54 simmaculatam
418 574 201 54 virginem
569 574 268 54 permansisse.
787 574 117 54 Sed
854 574 117 54 qua
904 574 151 54 rationi

197 616 164 54 potest
311 616 131 54 esse
393 616 147 54 verum
492 616 246 54 matrimonium
688 616 147 54 inter
786 616 131 54 duas
868 616 197 54 personas
999 616 66 54 le

196 662 190 43 gitimas,
339 662 158 43 femina
450 662 222 43 permanente
624 662 95 43 in
671 662 127 43 pura
750 662 253 43 virginitate,
956 662 143 43 eadem

207 696 182 50 ratione
340 696 166 50 posset
456 696 133 50 esse
539 696 166 50 verum,
655 696 166 50 &ratum
771 696 265 50 matrimonium,
970 696 100 50 dato

199 734 148 54 quod
291 734 203 54 maritus
439 734 166 54 purus
550 734 166 54 virgo
642 734 240 54 permaneret.

217 774 77 49 2
247 774 216 49 Praeterea,
418 774 186 49 postquam
557 774 186 49 personae
696 774 201 49 legitimae
851 774 108 49 sub
897 774 170 49 intentio-

196 813 114 50 ne
253 813 285 50 contrahendi
481 813 285 50 matrimonium
709 813 171 50 mutuo
804 813 266 50 expresserunt

205 859 166 40 verba,
322 859 183 40 quibus,
455 859 200 40 secundum
604 859 116 40 ius
671 859 216 40 canonicum
837 859 150 40 verum
920 859 150 40 contra-

198 891 134 44 hitur
288 891 239 44 matrimonium,
481 891 119 44 tunc
556 891 134 44 inter
645 891 134 44 illas
735 891 194 44 personas,
884 891 104 44 vel
944 891 104 44 est
988 891 75 44 ve-

199 930 120 47 rum
267 930 273 47 matrimonium,
489 930 205 47 antequam
643 930 205 47 carnalis
797 930 171 47 copula
899 930 171 47 subsequa

187 971 165 49 tur,
290 971 144 49 vel
352 971 124 49 non-

229 1006 100 51 Si
279 1006 116 51 est
346 1006 149 51 verum
445 1006 265 51 matrimonium,
661 1006 133 51 tunc
744 1006 183 51 habetur
860 1006 199 51 propositum

198 1054 132 48 quia
281 1054 116 48 qua
347 1054 182 48 ratione
479 1054 116 48 per
546 1054 132 48 vnam
628 1054 132 48 diem
711 1054 165 48 potest
827 1054 132 48 esse
909 1054 149 48 verum
992 1054 66 48 ma

206 1090 210 38 trimonium
367 1090 145 38 inter
464 1090 129 38 duas
544 1090 210 38 legitimas
705 1090 210 38 personas,
867 1090 177 38 vtraque
979 1090 81 38 per

206 1128 176 52 manente
334 1128 96 52 in
382 1128 112 52 sua
446 1128 256 52 virginitate,
654 1128 144 52 eadem
750 1128 176 52 ratione
878 1128 176 52 omnibus
990 1128 80 52 dic

201 1169 117 50 bus
268 1169 150 50 vitae
368 1169 150 50 eorum
469 1169 167 50 posset
586 1169 134 50 esse
669 1169 150 50 verum
769 1169 251 50 matrimonium
953 1169 117 50 inter

205 1206 130 48 eas,
286 1206 179 48 vtraque
417 1206 98 48 de
466 1206 196 48 consensu
612 1206 212 48 vtriusque
775 1206 163 48 semper
873 1206 196 48 permanente

205 1247 95 43 in
253 1247 189 43 pristina
395 1247 205 43 puritate.
552 1247 95 43 Si
600 1247 110 43 non
663 1247 110 43 est
726 1247 142 43 verum
820 1247 237 43 matrimonium
994 1247 63 43 in

203 1284 110 47 ter
266 1284 110 47 eas
329 1284 125 47 ante
407 1284 188 47 carnalem
548 1284 203 47 compulam,
704 1284 125 47 tunc
782 1284 203 47 quaelibet
923 1284 141 47 illarun

215 1324 228 52 personarum
394 1324 163 52 potest
508 1324 81 52 a
540 1324 163 52 priori
654 1324 130 52 voto
735 1324 212 52 recedere,
898 1324 81 52 &
931 1324 114 52 cum
979 1324 98 52 alia

219 1367 161 44 persona
336 1367 219 44 contrahere,
512 1367 117 44 quod
585 1367 102 44 est
643 1367 219 44 simpliciter
819 1367 161 44 falsum,
935 1367 132 44 sicut
1009 1367 58 44 in

194 1405 105 48 fra
254 1405 181 48 patebit,
390 1405 105 48 cum
450 1405 120 48 haec
525 1405 166 48 materia
646 1405 90 48 in
691 1405 105 48 suo
751 1405 166 48 proprio
871 1405 120 48 loco
932 1405 135 48 tagetur

249 1443 113 47 Sed
313 1443 162 47 contra
427 1443 145 47 istam
524 1443 259 47 conclusionem
734 1443 113 47 est
798 1443 178 47 quaedam
928 1443 178 47 vpinio,

216 1491 122 47 quam
292 1491 183 47 Magister
430 1491 107 47 hic
491 1491 153 47 tangit
598 1491 92 47 in
643 1491 183 47 littera.
781 1491 92 47 Et
827 1491 183 47 adducunt
949 1491 122 47 posito

207 1527 105 45 res
267 1527 149 45 istius
371 1527 194 45 opinionis
521 1527 105 45 pro
580 1527 90 45 se
625 1527 239 45 auctoritatem
819 1527 194 45 Augustini
968 1527 90 45 ex
998 1527 75 45 li-

222 1559 106 55 pro
283 1559 122 55 soli
359 1559 213 55 loquiorum,
526 1559 106 55 vbi
587 1559 122 55 ait,
663 1559 106 55 Non
723 1559 106 55 est
784 1559 198 55 perfectum
921 1559 152 55 coniugit

213 1598 128 47 sine
293 1598 240 47 commixtione
485 1598 176 47 sexuum.
613 1598 96 47 Et
662 1598 160 47 iterum
774 1598 112 47 ait
838 1598 240 47 Augustinus,

208 1648 119 40 Non
276 1648 119 40 est
344 1648 170 40 dubium
464 1648 153 40 illam
566 1648 204 40 mulierem
719 1648 119 40 non
787 1648 222 40 pertinere
958 1648 102 40 ad
992 1648 85 40 ma-

214 1680 234 52 trimonium,
398 1680 117 52 cum
465 1680 117 52 qua
532 1680 184 52 docetur
665 1680 117 52 non
732 1680 167 52 fuisse
849 1680 217 52 commixtio
999 1680 67 52 se

202 1718 149 53 xuum.
302 1718 149 53 Item,
401 1718 116 53 Leo
467 1718 132 53 Papa
550 1718 132 53 ait,
633 1718 116 53 Non
699 1718 116 53 est
765 1718 166 53 dubium
881 1718 149 53 illam
964 1718 116 53 mulic

212 1763 114 46 rem
277 1763 114 46 non
342 1763 212 46 pertinere
505 1763 98 46 ad
554 1763 261 46 matrimonium,
766 1763 98 46 in
815 1763 114 46 qua
880 1763 179 46 docetur
994 1763 82 46 non

214 1798 162 54 fuisse
327 1798 194 54 nuptiale
457 1798 227 54 ministerium.

246 1841 92 50 Ad
292 1841 153 50 istas,
399 1841 77 50 &
430 1841 215 50 consimiles
598 1841 245 50 auctoritates
798 1841 153 50 potest
905 1841 138 50 dici,
982 1841 92 50 quod

208 1879 156 51 inter
312 1879 208 51 coniuges
468 1879 122 51 non
538 1879 139 51 esse
624 1879 278 51 commixtionem
850 1879 174 51 sexuum
954 1879 122 51 potes

221 1927 229 41 dupliciter
401 1927 229 41 contingere
581 1927 115 41 Vno
646 1927 147 41 modo,
745 1927 98 41 ex
794 1927 246 41 impotentia,
974 1927 98 41 puta

220 1959 164 51 quando
334 1959 115 51 vel
400 1959 115 51 vir
465 1959 115 51 non
531 1959 164 51 potest
645 1959 180 51 reddere
776 1959 180 51 debitum
907 1959 98 51 ex
940 1959 131 51 natura

220 1995 90 58 li
265 1995 226 58 frigiditate
446 1995 105 58 vel
506 1995 120 58 alio
581 1995 180 58 perpetuo
716 1995 241 58 impedimento;
912 1995 105 58 vel
957 1995 120 58 mulie-

214 2044 110 44 non
277 2044 157 44 potest
387 2044 188 44 recipere
528 2044 172 44 debitum
653 2044 94 44 ex
700 2044 141 44 nimia
794 2044 110 44 sui
857 2044 188 44 corporis
982 2044 94 44 clat

215 2086 161 46 sione.
327 2086 129 46 Alio
408 2086 129 46 modo
488 2086 161 46 potest
601 2086 145 46 istud
697 2086 225 46 contingere
874 2086 113 46 non
938 2086 96 46 ex
971 2086 96 46 impo

221 2121 164 48 tentia,
340 2121 104 48 sed
400 2121 89 48 ex
444 2121 208 48 castitatis
608 2121 193 48 eminentia
757 2121 208 48 procedente
920 2121 89 48 ex
950 2121 119 48 vtrius

219 2156 123 61 que
289 2156 210 61 coniugum
446 2156 158 61 mutua
551 2156 245 61 voluntate.
744 2156 158 61 Primo
849 2156 140 61 modo
936 2156 123 61 non
989 2156 88 61 con

213 2199 169 48 mixtio
331 2199 169 48 sexuum
449 2199 185 48 impedit
584 2199 270 48 matrimonium,
803 2199 135 48 quia
888 2199 152 48 inter
972 2199 101 48 tale

230 2233 213 53 personas
390 2233 195 53 numquam
532 2233 195 53 poterit
673 2233 142 53 esse
762 2233 160 53 verum
851 2233 230 53 matrimonium

215 2271 135 59 sicut
305 2271 165 59 patebit
425 2271 195 59 inferius,
575 2271 150 59 quando
681 2271 180 59 tractabo
816 2271 90 59 de
861 2271 195 59 frigidis,
1011 2271 75 59 &
1026 2271 60 59 ma

221 2323 179 46 leficis.
356 2323 90 46 Et
400 2323 90 46 ad
445 2323 135 46 istum
535 2323 149 46 sensum
640 2323 179 46 videntur
774 2323 105 46 ire
834 2323 209 46 auctoritas
998 2323 120 46 Leo

230 2363 124 43 nis,
308 2363 78 43 &
339 2363 171 43 secunda
464 2363 218 43 auctoritas
634 2363 155 43 August
743 2363 78 43 &
774 2363 109 43 hoc
836 2363 171 43 propter
961 2363 93 43 Iy
992 2363 93 43 doci

220 2391 125 53 tur,
299 2391 125 53 quod
377 2391 94 53 in
424 2391 172 53 utraque
549 2391 235 53 auctoritate
737 2391 188 53 ponitur:
878 2391 125 53 quia
940 2391 141 53 propri-

221 2429 142 64 istud
316 2429 189 64 docetur,
457 2429 157 64 quando
568 2429 142 64 alter
662 2429 189 64 coniugum
804 2429 94 64 ab
851 2429 157 64 altero
961 2429 142 64 petit
1040 2429 47 64 d

227 2469 167 57 uortium
348 2469 136 57 coram
439 2469 167 57 iudice,
560 2469 76 57 &
590 2469 242 57 sufficienter
787 2469 182 57 docetur,
923 2469 106 57 vel
969 2469 121 57 osten-

236 2514 151 53 ditur,
342 2514 121 53 quod
417 2514 151 53 mulier
523 2514 106 53 non
583 2514 106 53 est
644 2514 196 53 corrupta,
795 2514 76 53 &
825 2514 106 53 hoc
886 2514 106 53 vel
946 2514 91 53 ex
976 2514 121 53 arcti-

232 2551 157 53 tudine
342 2551 126 53 sua,
421 2551 110 53 vel
484 2551 94 53 ex
531 2551 126 53 viri
594 2551 204 53 impotentia.

239 2600 156 43 Forte
343 2600 174 43 dices,
465 2600 139 43 quod
551 2600 174 43 contra
673 2600 156 43 istam
777 2600 243 43 solutionem
951 2600 139 43 habetu

231 2633 94 51 ex
278 2633 173 51 secunda
404 2633 173 51 ratione
529 2633 173 51 adducta
655 2633 110 51 pro
718 2633 125 51 ista
796 2633 173 51 secunda
906 2633 188 51 conclusio-

228 2673 106 52 ne,
289 2673 121 52 quia
364 2673 91 52 si
410 2673 152 52 dictis
516 2673 167 52 verbis,
638 2673 152 52 quibus
744 2673 182 52 secundum
881 2673 106 52 ius
926 2673 167 52 canonicum

235 2707 253 56 contrahitur
437 2707 269 56 matrimonium,
656 2707 152 56 verum
757 2707 118 56 est
825 2707 253 56 matrimonium
1010 2707 84 56 in-

232 2755 114 51 ter
297 2755 196 51 personas
444 2755 147 51 mutuo
542 2755 245 51 exprimentes
738 2755 212 51 huiusmodi
901 2755 163 51 verba,
999 2755 98 51 ante

227 2796 136 49 quam
312 2796 171 49 sexuum
432 2796 136 49 fiat
517 2796 222 49 commixtio
688 2796 205 49 secundum
841 2796 205 49 carnalem
978 2796 119 49 compi

230 2829 127 54 lam,
309 2829 111 54 cum
373 2829 142 54 talia
467 2829 142 54 verba
562 2829 174 54 possint
689 2829 127 54 dici
768 2829 142 54 auiro
863 2829 221 54 impotente,
1037 2829 79 54 &
1053 2829 47 54 a

246 2863 167 56 muliere
367 2863 137 56 nimis
459 2863 152 56 arcta,
565 2863 198 56 sequitur,
717 2863 122 56 quod
793 2863 152 56 verum,
899 2863 76 56 &
915 2863 182 56 indissolu-

240 2914 132 49 bile
323 2914 248 49 matrimonium
522 2914 149 49 inter
621 2914 215 49 huiusmodi
787 2914 165 49 virum,
902 2914 83 49 &
919 2914 182 49 nmilierem

239 2953 257 50 contrahatur,
448 2953 145 50 dato,
544 2953 129 50 quod
625 2953 177 50 numquam
753 2953 177 50 possint
882 2953 225 50 carnaliter
1043 2953 48 50 c

231 2987 183 48 misceri;
368 2987 122 48 quod
444 2987 107 48 est
505 2987 152 48 contra
611 2987 137 48 istam
702 2987 228 48 solutionem,
885 2987 91 48 ac
931 2987 137 48 etiam
1007 2987 91 48 conn

240 3035 104 47 tra
299 3035 207 47 veritatem.

274 3057 224 73 Respondeo,
450 3057 128 73 quod
530 3057 96 73 ex
578 3057 176 73 ratione
707 3057 208 73 praedicta
867 3057 144 73 nihil
963 3057 176 73 habetur

209 3102 164 66 contra
324 3102 148 66 istam
422 3102 247 66 solutionem,
619 3102 131 66 quia
702 3102 148 66 ratio
800 3102 197 66 procedit
948 3102 99 66 de
981 3102 115 66 perso

1093 246 109 61 nis
1156 246 219 61 legitimis,
1328 246 125 61 quae
1406 246 172 61 possunt
1531 246 219 61 contrahere
1703 246 234 61 matrimonium
1875 246 78 61 Sed

1085 302 215 44 instantia
1251 302 132 44 nunc
1333 302 182 44 adducta
1465 302 165 44 contra
1581 302 231 44 solutionem
1763 302 182 44 assumit
1878 302 83 44 de-

1106 340 184 49 personis
1244 340 245 49 illegitimis,
1443 340 123 49 quae
1520 340 169 49 numquam
1642 340 169 49 possunt
1750 340 199 49 contrahere,

1105 384 261 47 qualiacumque
1317 384 147 47 verba
1414 384 179 47 dicant.
1545 384 114 47 Vir
1610 384 130 47 enim
1691 384 212 47 impotens,
1854 384 81 47 &
1871 384 81 47 mu-

1092 418 120 41 lier
1167 418 135 41 nimis
1257 418 150 41 arcta,
1361 418 120 41 sunt
1436 418 180 41 personae
1571 418 224 41 illegitimae
1750 418 90 41 ad
1780 418 180 41 contrahen-

1094 454 111 51 dum
1158 454 254 51 matrimonium,
1364 454 95 51 vt
1412 454 143 51 infra
1508 454 191 51 patebit.
1651 454 95 51 Et
1699 454 127 51 ideo
1778 454 111 51 non
1826 454 127 51 obstan

1092 495 111 45 te,
1155 495 126 45 quod
1234 495 142 45 tales
1329 495 190 45 personae
1471 495 190 45 fateatur
1613 495 142 45 coram
1708 495 174 45 iudice,
1819 495 142 45 quantum

1091 537 97 42 in
1139 537 145 42 ipsis
1236 537 129 42 erat
1316 537 97 42 se
1365 537 242 42 contraxisse
1558 537 242 42 matrimonium
1752 537 113 42 per
1816 537 145 42 verba
1897 537 64 42 de

1107 581 199 47 praesenti,
1263 581 128 47 tamen
1348 581 85 47 si
1391 581 227 47 sufficienter
1575 581 170 47 docetur,
1703 581 113 47 quod
1774 581 99 47 vir
1830 581 99 47 sit
1873 581 85 47 impo

1100 616 133 49 tens,
1189 616 104 49 vel
1248 616 148 49 mulier
1352 616 133 49 nimis
1440 616 148 49 arcta,
1544 616 118 49 tunc
1618 616 104 49 per
1677 616 163 49 iudicem
1795 616 89 49 ab
1825 616 133 49 inuicen

1097 658 242 49 separantur,
1290 658 113 49 non
1355 658 129 49 quod
1436 658 177 49 aliquod
1565 658 113 49 ibi
1629 658 242 49 matrimonium
1807 658 145 49 dissol-

1099 695 148 43 uatur,
1203 695 104 43 sed
1262 695 148 43 potius
1366 695 208 43 ostenditur
1529 695 104 43 per
1588 695 133 43 talem
1677 695 252 43 separationem,
1870 695 89 43 quod

1095 731 142 52 inter
1190 731 205 52 huiusmodi
1348 731 190 52 personas
1490 731 158 52 nullum
1601 731 126 52 fuit
1680 731 253 52 matrimoniui,
1869 731 95 52 quam

1097 774 111 45 uis
1161 774 127 45 ante
1240 774 255 45 perceptionem
1447 774 159 45 istius
1559 774 239 45 impedimenti
1750 774 207 45 videretur
1893 774 64 45 es

1097 816 88 47 se
1141 816 220 47 matrimonium
1317 816 132 47 inter
1405 816 117 47 eas:
1478 816 102 47 Sed
1537 816 132 47 secus
1624 816 161 47 fieret,
1741 816 88 47 si
1785 816 176 47 personae
1902 816 59 47 le

1104 853 177 51 gitimae
1232 853 177 51 essent,
1361 853 80 51 &
1393 853 257 51 impedimentum
1602 853 193 51 sexualis
1730 853 225 51 commixtionis

1091 895 112 47 non
1155 895 208 47 haberent:
1315 895 128 47 quia
1396 895 144 47 dato,
1492 895 128 47 quod
1572 895 144 47 tales
1668 895 192 47 personae
1797 895 160 47 contraxe

1103 930 124 43 rint
1181 930 233 43 matrimonium
1368 930 109 43 per
1430 930 140 43 verba
1523 930 93 43 de
1570 930 202 43 presenti,
1725 930 78 43 &
1756 930 202 43 transeant
1896 930 62 43 po

1099 968 133 49 stea
1183 968 150 49 multa
1282 968 200 49 tempora,
1432 968 166 49 quibus
1548 968 233 49 temporibus
1731 968 150 49 inter
1814 968 150 49 huiusmo

1099 1008 97 51 di
1147 1008 194 51 personas
1292 1008 177 51 numquam
1422 1008 129 51 fuit
1502 1008 210 51 attentata
1663 1008 194 51 carnalis
1793 1008 177 51 copula:ta

1100 1052 110 49 men
1163 1052 141 49 verum
1257 1052 235 49 matrimonium
1445 1052 125 49 fuit
1523 1052 141 49 inter
1617 1052 125 49 eas,
1695 1052 125 49 quod
1773 1052 156 49 patet,
1867 1052 94 49 quia

1097 1092 90 48 si
1142 1092 150 48 altera
1247 1092 165 48 istarum
1367 1092 210 48 personarum
1532 1092 135 48 alibi
1623 1092 240 48 contraheret,
1818 1092 75 48 &
1848 1092 105 48 per
1893 1092 75 48 car

1100 1138 147 35 nalem
1198 1138 196 35 copulam,
1345 1138 180 35 quantum
1475 1138 98 35 in
1524 1138 82 35 e
1557 1138 163 35 esset,
1671 1138 114 35 cum
1736 1138 180 35 persona
1851 1138 114 35 secun

1093 1167 97 45 da
1141 1167 81 45 m
1174 1167 227 45 atrimonium
1352 1167 259 45 consummaret:
1562 1167 243 45 nihilominus
1757 1167 113 45 per
1821 1167 146 45 verum
1902 1167 65 45 iu

1102 1207 149 51 dicem
1202 1207 299 51 ecclesiasticum
1451 1207 282 51 compelleretur
1683 1207 166 51 redire
1799 1207 100 51 ad
1832 1207 133 51 primam

1105 1254 225 44 personam,
1278 1254 86 44 &
1312 1254 225 44 dimittere
1485 1254 225 44 secundam.
1658 1254 138 44 Quod
1745 1254 156 44 iudex
1831 1254 121 44 nequa

1102 1282 123 57 quam
1179 1282 154 57 facere
1287 1282 185 57 deberet,
1425 1282 123 57 nisi
1502 1282 139 57 inter
1595 1282 139 57 illas
1687 1282 123 57 duas
1765 1282 154 57 primas
1857 1282 108 57 perso

1096 1325 120 50 nas
1164 1325 172 50 verum,
1285 1325 86 50 &
1319 1325 154 50 ratum
1422 1325 275 50 matrimonium,
1645 1325 154 50 ctiam
1748 1325 137 50 sine
1817 1325 154 50 carnali

1107 1365 148 52 copula
1196 1365 177 52 extitisset

1126 1403 117 53 Sed
1193 1403 184 53 propter
1327 1403 168 53 primam
1445 1403 268 53 auctoritatem
1662 1403 134 53 Aug.
1746 1403 201 53 adductam
1880 1403 84 53 pro

1111 1441 217 49 praedicta
1278 1441 200 49 opinione
1428 1441 117 49 est
1495 1441 267 49 aduertendum,
1712 1441 133 49 quod
1779 1441 200 49 matrimonia

1104 1484 99 47 le
1154 1484 215 47 coniugium
1319 1484 132 47 tres
1402 1484 165 47 gradus
1518 1484 165 47 habere
1633 1484 198 47 videtur.
1782 1484 165 47 Primus
1881 1484 83 47 est

1103 1531 159 41 quando
1214 1531 111 41 fit
1278 1531 222 41 contractus
1452 1531 190 41 coniugii
1595 1531 111 41 per
1659 1531 143 41 uerba
1754 1531 95 41 de
1801 1531 175 41 futuro.
1913 1531 63 41 Se

1102 1565 152 47 cudus,
1208 1565 152 47 quando
1315 1565 107 47 fit
1376 1565 107 47 per
1437 1565 137 47 uerba
1528 1565 91 47 de
1573 1565 198 47 praesenti
1726 1565 183 47 Tertius,
1847 1565 122 47 quande

1107 1599 136 55 post
1192 1599 154 55 verba
1295 1599 256 55 matrimonium
1499 1599 256 55 exprimentia
1704 1599 256 55 subsequitur
1892 1599 85 55 car

1098 1640 151 47 nalis
1199 1640 184 47 copula.
1333 1640 168 47 Primus
1450 1640 168 47 gradus
1568 1640 201 47 secundum
1719 1640 184 47 aliquos
1853 1640 151 47 dici

1097 1688 116 36 tur
1163 1688 248 36 matrimonium
1361 1688 231 36 initiatum,
1542 1688 116 36 sed
1608 1688 116 36 non
1674 1688 165 36 verum,
1790 1688 116 36 uel
1839 1688 132 36 ratum.

1107 1717 127 49 quia
1186 1717 111 49 dum
1250 1717 222 49 initiatur,
1424 1717 127 49 tunc
1503 1717 174 49 proprie
1630 1717 143 49 adhuc
1725 1717 111 49 non
1789 1717 143 49 habet
1868 1717 111 49 esse:

1115 1755 78 50 n
1147 1755 124 50 isto
1224 1755 124 50 enim
1302 1755 140 50 gradu
1395 1755 171 50 proprie
1520 1755 155 50 habent
1628 1755 124 50 esse
1706 1755 218 50 sponsalia,
1877 1755 78 50 &
1893 1755 93 50 noni

1101 1794 276 55 matrimonium,
1325 1794 138 55 quia
1412 1794 224 55 sponsalia
1584 1794 121 55 non
1653 1794 138 55 sunt
1722 1794 242 55 matrimonium,

1105 1831 113 54 cet
1169 1831 129 54 sint
1250 1831 210 54 disposito
1411 1831 97 54 ad
1460 1831 258 54 matrimonium.
1669 1831 194 54 Secundus
1815 1831 161 54 gradus
1911 1831 65 54 es

1097 1872 276 54 matrimonium
1317 1872 184 54 uerum,
1446 1872 92 54 &
1483 1872 165 54 ratu,
1593 1872 202 54 quamuis
1740 1872 129 54 non
1795 1872 184 54 consumma

1106 1924 128 37 tum.
1186 1924 112 37 Sed
1250 1924 176 37 tertius
1378 1924 160 37 gradus
1490 1924 176 37 proprie
1617 1924 144 37 facit
1713 1924 240 37 matrimonium
1889 1924 80 37 cos

1099 1950 194 50 summatum
1244 1950 113 50 Cum
1309 1950 162 50 igitur
1422 1950 129 50 Aug.
1503 1950 129 50 ait,
1583 1950 113 50 non
1648 1950 113 50 est
1713 1950 210 50 perfectum
1858 1950 113 50 coniu

1114 2003 130 44 gium
1195 2003 130 44 sine
1277 2003 245 44 commixtioue
1472 2003 179 44 sexuum,
1603 2003 196 44 videtur,
1750 2003 130 44 quod
1831 2003 147 44 huius
1913 2003 65 44 mo

1105 2035 93 49 di
1151 2035 139 49 verba
1244 2035 124 49 sint
1321 2035 248 49 intelligenda
1522 2035 93 49 de
1569 2035 232 49 perfectione
1754 2035 155 49 tertii
1847 2035 124 49 gradus

1102 2069 122 59 qua
1171 2069 279 59 matrimoniale
1398 2069 227 59 coniugium
1573 2069 192 59 dicitur
1712 2069 279 59 consummatum,
1922 2069 52 59 &

1116 2112 77 49 &
1146 2112 108 49 non
1208 2112 92 49 de
1254 2112 231 49 perfectione
1439 2112 169 49 secundi
1562 2112 169 49 gradus,
1685 2112 108 49 qua
1747 2112 169 49 dicitur
1855 2112 123 49 verum,

1109 2160 78 40 &
1141 2160 156 40 ratum.
1250 2160 94 40 Et
1297 2160 109 40 per
1360 2160 141 40 istam
1453 2160 266 40 distinctionem
1672 2160 156 40 potest
1766 2160 219 40 sufficienter

1112 2194 215 47 responderi
1280 2194 92 47 ad
1326 2194 153 47 multas
1433 2194 230 47 sophisticas
1617 2194 230 47 instantias,
1801 2194 123 47 quae
1862 2194 123 47 contra

1121 2237 144 46 istam
1217 2237 192 46 secundam
1361 2237 272 46 conclusioneum
1585 2237 176 46 possent
1713 2237 176 46 adduci,
1841 2237 128 46 quas
1905 2237 80 46 cau

1114 2275 95 53 sa
1162 2275 222 53 breuitatis
1336 2275 111 53 non
1383 2275 143 53 adduco,

1241 2341 631 86 ARTICVLVS
1677 2341 194 86 I.

1321 2451 100 74 De
1371 2451 234 74 matrimonij
1539 2451 251 74 institutione.

1179 2559 208 79 VANTVM
1325 2559 125 79 ad
1387 2559 250 79 secundum
1575 2559 271 79 articulum
1783 2559 167 79 pono
1866 2559 125 79 duas

1239 2619 242 58 conclusiones.

1170 2657 141 50 Prima
1264 2657 125 50 est,
1343 2657 125 50 quod
1421 2657 235 50 matrimonium
1609 2657 110 50 est
1672 2657 266 50 principaliter
1891 2657 78 50 a
1907 2657 78 50 Dec

1122 2706 193 51 institutum.

1218 2716 135 76 Quia
1303 2716 135 76 omne
1387 2716 254 76 sacramentum
1591 2716 85 76 a
1624 2716 119 76 Deo
1692 2716 119 76 est
1743 2716 254 76 principaliter

1135 2784 252 45 institutum,
1337 2784 118 45 sed
1404 2784 252 45 matrimonium
1606 2784 118 45 est
1673 2784 269 45 sacramentum.
1875 2784 118 45 Maios

1148 2817 146 49 patet:
1250 2817 117 49 quia
1323 2817 87 49 si
1367 2817 160 49 aliquod
1484 2817 219 49 sacramentum
1659 2817 248 49 principaliter
1863 2817 131 49 esset
1936 2817 58 49 ab

1145 2851 162 64 aliquo
1258 2851 130 64 puro
1339 2851 162 64 homine
1452 2851 243 64 institutum,
1647 2851 130 64 tunc
1728 2851 97 64 ab
1776 2851 162 64 homine
1873 2851 130 64 posset

1136 2895 147 55 etiam
1234 2895 196 55 destitui
1381 2895 213 55 huiusmodi
1545 2895 262 55 sacramentum.
1758 2895 229 55 Consequens
1921 2895 82 55 est

1135 2927 157 66 falsum;
1249 2927 114 66 ergo
1320 2927 71 66 &
1348 2927 214 66 antecedens.
1519 2927 128 66 Minor
1604 2927 142 66 etitam
1704 2927 128 66 patet
1790 2927 85 66 ex
1818 2927 185 66 praedictis.

1158 2969 76 61 2
1188 2969 214 61 Praeterea,
1357 2969 76 61 a
1387 2969 107 61 quo
1448 2969 260 61 originaliter,
1662 2969 76 61 &
1693 2969 138 61 primo
1785 2969 138 61 facta
1877 2969 107 61 est
1923 2969 76 61 con

1134 3006 167 60 iunctio
1255 3006 182 60 legitima
1392 3006 137 60 maris
1483 3006 106 60 cum
1544 3006 167 60 femina,
1666 3006 91 60 ab
1711 3006 122 60 illo
1787 3006 106 60 est
1833 3006 182 60 principali

1142 3047 112 60 ter
1206 3047 224 60 matrimonii
1382 3047 224 60 institutio
1558 3047 112 60 Sed
1623 3047 208 60 huiusmodi
1783 3047 224 60 coniunctio
1943 3047 64 60 fa

1140 3088 103 69 cta
1199 3088 103 69 est
1258 3088 74 69 a
1287 3088 118 69 Deo.
1361 3088 132 69 Maior
1449 3088 147 69 patet.
1552 3088 132 69 Minor
1640 3088 132 69 etiam
1729 3088 103 69 est
1787 3088 118 69 nota
1861 3088 88 69 ex
1890 3088 118 69 dictis
