2408 3524
461 235 125 67 Quia
540 235 157 67 illud,
649 235 110 67 quo
712 235 172 67 peccata
837 235 251 67 remittuntur,
1041 235 78 67 &
1073 235 204 67 reliquiae
1214 235 78 67 pec

427 291 185 45 catorum
561 291 168 45 aliquo
679 291 134 45 modo
763 291 218 45 tolluntur
931 291 151 45 valet
1031 291 101 45 ad
1065 291 218 45 spiritualem

423 322 180 52 hominis
554 322 230 52 sanitatem:
734 322 115 52 sed
800 322 148 52 istud
898 322 246 52 sacramentum
1095 322 115 52 est
1144 322 148 52 huiusmo

416 365 109 46 di.
479 365 140 46 Maior
572 365 109 46 est
635 365 125 46 nota
712 365 93 46 de
759 365 109 46 se:
822 365 140 46 minor
915 365 140 46 etiam
1009 365 156 46 patet,
1118 365 171 46 quantum
1227 365 62 46 ad

428 407 158 53 primam
539 407 158 53 partem
649 407 95 53 ex
696 407 158 53 dictis
807 407 189 53 Apostoli
949 407 110 53 lac
1012 407 110 53 cum
1075 407 126 53 ait.
1154 407 126 53 Etsi
1217 407 63 53 it

422 443 185 49 peccatis
560 443 154 49 fuerit
668 443 231 49 remittentur
853 443 108 49 ei.
915 443 139 49 Patet
1007 443 154 49 etiam,
1115 443 170 49 quantum
1223 443 62 49 ac

432 484 186 41 secundam
572 484 171 41 partem,
696 484 124 41 quia
774 484 140 41 multi
867 484 155 41 sancti
976 484 171 41 homines
1100 484 171 41 receper
1208 484 78 41 unt

428 521 81 48 &
460 521 145 48 etiam
557 521 97 48 in
605 521 177 48 futurum
734 521 194 48 recipere
880 521 194 48 poterunt
1025 521 145 48 istud
1106 521 177 48 sacramen-

426 564 128 46 tum,
506 564 112 46 qui
570 564 160 46 nullum
682 564 144 46 habet
778 564 192 46 peccatum
921 564 112 46 pro
985 564 144 46 tunc,
1081 564 160 46 quando
1177 564 112 46 iltud

436 600 232 48 sacramentum
621 600 217 48 recipiunt,
792 600 124 48 ergo
869 600 155 48 saltem
977 600 124 48 tunc
1055 600 139 48 istud
1132 600 155 48 sacramen

434 642 116 51 tum
501 642 149 51 sanat
600 642 83 51 a
634 642 216 51 reliquiis
800 642 233 51 peccatorum
982 642 100 51 Da
1032 642 233 51 oppositum,
1198 642 100 51 tunc

428 679 99 50 in
478 679 182 50 talibus
610 679 215 50 hominibus
776 679 149 50 istud
875 679 248 50 sacramentum
1074 679 116 50 non
1140 679 132 50 hab:
1206 679 83 50 ret

434 714 180 52 aliquem
565 714 229 52 specialem,
745 714 82 52 &
778 714 262 52 determinatum
991 714 213 52 effectum,
1155 714 131 52 quod
1220 714 66 52 in

434 753 222 53 conueniens
608 753 127 53 esse
672 753 158 53 videtur,

512 791 143 48 Forte
608 791 159 48 contra
719 791 143 48 istud
815 791 191 48 dicetur,
958 791 127 48 quod
1037 791 143 48 Toan.
1117 791 175 48 Apostolus

434 835 126 44 ait,
513 835 94 44 Si
560 835 220 44 dixerimus,
733 835 126 44 quia
812 835 189 44 peccatum
953 835 110 44 non
1016 835 189 44 habemus,
1142 835 157 44 nosipsos

435 872 207 45 seducimus,
598 872 74 45 &
627 872 162 45 veritas
745 872 89 45 in
790 872 133 45 nabis
878 872 103 45 non
937 872 118 45 est:
1011 872 118 45 ergo
1085 872 103 45 non
1144 872 177 45 videtur,

434 917 124 48 quod
511 917 171 48 aliquis
635 917 124 48 homo
713 917 109 48 ita
775 917 171 48 sanctus
899 917 124 48 sit,
976 917 124 48 quod
1054 917 155 48 nullum
1147 917 140 48 peccati

435 952 173 47 habeat,
561 952 142 47 cuius
656 952 205 47 oppositum
813 952 94 47 tu
860 952 110 47 hic
907 952 142 47 assumis

439 985 79 48 2
471 985 222 48 Praeterea,
645 985 222 48 baptismus,
819 985 79 48 &
851 985 237 48 poenitentia
1041 985 158 48 valent
1152 985 95 48 ad
1183 985 111 48 remit

436 1030 169 49 tendum
554 1030 135 49 omne
639 1030 220 49 peccatum:
808 1030 118 49 Sed
876 1030 186 49 frustra
1011 1030 237 49 ordinantur
1180 1030 118 49 plura

428 1080 91 41 re
473 1080 151 41 media,
579 1080 106 41 vbi
639 1080 211 41 sufficiunt
805 1080 257 41 paucioratergo
1016 1080 106 41 non
1077 1080 181 41 videtur,
1197 1080 91 41 quod

430 1111 151 45 istud
531 1111 252 45 sacramentum
732 1111 117 45 sit
799 1111 101 45 in
850 1111 201 45 remedium
984 1111 218 45 peccatorum.

520 1147 212 47 Praeterea,
687 1147 91 47 si
732 1147 121 47 isto
808 1147 212 47 sacramento
975 1147 167 47 peccata
1081 1147 212 47 remitruntur,

447 1187 77 44 &
477 1187 200 44 reliquiae
631 1187 215 44 peccatorum
800 1187 215 44 tolluntur,
969 1187 123 44 tunc
1046 1187 108 44 non
1108 1187 138 44 minus
1184 1187 108 44 istud

431 1226 238 49 sacramentum
621 1226 174 49 deberet
748 1226 127 49 dari
827 1226 158 49 sanis,
938 1226 127 49 quam
1017 1226 206 49 infirmis:
1175 1226 111 49 Sed
1223 1226 79 49 con

434 1266 167 50 sequens
555 1266 106 50 est
616 1266 167 50 falsum,
737 1266 91 50 vt
782 1266 167 50 apparet
903 1266 91 50 de
949 1266 121 50 esus
1024 1266 106 50 vsu
1085 1266 182 50 communi:
1206 1266 91 50 quia

433 1300 112 47 non
497 1300 143 47 debet
592 1300 143 47 dari,
688 1300 191 47 secundum
832 1300 287 47 consuetudinem,
1071 1300 128 47 nisi
1135 1300 159 47 infirmis

436 1343 79 46 &
468 1343 142 46 etiam
562 1343 173 46 talibus
688 1343 204 46 infirmis,
845 1343 94 46 de
892 1343 157 46 quorum
1002 1343 157 46 conual
1112 1343 189 46 escentia
1238 1343 63 46 du

438 1381 159 45 bitatur
553 1381 116 45 prob
625 1381 116 45 atio
698 1381 260 45 consequentiae,
914 1381 116 45 quia
987 1381 101 45 vbi
1044 1381 188 45 aequalis,
1189 1381 101 45 vel
1232 1381 58 45 ma

433 1422 105 46 ior
493 1422 105 46 est
553 1422 165 46 morbus,
674 1422 75 46 &
704 1422 105 46 vbi
764 1422 195 46 aequalis,
914 1422 105 46 vel
974 1422 135 46 maior
1064 1422 105 46 est
1110 1422 180 46 indigentia

432 1470 204 39 medicinae,
593 1470 102 39 ibi
651 1470 219 39 aequaliter,
826 1470 102 39 vel
885 1470 131 39 magis
972 1470 131 39 debet
1060 1470 131 39 fieri
1133 1470 160 39 adhibitio

429 1507 225 42 medicinae;
606 1507 112 42 sed
670 1507 128 42 sani
750 1507 112 42 non
814 1507 161 42 minus,
927 1507 112 42 sed
991 1507 145 42 magis
1087 1507 193 42 laborant
1216 1507 80 42 mor

431 1539 102 46 bo
482 1539 254 46 peccatorum,
685 1539 85 46 &
719 1539 254 46 reliquiarum
922 1539 169 46 eorum,
1040 1539 118 46 nec
1108 1539 152 46 minus
1192 1539 102 46 indi

440 1584 126 40 gent
519 1584 189 40 medicina
661 1584 142 40 horum
756 1584 221 40 remissiua,
929 1584 110 40 vel
992 1584 205 40 curatiua,
1150 1584 126 40 quam
1213 1584 79 40 in-

429 1616 148 44 firmi,
533 1616 118 44 ergo
607 1616 133 44 aequa
695 1616 177 44 ratione,
828 1616 103 44 vel
887 1616 163 44 potiori
1005 1616 163 44 deberet
1124 1616 133 44 istud
1198 1616 103 44 sucra

429 1658 151 46 meutum
535 1658 211 46 ministrari
701 1658 151 46 sanis,
806 1658 136 46 sicut
897 1658 196 46 infirmis,
1048 1658 91 46 si
1093 1658 136 46 minor
1168 1658 121 46 assum-

429 1690 108 60 pta
490 1690 108 60 pro
552 1690 123 60 ista
629 1690 231 60 conclusione
814 1690 139 60 esset
891 1690 92 60 vera

477 1734 110 45 Ad
532 1734 183 45 primum
659 1734 146 45 nego
751 1734 311 45 consequentiam
1007 1734 146 45 quia
1080 1734 219 45 antecedens

438 1775 153 48 potest
545 1775 122 48 esse
621 1775 153 48 verum,
729 1775 138 48 falso
820 1775 199 48 existente
974 1775 245 48 consequente,
1157 1775 138 48 quamuis

440 1812 125 43 enim
518 1812 172 43 aliquis
643 1812 172 43 sanctus
768 1812 125 43 homo
846 1812 109 43 sit
908 1812 125 43 sine
986 1812 187 43 peccato,
1126 1812 140 43 tamen
1204 1812 94 43 quia

429 1855 110 37 hoc
492 1855 94 37 de
539 1855 141 37 certo
633 1855 110 37 non
696 1855 173 37 constat
822 1855 141 37 sibi,
916 1855 157 37 nescit
1026 1855 126 37 enim
1105 1855 141 37 homo,
1183 1855 110 37 vtrum

436 1888 141 48 dignus
535 1888 99 48 sit
591 1888 127 48 odio,
675 1888 99 48 vel
732 1888 141 48 amore:
830 1888 113 48 ideo
901 1888 85 48 si
943 1888 155 48 diceret
1056 1888 85 48 se
1098 1888 113 48 esse
1168 1888 113 48 sine
1225 1888 70 48 nec

439 1931 132 50 cato,
528 1931 103 50 iam
586 1931 118 50 ipso
660 1931 103 50 suo
719 1931 132 50 dicto
807 1931 162 50 caderet
924 1931 88 50 in
969 1931 191 50 peccatum,
1116 1931 118 50 quia
1174 1931 118 50 affir-

436 1968 138 44 maret
527 1968 153 44 illud,
634 1968 122 44 quod
711 1968 122 44 sibi
787 1968 92 44 de
833 1968 138 44 eerto
925 1968 107 44 non
986 1968 199 44 constaret
1139 1968 76 44 :
1154 1968 138 44 Propter

440 2008 126 54 quod
519 2008 142 54 dixit
613 2008 205 54 Apostolus
771 2008 173 54 Paulus:
897 2008 142 54 Nihil
991 2008 126 54 mihi
1070 2008 189 54 conscius
1196 2008 94 54 sum,

443 2047 100 49 sed
500 2047 100 49 non
557 2047 86 49 in
600 2047 100 49 hoc
658 2047 229 49 iustificatus
844 2047 115 49 sum,
915 2047 129 49 quasi
1001 2047 143 49 dicat,
1101 2047 186 49 Possibile
1230 2047 72 49 est

435 2088 107 50 me
489 2088 178 50 habere
613 2088 232 50 huiusmodi
792 2088 196 50 culpam,
934 2088 107 50 de
988 2088 125 50 qua
1059 2088 196 50 propter
1184 2088 107 50 meam

431 2121 256 47 nescientiam
636 2121 120 47 non
704 2121 154 47 habeo
790 2121 256 47 conscientiam.

471 2164 103 41 Ad
522 2164 206 41 secundum
677 2164 206 41 dicendum
831 2164 103 41 ad
883 2164 206 41 minorem,
1037 2164 137 41 quod
1123 2164 155 41 licet
1209 2164 86 41 sit

442 2207 136 46 vera,
533 2207 106 46 vbi
593 2207 182 46 pauciora
730 2207 167 46 remedia
851 2207 136 46 aeque
942 2207 121 46 bene
1017 2207 227 46 sufficiunt,
1184 2207 106 46 sicut

448 2243 145 42 plura:
550 2243 102 42 est
608 2243 131 42 tamen
695 2243 145 42 falsa,
797 2243 102 42 vbi
855 2243 102 42 non
913 2243 131 42 aeque
1000 2243 116 42 bene
1072 2243 203 42 sufrciunt:
1217 2243 73 42 sic

437 2279 134 43 autem
526 2279 104 43 est
586 2279 89 43 in
631 2279 208 43 proposito:
794 2279 104 43 Nam
854 2279 134 43 licet
943 2279 89 43 in
988 2279 238 43 necessitatis
1166 2279 119 43 attici

434 2319 93 44 lo
481 2319 124 44 vera
559 2319 233 44 poenitentia
746 2319 202 44 sufficiat
901 2319 93 44 ad
948 2319 249 44 consequendam
1134 2319 156 44 salutem,

443 2361 141 45 tamen
537 2361 94 45 si
584 2361 156 45 tempus
693 2361 187 45 affuerit
834 2361 203 45 adhibendi
990 2361 141 45 istud
1068 2361 219 45 sacramentum,

430 2400 232 45 remittuntur
615 2400 201 45 venialia,
770 2400 170 45 ratione
893 2400 139 45 cuius
986 2400 232 45 remissionis
1156 2400 124 45 breuia

446 2434 115 54 tur
511 2434 180 54 hominis
626 2434 213 54 purgatorium

470 2473 103 55 Ad
521 2473 189 55 tertium
659 2473 138 55 nego
745 2473 292 55 consequentiam

479 2500 103 58 Ad
530 2500 259 58 probationem
737 2500 224 58 dicendum,
910 2500 138 58 quod
996 2500 121 58 cum
1065 2500 155 58 istud
1151 2500 138 58 sacra-

445 2552 150 48 mentum
550 2552 105 48 sit
610 2552 165 48 quaedam
731 2552 226 48 spiritualis
911 2552 180 48 curatio,
1046 2552 120 48 ideo
1122 2552 120 48 suam
1182 2552 105 48 signi

436 2596 210 49 ficationem
601 2596 135 49 debet
691 2596 150 49 habere
796 2596 90 49 in
841 2596 135 49 illo,
932 2596 105 49 cui
992 2596 210 49 confertur:
1157 2596 135 49 talem
1232 2596 60 49 au

442 2635 106 37 tem
502 2635 287 37 significationem
744 2635 136 37 habet
834 2635 91 37 in
880 2635 181 37 infirmo,
1015 2635 106 37 qui
1076 2635 166 37 indiget
1181 2635 106 37 cura-

447 2670 148 43 tione,
551 2670 74 43 &
580 2670 104 43 non
639 2670 89 43 in
684 2670 133 43 sano,
773 2670 104 43 qui
832 2670 104 43 non
891 2670 163 43 indiget
1009 2670 192 43 corporali
1142 2670 148 43 curatio-

437 2713 85 39 ne
479 2713 85 39 Et
522 2713 113 39 ideo
593 2713 127 39 licet
677 2713 99 39 sit
734 2713 127 39 maior
819 2713 184 39 quandoque
960 2713 198 39 necessitas
1102 2713 184 39 spiritualis

429 2749 218 46 sanationis
601 2749 93 46 in
647 2749 140 46 sano,
741 2749 124 46 quam
818 2749 93 46 in
865 2749 187 46 infirmo,
1005 2749 140 46 tamen
1098 2749 124 46 quia
1161 2749 124 46 huiui-

445 2790 121 39 modi
521 2790 212 39 sacramenti
687 2790 272 39 representatio,
914 2790 106 39 vel
974 2790 242 39 significatio
1156 2790 136 39 deficit

434 2827 85 52 in
476 2827 128 52 sano,
561 2827 71 52 &
590 2827 99 52 non
647 2827 85 52 in
689 2827 170 52 infirmo,
817 2827 113 52 ideo
888 2827 199 52 institutum
1044 2827 113 52 est,
1115 2827 85 52 vt
1157 2827 128 52 istud
1228 2827 57 52 sa

443 2866 202 49 tramentum
599 2866 109 49 non
661 2866 140 49 detur
755 2866 156 49 sanis,
864 2866 109 49 sed
926 2866 202 49 infirmis.
1066 2866 218 49 Sufficienter

440 2913 144 42 ptiam
536 2913 192 42 prouisum
679 2913 112 42 est
743 2913 144 42 sanis
839 2913 112 42 per
903 2913 128 42 alia
983 2913 239 42 sacramenta,
1158 2913 128 42 quorum

434 2947 122 49 vsu,
510 2947 76 49 &
541 2947 229 49 perceptione
724 2947 122 49 ipsi
800 2947 92 49 ab
846 2947 122 49 omni
922 2947 183 49 peccato,
1060 2947 92 49 ac
1106 2947 137 49 etiam
1197 2947 76 49 a
1213 2947 76 49 poe

438 2988 94 46 na
485 2988 172 46 peccati
610 2988 187 46 poterunt
735 2988 172 46 expurgari

462 3025 212 53 Conclusso
625 3025 179 53 secunda
755 3025 130 53 est,
836 3025 130 53 quod
918 3025 147 53 istud
1015 3025 261 53 sacramentum,
1211 3025 65 53 va

432 3064 122 63 let
501 3064 105 63 ad
554 3064 279 63 recuperandam
781 3064 227 63 sanitatem
955 3064 262 63 corporalem,
1147 3064 140 63 maxime

1313 214 154 74 quando
1420 214 92 74 ex
1466 214 123 74 tali
1543 214 200 74 corporali
1697 214 184 74 sanitate
1835 214 108 74 non
1896 214 200 74 impeditur
2035 214 138 74 sanitas

1310 277 237 47 spiritualis.
1503 277 133 47 Prima
1592 277 118 47 pars
1666 277 148 47 istius
1769 277 237 47 conclusionis
1962 277 193 47 probatur:
2095 277 89 47 quia

1315 318 189 49 scriptura
1461 318 131 49 sacra
1549 318 160 49 mentiri
1665 318 102 49 non
1723 318 160 49 potest:
1840 318 102 49 Sed
1898 318 131 49 sacra
1986 318 189 49 scriptura
2117 318 58 49 ex

1323 356 104 48 ore
1382 356 89 48 De
1427 356 104 48 at.
1486 356 133 48 laco,
1575 356 178 48 prolata,
1709 356 237 48 pronumciando
1901 356 133 48 istud
1975 356 208 48 sacramentum,

1318 402 127 39 ait,
1397 402 158 39 Oratio
1508 402 142 39 fidei
1603 402 190 39 saluabit
1746 402 206 39 infitmum,
1904 402 79 39 &
1936 402 222 39 alleuiabit
2094 402 79 39 eum

1310 432 178 52 Dominus
1440 432 146 52 Patet
1537 432 146 52 etiam
1634 432 178 52 secunda
1764 432 130 52 pars
1845 432 162 52 istius
1943 432 243 52 conclusionis:

1313 467 155 54 quia,
1416 467 104 54 vt
1468 467 207 54 plurimum
1624 467 224 54 moriuntur
1796 467 190 54 homines
1934 467 207 54 postquam
2072 467 104 54 sunt

1323 515 170 53 nuncti:
1446 515 124 53 ergo
1524 515 93 53 ad
1570 515 201 53 saluandam
1725 515 155 53 sacram
1833 515 232 53 scripturam,
2018 515 108 53 seu
2065 515 108 53 veri-

1316 558 135 45 tatem
1406 558 150 45 sacrae
1511 558 211 45 scripturae
1677 558 165 45 oportet
1797 558 135 45 illam
1887 558 271 45 propositionem,
2098 558 75 45 qua

1320 590 186 49 dicitur,
1459 590 170 49 Dominus
1583 590 201 49 alleuabit
1738 590 201 49 infirmum,
1892 590 186 49 accipere
2032 590 108 49 sub
2078 590 93 49 illa

1316 636 227 50 conditione,
1498 636 121 50 quod
1573 636 212 50 corporalis
1740 636 227 50 alleuiatio,
1922 636 106 50 seu
1982 636 167 50 sanitas
2103 636 106 50 non

1323 673 160 52 deroget
1424 673 174 52 spirituali

1360 706 185 49 Conclusio
1502 706 143 49 tertia
1602 706 114 49 est,
1674 706 114 49 quod
1745 706 157 49 sanitas
1859 706 214 49 spiritualis
2030 706 100 49 est
2073 706 100 49 princ

1316 752 131 52 palis
1404 752 174 52 effectus
1534 752 145 52 istius
1636 752 218 52 sacramenti;
1810 752 160 52 sanitas
1926 752 131 52 autem
1999 752 174 52 corporali.

1316 789 103 51 est
1375 789 118 51 eius
1449 789 176 51 effectus
1581 789 235 51 accessorius,
1772 789 73 51 &
1801 789 132 51 quasi
1890 789 88 51 ex
1919 789 191 51 consequenti

1349 824 138 52 Quia
1435 824 258 52 sacramentum
1641 824 155 52 nouae
1745 824 155 52 legis
1848 824 172 52 semper
1951 824 224 52 principalem

1318 865 231 45 consequitur
1502 865 185 45 effectum
1641 865 123 45 suum
1718 865 92 45 in
1764 865 108 45 eo,
1826 865 108 45 qui
1887 865 154 45 digne,
1995 865 77 45 &
2026 865 108 45 non
2072 865 108 45 ficte

1315 914 165 48 recipit
1435 914 195 48 huiusmodi
1585 914 240 48 sacramentum:
1781 914 105 48 Sed
1841 914 135 48 multi
1931 914 150 48 sancti
2036 914 135 48 viri,
2111 914 60 48 re

1318 945 211 53 cipientes
1480 945 146 53 istud
1578 945 260 53 sacramentum,
1789 945 228 53 moriuntur,
1968 945 81 53 &
2000 945 114 53 non
2049 945 130 53 conse-

1331 997 179 41 quuntur
1461 997 114 41 per
1526 997 146 41 istud
1624 997 244 41 sacramentum
1819 997 212 41 sanitatem
1965 997 212 41 corporalem;

1327 1024 115 52 ergo
1398 1024 158 52 sanitas
1513 1024 230 52 spiritualis,
1700 1024 72 52 &
1729 1024 101 52 non
1787 1024 201 52 corporalis
1945 1024 115 52 erit
2002 1024 187 52 principalis

1322 1065 188 49 effectus
1463 1065 141 49 huius
1542 1065 204 49 sacramenti.

1397 1103 138 52 Forte
1488 1103 183 52 dicetur,
1626 1103 122 52 quod
1702 1103 138 52 minor
1794 1103 153 52 istius
1901 1103 183 52 rationis
2023 1103 153 52 destruat

1324 1142 192 47 secundam
1468 1142 273 47 conclusionem:
1693 1142 128 47 quia
1773 1142 225 47 corporalis
1949 1142 209 47 sanctitas
2094 1142 80 47 vir

1320 1184 153 49 sancti
1427 1184 107 49 non
1488 1184 184 49 impedit,
1627 1184 107 49 sed
1688 1184 184 49 promouet
1826 1184 123 49 eius
1903 1184 230 49 spiritualem
2072 1184 107 49 sani-

1323 1218 156 49 tatem:
1433 1218 109 49 sed
1495 1218 109 49 per
1558 1218 234 49 sacramentum
1745 1218 188 49 extremae
1886 1218 203 49 vnctionis
2042 1218 109 49 vir
2089 1218 94 49 san-

1322 1262 131 48 ctus
1403 1262 212 48 quandoque
1567 1262 114 48 non
1632 1262 245 48 consequitur
1828 1262 229 48 corporalem
1991 1262 180 48 sanitaten

1321 1304 95 46 vt
1369 1304 174 46 dicitur
1495 1304 95 46 in
1542 1304 126 46 ista
1621 1304 158 46 minori
1731 1304 252 46 propositone:
1936 1304 126 46 ergo
1999 1304 174 46 quandoquo

1318 1339 250 49 sacramentum
1519 1339 200 49 extremae
1669 1339 217 49 vnctionis
1836 1339 117 49 non
1902 1339 150 49 valet
2002 1339 100 49 ad
2036 1339 150 49 recupe-

1322 1373 167 58 randam
1439 1373 234 58 corporalem
1623 1373 234 58 sanitatem,
1806 1373 184 58 posito,
1940 1373 133 58 quod
2006 1373 184 58 huiusmodi

1318 1419 222 45 corporalis
1492 1419 174 45 sanitas
1619 1419 111 45 non
1683 1419 206 45 impediat,
1841 1419 111 45 sed
1905 1419 158 45 potius
2000 1419 174 45 promoueal

1322 1460 246 49 spiritualem
1519 1460 230 49 sanitatem,
1699 1460 148 49 cuius
1798 1460 214 49 oppositum
1962 1460 230 49 affirmatur
2126 1460 66 49 a

1292 1497 243 52 cenclusione.

1359 1534 111 47 Hic
1423 1534 159 47 possum
1534 1534 223 47 dupliciter
1709 1534 239 47 respondere:
1900 1534 159 47 Primo,
2012 1534 127 47 quod
2091 1534 96 47 si
2123 1534 64 47 ma

1331 1573 93 44 ior
1384 1573 133 44 istius
1477 1573 187 44 instantiae
1624 1573 213 44 intelligitur
1798 1573 240 44 vniuersaliter,
1998 1573 107 44 tunc
2064 1573 93 44 est
2104 1573 67 44 fal

1337 1615 94 45 sa:
1390 1615 108 45 quia
1458 1615 81 45 in
1498 1615 135 45 multis
1592 1615 121 45 viris
1673 1615 148 45 sanctis
1781 1615 188 45 corporalis
1929 1615 148 45 sanitas
2023 1615 148 45 praestiti

1321 1655 236 41 impedimentum
1513 1655 177 41 sanitati
1645 1655 221 41 spirituali,
1822 1655 133 41 sicut
1911 1655 177 41 expresse
2043 1655 133 41 patet
2117 1655 59 41 in

1321 1695 192 44 legenda.
1465 1695 112 44 ier
1529 1695 112 44 qui
1593 1695 160 44 multas
1705 1695 240 44 tentationes
1898 1695 160 44 passus
2010 1695 144 44 fuit,
2090 1695 96 44 quas

1331 1732 110 45 non
1394 1732 221 45 sensisset,
1568 1732 95 45 si
1615 1732 221 45 corporalem
1788 1732 205 45 sanitatem
1946 1732 110 45 non
1993 1732 189 45 habuisset,

1324 1770 134 47 Etiam
1413 1770 104 47 ait
1473 1770 208 47 Apostolus,
1636 1770 119 47 quod
1710 1770 149 47 virtus
1814 1770 89 47 in
1859 1770 223 47 infirmitate
2022 1770 149 47 perfici-

1317 1814 116 43 tur.
1389 1814 246 43 1intelligitur
1592 1814 275 43 particulariter,
1823 1814 130 43 sicut
1910 1814 130 43 etiam
1997 1814 130 43 debet
2070 1814 101 43 intel

1320 1850 126 46 ligi,
1404 1850 98 46 cum
1460 1850 98 46 sit
1517 1850 197 46 indefinit,
1671 1850 98 46 nam
1727 1850 197 46 indefinita
1882 1850 211 46 aequipollet
2037 1850 141 46 particu-

1328 1892 135 42 lari,
1418 1892 180 42 secundum
1554 1892 195 42 doctrinam
1704 1892 135 42 libus
1794 1892 180 42 priorum,
1929 1892 120 42 tunc
2005 1892 135 42 nihil
2080 1892 90 42 con-

1323 1928 190 56 cluditur,
1470 1928 117 56 quia
1543 1928 132 56 etiam
1630 1928 132 56 minor
1718 1928 102 56 est
1776 1928 248 56 particularis:
1981 1928 88 56 ex
2025 1928 132 56 puris
2098 1928 73 56 au-

1329 1971 104 38 tem
1389 1971 238 38 particularis
1582 1971 134 38 nihil
1671 1971 193 38 sequitur,
1819 1971 89 38 vt
1864 1971 134 38 patet
1953 1971 89 38 in
1997 1971 134 38 eodem
2072 1971 74 38 lib

1356 2007 171 44 Secundo
1480 2007 155 44 potest
1588 2007 140 44 dici,
1681 2007 124 44 quod
1759 2007 264 44 spiritualiter
1976 2007 93 44 in
2007 2007 171 44 proposito

1321 2050 146 41 maior
1418 2050 113 41 non
1483 2050 113 41 est
1548 2050 146 41 vera,
1645 2050 227 41 supposito,
1823 2050 130 41 quod
1904 2050 130 41 Deus
1985 2050 146 41 talem
2066 2050 113 41 homi-

1316 2091 113 47 nem
1381 2091 178 47 sanctum
1510 2091 323 47 praedestinauerit
1785 2091 97 47 ad
1833 2091 162 47 certum
1947 2091 162 47 gradum
2044 2091 129 47 sancti

1318 2128 157 42 tatis,
1428 2128 125 42 quia
1506 2128 188 42 postquam
1647 2128 172 42 aliquis
1772 2128 172 42 adeptus
1898 2128 110 42 est
1960 2128 188 42 supremum
2086 2128 78 42 gra

1322 2166 112 49 dum
1386 2166 239 49 sanctitatis
1577 2166 128 49 sibi
1657 2166 287 49 praedestinatum
1896 2166 80 49 a
1928 2166 128 49 Deo,
2008 2166 128 49 tunc
2071 2166 112 49 nulla

1323 2203 202 50 corporali
1479 2203 187 50 sanitate
1619 2203 124 50 eius
1697 2203 202 50 sanctitas
1852 2203 93 50 ad
1899 2203 218 50 vlteriorem
2055 2203 124 50 gradum

1333 2249 156 41 potest
1443 2249 219 41 promoueri:
1615 2249 109 41 sed
1677 2249 187 41 quilibet
1818 2249 172 41 electus
1943 2249 94 41 in
1990 2249 125 41 hora
2052 2249 125 41 mortis

1322 2287 125 48 suae
1401 2287 188 48 attingit
1541 2287 188 48 supremum
1682 2287 156 48 gradum
1792 2287 250 48 sanctitatis,
1995 2287 94 48 ad
2042 2287 125 48 quem
2105 2287 78 48 est

1320 2321 288 49 praedestinatus
1560 2321 128 49 ergo
1640 2321 112 49 non
1704 2321 192 49 videtur,
1847 2321 128 49 quod
1927 2321 192 49 secundum
2055 2321 112 49 legen

1321 2370 210 49 communem
1478 2370 140 49 eius
1566 2370 228 49 sanctitas
1741 2370 123 49 per
1811 2370 245 49 corporalem
1986 2370 193 49 sanitatem

1324 2401 155 49 valeat
1432 2401 186 49 vlterius
1556 2401 170 49 promoueri

1363 2435 129 54 Forte
1449 2435 158 54 dicetur
1563 2435 129 54 istud
1649 2435 186 54 repugnare
1792 2435 115 54 his,
1864 2435 115 54 quae
1936 2435 172 54 dixilib.
2065 2435 86 54 1.
2093 2435 72 54 di-

1321 2478 128 63 stin.
1406 2478 100 63 17.
1463 2478 100 63 vbi
1521 2478 143 63 posui,
1620 2478 114 63 quod
1692 2478 157 63 caritas
1806 2478 171 63 viatoris
1934 2478 143 63 possit
2034 2478 143 63 augeri
2120 2478 57 63 in

1312 2516 173 47 infinitum.

1354 2552 231 52 Respondeo,
1535 2552 132 52 quod
1617 2552 115 52 ibi
1683 2552 198 52 loquebar
1831 2552 99 52 de
1881 2552 198 52 potentia
2029 2552 115 52 Dei
2095 2552 99 52 ab

1320 2595 168 60 soluta,
1442 2595 107 60 hic
1503 2595 137 60 autem
1594 2595 153 60 loquor
1701 2595 92 60 de
1747 2595 183 60 potentia
1884 2595 107 60 Dei
1930 2595 229 60 praedestinati

1317 2642 100 47 ua,
1374 2642 114 47 quae
1445 2642 100 47 est
1502 2642 171 47 potentia
1631 2642 186 47 ordinata:
1774 2642 71 47 &
1803 2642 114 47 ideo
1874 2642 86 47 in
1917 2642 100 47 his
1974 2642 143 47 dictis
2074 2642 129 47 nulla

1316 2675 112 56 est
1364 2675 223 56 repugnantia.

1388 2792 581 89 ARTICVLVS
1791 2792 268 89 III1

1436 2880 103 85 De
1487 2880 207 85 ordinat.
1643 2880 293 85 dispensatione
1867 2880 172 85 extremae

1632 2944 192 64 vnctionis.

1345 3027 202 61 VANTVM
1486 3027 121 61 ad
1547 3027 222 61 quartum
1709 3027 263 61 articulum
1911 3027 142 61 duo
1992 3027 162 61 sunt
2073 3027 101 61 vi

1346 3064 210 65 eodenda
