2102 3524
464 344 572 78 RESOLVTIO.

364 451 95 56 cum
419 451 204 56 matrimonium
582 451 95 56 sit
636 451 109 56 uiri
704 451 82 56 ac
745 451 163 56 milieri;
867 451 177 56 maritalis
1003 451 190 56 conifictio
1139 451 95 56 inter

403 500 136 52 person
499 500 82 52 as
540 500 177 52 legitimas
676 500 191 52 indiuiduam
826 500 123 52 vitae
907 500 231 52 consuetudinem
1084 500 150 52 retinens,

413 545 182 45 perspicuum
556 545 104 45 erit
621 545 130 45 nullam
712 545 117 45 sieri
790 545 117 45 posse
867 545 117 45 inter
945 545 156 45 coniuges
1049 545 182 45 separationem

401 573 89 49 non
452 573 166 49 existente
580 573 166 49 praecipue
708 573 191 49 vatitnabili
861 573 128 49 causa,
950 573 102 49 quae
1014 573 115 49 tamen
1091 573 77 49 si
1116 573 115 49 extite-

402 612 105 55 rit,
467 612 184 55 segregatio
612 612 105 55 erit
677 612 131 55 atoro,
769 612 92 55 non
822 612 118 55 autem
900 612 210 55 matrimoniali
1071 612 157 55 vinculo:
1176 612 52 55 vi

413 647 182 55 Iaesevtim
553 647 140 55 mutuus
652 647 182 55 consensus
792 647 140 55 volunt
890 647 112 55 atum
960 647 168 55 vtspectu
1073 647 168 55 sactamenti

389 693 174 54 intercedae.

473 804 643 84 ARTICVLVS
918 804 148 84 I

589 912 143 72 Quid
679 912 125 72 sit
732 912 251 72 matrimonium.

384 1027 209 80 VANTVM
531 1027 126 80 ad
594 1027 209 80 primum
740 1027 272 80 articulum
950 1027 251 80 respodet
1117 1027 105 80 Ma-

479 1087 152 58 gister
585 1087 107 58 hic
646 1087 91 58 in
692 1087 168 58 littera
814 1087 168 58 dicens,
936 1087 228 58 Matrimonium
1118 1087 107 58 est
1164 1087 61 58 vi

366 1119 90 58 ri
411 1119 225 58 mulierisque
591 1119 210 58 coniunctio
756 1119 195 58 maritalis
905 1119 135 58 inter
995 1119 195 58 legitimas
1130 1119 90 58 per-

355 1166 145 59 sonas
452 1166 226 59 indiuiduam
629 1166 145 59 vitae
725 1166 274 59 consuetudinem
951 1166 209 59 retinens.
1112 1166 97 59 In
1144 1166 81 59 qua

365 1211 242 47 descriptione
562 1211 212 47 coniunctio
728 1211 167 47 ponitur
850 1211 106 47 pro
910 1211 167 47 genere,
1031 1211 151 47 cetera
1122 1211 91 47 auti

366 1248 97 57 pro
422 1248 235 57 differentiis,
615 1248 83 57 vt
657 1248 83 57 de
698 1248 83 57 se
740 1248 125 57 patet
823 1248 180 57 intuenti:
961 1248 166 57 lsidorus
1086 1248 111 57 vero
1141 1248 69 57 lib

372 1282 93 49 p.
418 1282 123 49 et)v
495 1282 216 49 mologiarum
665 1282 139 49 magis
757 1282 201 49 attendens
911 1282 93 49 ad
958 1282 170 49 nominis
1066 1282 154 49 interpre

369 1321 202 53 tationem,
525 1321 124 53 quam
602 1321 93 53 ad
649 1321 279 53 diffinitionem,
882 1321 124 53 ait,
959 1321 124 53 quod
1021 1321 202 53 matrimonium

376 1357 157 52 licitur
490 1357 142 52 quasi,
589 1357 142 52 matris
689 1357 157 52 munium,
803 1357 85 52 id
846 1357 100 52 est
903 1357 185 52 officium.
1045 1357 85 52 Et
1088 1357 128 52 quasi
1159 1357 57 52 ad

360 1399 124 52 idem
437 1399 217 52 respiciens
607 1399 124 52 Aug.
684 1399 93 52 in
731 1399 108 52 lib
793 1399 155 52 contra
901 1399 170 52 Faustum
1025 1399 124 52 ait,
1087 1399 139 52 Matrimo

362 1439 127 50 nium
441 1439 127 50 ideo
521 1439 190 50 dicitur,
663 1439 127 50 quia
743 1439 111 50 non
806 1439 95 50 ob
853 1439 143 50 aliud
949 1439 143 50 debet
1044 1439 158 50 mulier
1139 1439 79 50 nu-

365 1485 128 50 bere,
450 1485 114 50 nisi
521 1485 85 50 vt
564 1485 128 50 mater
635 1485 99 50 fiat.

400 1512 108 66 Sed
461 1512 155 66 contra
570 1512 124 66 haec
647 1512 155 66 potest
756 1512 139 66 argui
848 1512 93 66 ex
895 1512 155 66 dictis
1003 1512 201 66 aliquorum
1143 1512 77 66 do-

368 1558 156 55 ctorum
477 1558 93 55 Et
524 1558 140 55 primo
617 1558 156 55 contra
726 1558 156 55 dictum
835 1558 187 55 Magistri
960 1558 93 55 sic-

373 1598 85 49 1
407 1598 254 49 Matrimonium
610 1598 169 49 sicut,
728 1598 85 49 &
762 1598 203 49 quolibet
914 1598 152 49 aliud
999 1598 220 49 sacramentum

369 1638 100 47 est
426 1638 186 47 sensibile
569 1638 158 47 signum:
684 1638 100 47 Sed
741 1638 129 47 nulla
827 1638 201 47 coniunctio
985 1638 100 47 est
1042 1638 115 47 quid
1099 1638 115 47 sensi-

356 1685 144 44 bile:
452 1685 128 44 ergo
532 1685 241 44 matrimonium
725 1685 112 44 non
789 1685 160 44 potest
901 1685 128 44 esse
981 1685 241 44 coniunctio.
1158 1685 64 44 Ma

357 1717 110 52 ior
420 1717 141 52 patet
514 1717 110 52 per
577 1717 266 52 diffinitionem
796 1717 219 52 sacramenti
968 1717 141 52 datam
1062 1717 94 52 ex
1094 1717 125 52 dictis

360 1760 140 45 Deati
454 1760 171 45 August.
578 1760 140 45 dist.
671 1760 93 45 1.
717 1760 109 45 qua
779 1760 217 45 dicebatur,
950 1760 124 45 quod
1012 1760 202 45 sacramentum

358 1805 100 43 est
415 1805 214 43 inuisibilis
586 1805 157 43 gratiae
700 1805 185 43 visibilis
842 1805 143 43 forma.
942 1805 128 43 Patet
1028 1805 128 43 etiam
1099 1805 114 43 minori

368 1838 117 56 quia
442 1838 132 56 nulla
530 1838 162 56 relatio
647 1838 103 56 est
706 1838 132 56 forma
794 1838 220 56 sensibilis,
970 1838 103 56 sed
1029 1838 132 56 omnis
1103 1838 117 56 coniun

362 1874 105 58 ctio
428 1874 92 58 est
480 1874 158 58 relatio:
599 1874 105 58 ergo
664 1874 118 58 nulla
743 1874 184 58 comiunctio
888 1874 145 58 videtur
993 1874 105 58 esse
1059 1874 184 58 sesibilis.

383 1920 81 47 2
415 1920 227 47 Praeterea,
594 1920 195 47 viculum,
740 1920 114 47 quo
805 1920 162 47 aliqua
918 1920 276 47 coniunguntur,
1129 1920 81 47 non

358 1946 111 56 est
422 1946 127 56 ipsa
501 1946 238 56 coniunctio:
691 1946 111 56 Sed
754 1946 238 56 matrimonium
945 1946 111 56 est
1008 1946 190 56 vinculum
1135 1946 79 56 in-

358 2003 249 46 dissolubile,
560 2003 109 46 quo
623 2003 155 46 femina
731 2003 233 46 coniungitur
918 2003 140 46 viro,
1011 2003 78 46 &
1027 2003 186 46 econuerso.

358 2032 128 51 maior
443 2032 142 51 patet,
542 2032 113 51 quia
613 2032 128 51 causa
698 2032 156 51 differt
811 2032 170 51 realiter
939 2032 71 51 a
967 2032 99 51 suo
1024 2032 170 51 effectu,
1137 2032 71 51 sec

366 2076 182 47 vinculum
502 2076 197 47 coniugens
653 2076 106 47 est
714 2076 136 47 causa
805 2076 272 47 coniunctionis.
1031 2076 136 47 Minor
1107 2076 106 47 etiam

371 2116 125 52 atet
449 2116 94 52 de
496 2116 109 52 se,
559 2116 78 52 &
590 2116 109 52 est
652 2116 218 52 communiter
808 2116 172 52 concessa.

434 2129 193 77 Preterea,
582 2129 89 77 si
627 2129 222 77 matrimonium
805 2129 133 77 esset
894 2129 222 77 coniunctio,
1072 2129 119 77 tumc
1131 2129 89 77 duo-

352 2198 123 44 rum
422 2198 210 44 coniugum
579 2198 123 44 non
649 2198 175 44 posset
772 2198 140 44 esse
859 2198 140 44 vnum
929 2198 245 44 matrimonium,

366 2240 182 43 Falsitas
502 2240 151 43 istius
608 2240 242 43 consequentis
805 2240 151 43 patet.
910 2240 182 43 Probatur
1031 2240 182 43 consequen-

356 2282 126 42 tia,
435 2282 126 42 quia
514 2282 190 42 secundum
657 2282 126 42 Auic
736 2282 142 42 inter
831 2282 111 42 duo
894 2282 174 42 extrema
1020 2282 111 42 non
1084 2282 111 42 est
1131 2282 79 42 vna

352 2312 200 48 relatio,
502 2312 117 48 sed
569 2312 133 48 duae
652 2312 200 48 secundum
802 2312 183 48 numerum
935 2312 250 48 extremorum,
1118 2312 100 48 duae

363 2351 122 51 enim
439 2351 122 51 sunt
515 2351 244 51 aequalitates
714 2351 92 51 in
760 2351 153 51 duobus
867 2351 229 51 aequalibus.
1050 2351 107 51 Cum
1096 2351 122 51 igitur

362 2392 134 46 omnis
451 2392 209 46 coniunctio
615 2392 104 46 sit
675 2392 179 46 relatio,
809 2392 89 46 in
854 2392 149 46 duobus
958 2392 209 46 coniunctis
1107 2392 104 46 erunt

354 2436 130 42 duae
435 2436 292 42 coniunctiones,
678 2436 81 42 &
711 2436 114 42 per
776 2436 243 42 consequens,
971 2436 114 42 duo
1019 2436 195 42 matrimonia

358 2475 93 51 si
404 2475 232 51 matrimonium
589 2475 108 51 est
651 2475 232 51 coniunctio,
837 2475 124 51 quia
914 2475 247 51 multiplicato
1100 2475 108 51 supe-

360 2509 142 51 riori,
459 2509 114 51 tunc
530 2509 156 51 necesse
644 2509 100 51 est
701 2509 171 51 inferius
815 2509 199 51 multiplicari

441 2549 216 46 praeterea,
610 2549 93 46 si
657 2549 231 46 matrimonium
842 2549 139 46 esset
934 2549 216 46 coniunctio
1089 2549 123 46 marita

366 2586 106 50 is,
426 2586 121 50 tunc
502 2586 106 50 non
562 2586 151 50 posset
668 2586 121 50 esse
743 2586 226 50 matrimonium
924 2586 121 50 sine
1000 2586 166 50 carnali
1105 2586 106 50 compu

362 2628 109 43 la.
425 2628 187 43 Falsitas
565 2628 249 43 consequentis
767 2628 140 43 patet
861 2628 93 43 ex
907 2628 218 43 quaestione
1063 2628 140 43 proxim;

355 2674 253 48 praecedente.
561 2674 253 48 Consequentia
766 2674 142 48 etiam
861 2674 158 48 patet,
971 2674 126 48 quia
1034 2674 174 48 coniuctio

357 2711 199 49 maritalis,
513 2711 100 49 vel
570 2711 100 49 est
627 2711 114 49 ipsa
698 2711 171 49 carnalis
826 2711 156 49 copula,
940 2711 100 49 vel
997 2711 199 49 necessario
1139 2711 71 49 con

353 2743 165 56 cernit
468 2743 214 56 huiusmodi
616 2743 165 56 copulam,

435 2785 226 44 Praeterea,
613 2785 129 44 omne
694 2785 243 44 matrimonium
888 2785 162 44 potest
1001 2785 194 44 dissolui
1130 2785 81 44 cau

358 2824 92 50 sa
404 2824 277 50 fornicationis:
635 2824 123 50 ergo
712 2824 231 50 matrimonium
896 2824 108 50 non
958 2824 108 50 est
1019 2824 185 50 retinens
1142 2824 62 50 in

350 2863 273 45 dissolubilem,
575 2863 112 45 seu
639 2863 225 45 indiuiduam
815 2863 144 45 vitae
895 2863 257 45 consuetudinem.

364 2904 74 52 4
394 2904 207 52 Praeterea,
557 2904 148 52 contra
660 2904 133 52 dicta
749 2904 178 52 lsidori,
882 2904 74 52 &
912 2904 104 52 Aug
971 2904 178 52 arguitur
1089 2904 104 52 sic.-

341 2943 154 45 Semper
448 2943 77 45 a
479 2943 185 45 digniori
617 2943 108 45 est
679 2943 108 45 res
741 2943 246 45 denominanda,
941 2943 108 45 sed
1002 2943 138 45 pater
1094 2943 108 45 est
1140 2943 62 45 di

350 2991 143 47 gnior
445 2991 143 47 matre
541 2991 127 47 ergo
620 2991 143 47 istud
715 2991 238 47 sacramentum
906 2991 159 47 potius
1017 2991 175 47 deberet
1128 2991 79 47 di-

356 3027 101 44 ci
407 3027 253 44 patrimonium
609 3027 84 44 a
643 3027 169 44 patre,
761 3027 135 44 quam
846 3027 253 44 matrimonium
1048 3027 84 44 a
1065 3027 118 44 matre

344 3066 145 48 Maior
440 3066 177 48 habetur
569 3066 96 48 2.
617 3066 96 48 de
665 3066 161 48 anima.
778 3066 145 48 Etiam
874 3066 145 48 minor
971 3066 145 48 patet
1067 3066 129 48 ex3.
1132 3066 64 48 di

345 3107 151 48 anima,
450 3107 106 48 vbi
511 3107 181 48 dicitur,
646 3107 121 48 quod
722 3107 136 48 agens
812 3107 106 48 est
872 3107 226 48 prestantius
1038 3107 166 48 patiente-

418 3140 195 59 preterea,
568 3140 225 59 denominatio
748 3140 135 59 debet
839 3140 135 59 fieri
929 3140 75 59 a
959 3140 195 59 principio
1094 3140 105 59 essen

1267 292 135 63 tiali:
1362 292 95 63 ced
1416 292 162 63 officium
1538 292 135 63 matris
1632 292 95 63 non
1687 292 95 63 est
1741 292 149 63 essenti
1849 292 95 63 ale
1889 292 149 63 principun

1275 346 204 47 matrimonii,
1439 346 95 47 sed
1493 346 136 47 potius
1588 346 95 47 est
1643 346 163 47 effectus
1765 346 109 47 eius
1833 346 68 47 :
1860 346 109 47 ergo
1915 346 54 47 &c

1263 374 127 57 Maior
1347 374 141 57 patet,
1446 374 197 57 quiaratio,
1601 374 113 57 quam
1671 374 197 57 significat
1826 374 141 57 nomen,
1924 374 99 57 est
1967 374 84 57 dif-

1266 417 125 59 nitio,
1353 417 75 59 vt
1390 417 137 59 dicitur
1490 417 75 59 1.
1528 417 125 59 metap.
1615 417 112 59 Sicut
1690 417 125 59 igitur
1777 417 175 59 diffinitio
1914 417 112 59 datur
1977 417 62 59 pes

1284 462 166 45 rincipia
1409 462 221 45 essentialia,
1589 462 97 45 sic
1644 462 83 45 et
1685 462 125 45 nomen
1768 462 125 45 debet
1851 462 152 45 imponia
1948 462 97 45 prind

1277 510 77 38 io
1316 510 194 38 essentiali.
1471 510 116 38 Minor
1548 510 103 38 etam
1613 510 129 38 patet,
1703 510 103 38 quia
1768 510 155 38 effectus
1884 510 90 38 non
1923 510 116 38 estprin

1263 541 141 55 cipium
1362 541 198 55 essentiale
1517 541 113 55 suae
1588 541 155 55 causae,
1701 541 127 55 licet
1786 541 184 55 quandoque
1913 541 141 55 causasit

1281 577 180 55 rincipium
1420 577 194 55 essentiale
1572 577 97 55 sui
1628 577 180 55 effectus,
1766 577 83 55 vt
1808 577 125 55 patet
1891 577 152 55 decausa
1988 577 69 55 in-

1275 619 162 47 rinseca:
1396 619 94 47 Sed
1450 619 108 47 sine
1517 619 148 47 peccato
1625 619 108 47 esse
1692 619 148 47 matrem,
1800 619 189 47 causaliter
1935 619 135 47 praelum,

1268 656 147 59 ponit
1366 656 131 59 esse
1448 656 262 59 matrimonium,
1661 656 131 59 ergo
1726 656 66 59 &c

1303 696 87 52 Ad
1346 696 145 52 primum
1447 696 188 52 dicendum,
1592 696 116 52 quod
1664 696 130 52 minor
1751 696 101 52 non
1808 696 101 52 est
1866 696 130 52 vera.
1953 696 87 52 Ad
1982 696 72 52 per

1259 735 158 54 bationem
1377 735 158 54 dicedum,
1496 735 105 54 quod
1562 735 145 54 quamuis
1668 735 145 54 relatio
1773 735 92 54 non
1826 735 92 54 sit
1865 735 185 54 sensibilisis

1262 783 141 40 cundum
1361 783 99 40 se,
1417 783 99 40 est
1474 783 127 40 tamen
1559 783 198 40 sensibilis
1715 783 156 40 ratione
1828 783 212 40 fundamenti.
1983 783 71 40 Vn-

1263 812 81 53 de
1304 812 122 53 sicut
1385 812 190 53 similitudo
1535 812 176 53 sentitur,
1670 812 176 53 inquantum
1806 812 122 53 alba,
1887 812 108 53 quae
1942 812 108 53 suntsi

1252 860 133 45 milia,
1345 860 200 45 sentiuntur:
1505 860 93 45 sic
1558 860 187 45 coniunctio
1705 860 173 45 sentitur,
1838 860 93 45 eo,
1891 860 107 45 quod
1944 860 107 45 perso-

1254 893 96 43 nae
1309 893 192 43 coniunctae
1460 893 205 43 sentiuntur,
1624 893 82 43 ac
1665 893 109 43 etem
1733 893 96 43 eo,
1788 893 109 43 quod
1856 893 137 43 verba,
1939 893 109 43 quiban

1253 934 148 58 morum
1351 934 164 58 suorum
1466 934 230 58 consensum,
1646 934 82 58 &
1679 934 279 58 conformitatem
1892 934 164 58 exprimu,

1232 973 200 55 sentiuntur

1294 986 82 78 Ad
1335 986 109 78 scum
1403 986 164 78 dicedum,
1526 986 177 78 quoligari
1663 986 136 78 aliquo
1758 986 164 78 vinculo,
1881 986 95 78 pot
1922 986 136 78 intelli-

1258 1049 80 54 gi
1298 1049 187 54 dupliciter
1444 1049 93 54 Vno
1497 1049 107 54 modo
1564 1049 107 54 vera
1631 1049 187 54 effectiue,
1777 1049 67 54 &
1804 1049 93 54 sic
1857 1049 120 54 maior
1937 1049 107 54 est,
1990 1049 67 54 sed

1261 1093 122 46 minor
1343 1093 95 46 est
1397 1093 136 46 falsa.
1492 1093 108 46 Alio
1560 1093 108 46 mono
1628 1093 203 46 formaliter,
1790 1093 68 46 &
1817 1093 95 46 sic
1872 1093 149 46 quamuis
1967 1093 81 46 mino

1255 1130 98 48 sit
1311 1130 126 48 vera,
1395 1130 112 48 quia
1464 1130 209 48 matrimonium
1632 1130 98 48 est
1687 1130 112 48 tale
1757 1130 181 48 vinculum,
1897 1130 98 48 quo
1938 1130 112 48 conuge

1252 1170 192 44 formaliter
1403 1170 68 44 i
1430 1170 205 44 telliguntur
1595 1170 110 44 esse
1663 1170 151 44 ligati,
1773 1170 123 44 maior
1855 1170 123 44 tamen
1937 1170 96 44 est
1978 1170 82 44 ral-

1255 1200 99 56 sa,
1311 1200 113 56 quia
1382 1200 184 56 vinculum,
1523 1200 99 56 quo
1580 1200 141 56 aliqua
1679 1200 184 56 frmaliter
1820 1200 184 56 ligantur,
1947 1200 113 56 nonest

1253 1249 142 47 aliud,
1352 1249 100 47 qum
1409 1249 114 47 ipsa
1481 1249 171 47 ligatio.
1609 1249 85 47 Ad
1651 1249 214 47 probationem
1822 1249 185 47 dicendum,
1950 1249 100 47 quodm

1260 1284 95 44 ior
1314 1284 95 44 est
1368 1284 135 44 falsa,
1462 1284 162 44 loquendo
1584 1284 81 44 de
1624 1284 122 44 causa
1705 1284 162 44 formali:
1827 1284 162 44 effectus
1948 1284 95 44 eni
1989 1284 68 44 cal

1261 1325 83 46 ae
1303 1325 165 46 formalis
1426 1325 96 46 non
1482 1325 151 46 differt
1592 1325 165 46 realiter
1716 1325 69 46 a
1743 1325 138 46 forma.
1840 1325 83 46 Ad
1881 1325 151 46 tertium
1977 1325 83 46 dice

1257 1364 126 55 dum,
1336 1364 126 55 quod
1415 1364 220 55 consequens
1588 1364 110 55 non
1651 1364 110 55 est
1714 1364 173 55 falsum,
1840 1364 220 55 accipiendo
1997 1364 63 55 ma

1252 1404 205 50 trimonium,
1414 1404 132 50 prout
1502 1404 132 50 dicit
1590 1404 205 50 relationem
1751 1404 264 50 aequiparantiae
1956 1404 103 50 fundi

1257 1448 105 43 tam
1317 1448 90 43 in
1362 1448 120 43 viro
1437 1448 90 43 in
1483 1448 150 43 ordine
1588 1448 90 43 ad
1633 1448 196 43 mulierem,
1783 1448 75 43 &
1813 1448 211 43 econuerso,
1964 1448 90 43 quia

1255 1478 103 49 rei
1314 1478 191 49 veritate,
1461 1478 132 49 sicut
1549 1478 118 49 vnum
1623 1478 176 49 accidens
1755 1478 191 49 absolutum
1902 1478 103 49 non
1946 1478 118 49 potess

1251 1519 118 49 esse
1325 1519 89 49 in
1370 1519 118 49 duob
1444 1519 207 49 subiectis,
1607 1519 104 49 sic
1666 1519 118 49 vnum
1740 1519 148 49 numero
1844 1519 178 49 accidens
1962 1519 89 49 reps

1260 1557 147 59 ctiuum
1363 1557 103 59 non
1422 1557 147 59 potest
1525 1557 118 59 esse
1599 1557 132 59 simul
1687 1557 88 59 in
1731 1557 147 59 duobus
1834 1557 191 59 extremis:
1967 1557 88 59 dici

1256 1603 117 49 tur
1323 1603 151 49 tamen
1424 1603 134 49 vnum
1507 1603 251 49 matrimonium
1708 1603 134 49 esse
1792 1603 151 49 inter
1893 1603 134 49 vnum
1960 1603 100 49 vrum

1263 1641 123 48 vnam
1339 1641 184 48 mulierem
1477 1641 168 48 ratione
1600 1641 138 48 vnius
1691 1641 153 48 finis,
1799 1641 138 48 puta,
1875 1641 184 48 rationepri

1261 1682 91 52 is
1306 1682 227 52 generandae,
1488 1682 121 52 quae
1564 1682 106 52 vna
1624 1682 182 52 existens
1760 1682 182 52 dependet
1897 1682 91 52 ab
1927 1682 136 52 utroqus

1251 1720 165 50 coniuge
1371 1720 75 50 a
1401 1720 135 50 viro,
1490 1720 180 50 scilicet
1625 1720 75 50 &
1655 1720 180 50 muliere:
1790 1720 75 50 &
1820 1720 105 50 sic
1879 1720 120 50 vnum
1939 1720 120 50 matimi

1253 1763 121 49 nium
1328 1763 211 49 integratur
1495 1763 91 49 ex
1540 1763 166 49 duplici
1661 1763 242 49 coniunctione
1842 1763 181 49 praedicta.

1289 1799 94 54 Ad
1336 1799 172 54 quartum
1461 1799 125 54 pot,
1540 1799 156 54 negari
1649 1799 266 54 consequentia.
1868 1799 94 54 Ad
1900 1799 156 54 probatio

1258 1838 108 54 nem
1319 1838 200 54 dicendum,
1473 1838 123 54 quod
1550 1838 138 54 licet
1642 1838 200 54 maritalis
1796 1838 215 54 coniunctio
1949 1838 108 54 conte

1247 1878 113 51 nat
1311 1878 193 51 carnalem
1456 1878 193 51 compulam
1601 1878 241 51 aptitudine,
1794 1878 145 51 tamen
1890 1878 113 51 non
1938 1878 113 51 conce

1257 1913 108 50 nit
1318 1913 108 50 eam
1380 1913 139 50 actu,
1473 1913 185 50 aptitudo
1611 1913 123 50 vero
1689 1913 93 50 ad
1735 1913 185 50 carnalem
1874 1913 185 50 compulam
1997 1913 62 50 po

1255 1960 111 48 esse
1324 1960 97 48 est
1380 1960 124 48 inter
1463 1960 166 48 personas
1587 1960 180 48 virginali
1725 1960 180 48 castitate
1850 1960 152 48 possentes

1291 1983 98 63 Ad
1340 1983 180 63 quintum
1470 1983 213 63 dicendum,
1634 1983 131 63 quod
1716 1983 262 63 indiuiduitas
1912 1983 147 63 matrimo

1254 2026 109 55 nii
1317 2026 155 55 potest
1425 2026 218 55 dupliciter
1597 2026 249 55 considerari.
1799 2026 109 55 Vno
1861 2026 140 55 modo,
1939 2026 124 55 inquan

1248 2071 206 58 vinculum;
1407 2071 127 58 Alio
1486 2071 143 58 modo,
1581 2071 111 58 quo
1645 2071 95 58 ad
1692 2071 301 58 cohabitationem,
1930 2071 127 58 &toum.

1254 2104 149 56 Primo
1354 2104 133 56 modo
1437 2104 116 56 non
1503 2104 199 56 tollitur
1652 2104 265 56 indiuiduitas
1851 2104 215 56 matrimonipe

1246 2143 160 59 diuorti
1362 2143 73 59 a
1391 2143 189 59 celebrata
1536 2143 131 59 causa
1623 2143 261 59 fornicationis.
1840 2143 116 59 Vnde
1913 2143 160 59 persona
2014 2143 58 59 po

1249 2183 117 60 tens
1323 2183 176 60 separari
1454 2183 73 60 a
1484 2183 161 60 coniuge
1601 2183 205 60 fornicante
1762 2183 102 60 non
1820 2183 190 60 exauditur
1967 2183 73 60 a
1981 2183 88 60 iudi

1247 2227 105 51 ce,
1307 2227 120 51 nisi
1382 2227 105 51 sub
1443 2227 105 51 hac
1503 2227 226 51 conditione,
1684 2227 120 51 quod
1759 2227 120 51 toto
1834 2227 166 51 tempore
1940 2227 120 51 huium;

1252 2267 85 55 di
1294 2267 226 55 separationis
1478 2267 127 55 caste
1563 2267 141 55 uiuat,
1662 2267 99 55 nec
1718 2267 127 55 licet
1803 2267 113 55 sibi
1859 2267 198 55 contraherecu

1245 2310 145 65 aliqua
1347 2310 174 65 persona,
1478 2310 160 65 viuente
1594 2310 160 65 coniuge
1711 2310 247 65 fornicatrice;
1914 2310 116 65 etsi
1972 2310 102 65 volus

1251 2346 121 65 rit,
1327 2346 167 65 poterit
1448 2346 136 65 eidem
1539 2346 258 65 reconciliari,
1751 2346 76 65 &
1781 2346 288 65 matrimomialiter
2009 2346 45 65 u

1245 2389 88 56 ea
1289 2389 221 56 cohabitare,
1466 2389 133 56 sicut
1540 2389 118 56 prius.

1258 2413 101 64 sta
1315 2413 144 64 patent
1416 2413 130 64 extra
1502 2413 86 64 de
1545 2413 130 64 spon:
1632 2413 72 64 &
1661 2413 144 64 matria
1761 2413 72 64 e
1790 2413 86 64 ex
1833 2413 144 64 parte.
1920 2413 130 64 Exquibi

1242 2464 174 60 omnibus
1369 2464 206 60 euidenter
1528 2464 190 60 apparet,
1670 2464 127 60 quod
1750 2464 111 60 per
1813 2464 206 60 celebrata
1956 2464 95 60 pnis

1254 2500 198 62 liuortia
1402 2500 115 62 non
1468 2500 280 62 dissoluebatur
1698 2500 198 62 vinculum
1847 2500 214 62 matrimoni
1995 2500 66 62 Si

1253 2541 161 71 secudo
1366 2541 145 71 modo,
1462 2541 258 71 indiuiduitas
1672 2541 210 71 matrimoni
1833 2541 161 71 potest
1930 2541 129 71 causam

1246 2588 191 50 nicationis
1383 2588 109 50 tolli.

1287 2597 107 89 Est
1348 2597 138 89 etiam
1440 2597 107 89 hic
1502 2597 246 89 aduertendum,
1701 2597 123 89 quod
1778 2597 200 89 praedicta
1916 2597 123 89 diftni

1254 2660 122 65 data
1330 2660 106 65 per
1391 2660 198 65 Magistrum
1543 2660 106 65 non
1603 2660 182 65 conuenit
1740 2660 258 65 vniuersaliter
1938 2660 106 65 omnin

1245 2713 114 49 tr:
1310 2713 163 49 monio,
1424 2713 114 49 sed
1489 2713 146 49 solum
1586 2713 228 49 matrimonio
1765 2713 212 49 fidelium,
1928 2713 81 49 &
1944 2713 98 49 mamm

1244 2743 117 50 nio
1311 2743 234 50 consummato
1495 2743 117 50 per
1562 2743 268 50 subsequentem
1780 2743 201 50 catnalem
1914 2743 134 50 copula

1246 2782 85 59 Si
1288 2782 114 59 enim
1360 2782 100 59 sic
1416 2782 100 59 non
1473 2782 256 59 restringeretur
1687 2782 114 59 ista
1758 2782 213 59 diffinitio,
1928 2782 114 59 tunc
1985 2782 57 59 di

1243 2821 204 52 instantiae
1404 2821 219 52 insolubiles
1579 2821 189 52 cutrerent
1724 2821 146 52 contra
1826 2821 117 52 eam,
1899 2821 117 52 quia
1958 2821 87 52 ponm

1241 2857 125 57 quod
1320 2857 109 57 duo
1382 2857 125 57 sint
1460 2857 188 57 coniuges
1601 2857 219 57 infideles,
1773 2857 156 57 quorum
1883 2857 125 57 unus
1961 2857 94 57 ad
1992 2857 47 57 h

1245 2903 235 50 conuertatur,
1436 2903 147 50 altero
1539 2903 161 50 manente
1656 2903 88 50 in
1700 2903 103 50 sua
1759 2903 250 50 infidelitate,
1950 2903 88 50 uned

1249 2934 135 55 uerso
1339 2934 90 55 ad
1384 2934 135 55 fidem
1474 2934 135 55 licet
1564 2934 180 55 recedere
1699 2934 75 55 a
1729 2934 150 55 priori
1834 2934 210 55 matrimonis
1984 2934 60 55 Md

1240 2974 125 59 nouo
1318 2974 219 59 contrahere
1490 2974 109 59 cum
1553 2974 172 59 persona
1678 2974 172 59 fideli;
1803 2974 156 59 maxime
1896 2974 141 59 sicomil

1244 3018 126 62 delis
1328 3018 196 62 blasphemat
1482 3018 140 62 fidem,
1580 3018 98 62 vel
1636 3018 126 62 fidei
1720 3018 182 62 creatore.
1860 3018 126 62 Istud
1930 3018 98 62 pontd

1247 3062 146 57 presse
1350 3062 117 57 Inno
1423 3062 161 57 tertius
1539 3062 131 57 extra
1627 3062 88 57 de
1671 3062 219 57 conuersione
1846 3062 161 57 indelin
1963 3062 73 57 e
1978 3062 58 57 nu

1249 3094 77 58 o
1279 3094 108 58 te.
1341 3094 92 58 Ex
1387 3094 108 58 quo
1449 3094 154 58 patet,
1556 3094 123 58 quod
1633 3094 108 58 non
1695 3094 138 58 manet
1787 3094 169 58 vinculu
1895 3094 138 58 indindi

1250 3130 115 79 quod
1321 3130 172 79 praefuit
1450 3130 86 79 in
1493 3130 200 79 matrimonio
1651 3130 215 79 infidelium.
1822 3130 86 79 Er
1865 3130 100 79 ide
1908 3130 129 79 pateram
