2141 3524
363 243 167 57 potest
480 243 150 57 ipsum
580 243 267 57 sufficienter
797 243 167 57 mouere
914 243 100 57 ad
964 243 117 57 sui
1014 243 233 57 cognitionem.

364 299 112 50 seu
428 299 208 50 visionem:
588 299 128 50 ergo
668 299 112 50 per
732 299 176 50 diuinam
860 299 208 50 potentiam
1020 299 144 50 fieri
1100 299 144 50 potest,

374 337 133 49 quod
458 337 184 49 humanus
591 337 250 49 intellectus
791 337 133 49 nude
875 337 167 49 videat
992 337 184 49 diuinam
1109 337 133 49 essen-

375 378 125 47 tiam
453 378 156 47 absque
563 378 156 47 lumine
656 378 156 47 gloriae.

415 408 135 51 Maior
505 408 165 51 videtur
625 408 120 51 esse
699 408 135 51 nota,
789 408 120 51 quia
864 408 90 51 si
909 408 180 51 potentia
1043 408 195 51 cognitiua
1178 408 60 51 no

375 455 195 47 cognoscit
525 455 195 47 intuitiue
675 455 165 47 aliquod
795 455 195 47 obiectum,
945 455 105 47 hoc
1005 455 105 47 vel
1065 455 105 47 est
1125 455 105 47 pro
1170 455 75 47 tam

375 490 108 44 to,
436 490 123 44 quia
513 490 200 44 huiusmodi
667 490 185 44 obiectum
805 490 108 44 non
867 490 108 44 est
928 490 185 44 praesens
1067 490 123 44 tali
1128 490 108 44 poter

379 532 131 41 tiae,
466 532 102 41 vel
524 532 87 41 si
567 532 102 41 est
625 532 189 41 praesens,
770 532 131 41 tamen
857 532 189 41 huiusmodi
1002 532 203 41 praesentia
1162 532 102 41 non

367 569 105 54 sub
427 569 164 54 ratione
546 569 179 54 obiecti,
681 569 135 54 sicut
771 569 120 54 Deus
845 569 105 54 est
905 569 179 54 praesens
1040 569 120 54 omni
1099 569 135 54 intelli

375 607 139 50 ctui,
467 607 77 50 &
498 607 139 50 tamen
591 607 108 50 non
653 607 108 50 est
715 607 186 50 praesens
854 607 155 50 semper
963 607 108 50 sub
1025 607 170 50 ratione
1133 607 93 50 obie

374 643 118 57 cti,
448 643 103 57 vel
507 643 133 57 dato,
595 643 118 57 quod
669 643 103 57 sit
728 643 103 57 pns
787 643 103 57 sub
846 643 162 57 ratione
964 643 177 57 obiecti,
1096 643 133 57 tamen
1170 643 59 57 po

374 695 162 48 tentia
487 695 113 48 non
552 695 259 48 sufficienter
762 695 178 48 mouetur
892 695 97 48 ab
941 695 211 48 huiusmodi
1086 695 146 48 obiecto

371 726 142 46 sicut
466 726 111 46 non
529 726 190 46 obstante
672 726 221 46 praesentia
846 726 237 46 cuiuscumque
1035 726 174 46 obiecti
1146 726 95 46 Deus

374 761 157 57 potest
484 761 220 57 suspendere
657 761 220 57 potentiam,
829 761 94 57 ne
876 761 204 57 recipiat,
1033 761 110 57 vel
1080 761 157 57 percipia

369 806 193 47 motionem
514 806 225 47 praesentis
691 806 193 47 obiecti:
836 806 113 47 Sed
900 806 145 47 omnia
997 806 129 47 ista
1061 806 177 47 impedime-

368 843 94 54 ta
415 843 204 54 tolluntur
573 843 94 54 in
620 843 126 54 ista
698 843 173 54 maiori:
824 843 126 54 ergo
902 843 110 54 &c.
965 843 141 54 Minor
1059 843 141 54 etiam
1138 843 110 54 patet

370 889 185 42 quantum
505 889 101 42 ad
556 889 152 42 omnes
657 889 135 42 suas
741 889 185 42 partes:
876 889 135 42 ideo
943 889 51 42 &

396 909 76 65 2
426 909 212 65 Praeterea,
593 909 91 65 si
638 909 121 65 Deus
714 909 121 65 suae
790 909 212 65 essentiaoe
956 909 136 65 nudam
1047 909 182 65 visionem
1168 909 76 65 non

378 963 159 47 posset
489 963 207 47 immediate
648 963 175 47 causare
775 963 127 47 sine
855 963 159 47 lumine
966 963 175 47 gloriae
1093 963 95 47 in
1125 963 111 47 huma-

360 1000 92 46 no
406 1000 231 46 intellectu,
591 1000 108 46 hoc
652 1000 108 46 vel
714 1000 139 46 esset
807 1000 108 46 pro
868 1000 154 46 tanto,
976 1000 123 46 quia
1038 1000 200 46 intellectus

365 1039 111 50 non
428 1039 158 50 posset
539 1039 206 50 huiusmodi
697 1039 206 50 visionem,
855 1039 127 50 quae
935 1039 111 50 est
998 1039 142 50 actus
1077 1039 158 50 superna-

375 1081 162 52 turalis
493 1081 89 52 in
538 1081 89 52 se
582 1081 192 52 recipere,
729 1081 118 52 nisi
803 1081 177 52 mediante
936 1081 251 52 supernaturali
1128 1081 103 52 dispo

372 1117 176 44 sitione:
504 1117 132 44 sicut
592 1117 132 44 dicit
680 1117 103 44 vna
739 1117 161 44 opinio,
857 1117 103 44 vel
915 1117 103 44 hoc
974 1117 132 44 esset
1062 1117 161 44 propter
1165 1117 73 44 ex-

358 1154 158 42 cessum
469 1154 189 42 obiecti,
611 1154 142 42 puta,
705 1154 126 42 quia
784 1154 189 42 potentia
926 1154 252 42 intellectiua
1116 1154 110 42 human

368 1197 114 42 est
433 1197 179 42 finita:
563 1197 130 42 ideo
644 1197 146 42 quasi
742 1197 163 42 nullam
855 1197 260 42 proportionem
1067 1197 163 42 habens
1164 1197 65 42 ac

366 1237 182 48 obiectum
502 1237 212 48 infinitum,
669 1237 136 48 quale
760 1237 106 48 est
821 1237 182 48 essentia
957 1237 167 48 diuina,
1078 1237 106 48 non
1124 1237 121 48 potest

371 1278 209 45 huiusmodi
532 1278 193 45 obiectum
676 1278 128 45 nude
756 1278 193 45 intueri,
901 1278 128 45 nisi
981 1278 193 45 eleuetur
1110 1278 128 45 aliqua

373 1311 201 46 supernatur
531 1311 101 46 ali
588 1311 244 46 dispositione,
789 1311 115 46 puta
861 1311 115 46 ipso
933 1311 144 46 lumine
1034 1311 158 46 glorie,
1134 1311 101 46 sicui

371 1353 132 51 dicit
459 1353 117 51 alia
518 1353 117 51 opinio

408 1383 107 54 Sed
469 1383 153 54 primum
576 1383 169 54 istorum
699 1383 107 54 non
760 1383 199 54 sufficit,
913 1383 123 54 quia
990 1383 107 54 si:
1036 1383 199 54 intellectus

367 1429 183 48 humanus
500 1429 116 48 non
567 1429 166 48 posset
683 1429 199 48 recipere
832 1429 149 48 actum
932 1429 316 48 supernaturalem,
1181 1429 50 48 n

359 1475 96 41 si
407 1475 193 41 mediante
552 1475 112 41 dis
616 1475 193 41 positone
760 1475 289 41 supernaturali,
1001 1475 112 41 cum
1065 1475 145 41 omnis
1146 1475 96 41 dis-

371 1516 148 51 posito
475 1516 267 51 supernaturalis
697 1516 104 51 sit
756 1516 133 51 actus
845 1516 281 51 supernaturalis:
1082 1516 148 51 igitur
1171 1516 59 51 ve

368 1556 125 49 erit
447 1556 204 49 processus
604 1556 94 49 in
651 1556 204 49 infinitum
808 1556 94 49 in
855 1556 204 49 huiusmodi
996 1556 235 49 supernaturali

367 1591 119 52 bus
435 1591 305 52 dispositonibus
689 1591 119 52 vel
757 1591 254 52 intellectus
961 1591 187 52 numquam
1079 1591 153 52 recipie

373 1631 192 40 aliquem
512 1631 157 40 actum
617 1631 332 40 supernaturalem,
897 1631 175 40 quorum
1020 1631 210 40 vtrumque
1160 1631 87 40 est

369 1664 274 52 inconueniens.
594 1664 113 52 Nec
659 1664 161 52 potest
771 1664 129 52 dici
852 1664 209 52 secundum,
1013 1664 129 52 quia
1093 1664 161 52 diuina
1190 1664 48 52 e

373 1708 155 42 sentia
481 1708 108 42 non
543 1708 139 42 solum
636 1708 170 42 excedit
759 1708 93 42 in
806 1708 201 42 infinitum
960 1708 248 42 intellectum,
1146 1708 93 42 acce

382 1749 120 43 ptum
457 1749 120 43 sine
532 1749 150 43 lumine
638 1749 180 43 gloriae,
773 1749 105 43 sed
833 1749 135 43 etiam
923 1749 165 43 excedit
1044 1749 90 43 in
1074 1749 165 43 infinitum

374 1785 244 58 Intellectum
569 1785 163 58 lumine
683 1785 179 58 gloriae
813 1785 244 58 informatum,
1008 1785 130 58 quia
1089 1785 114 58 per
1138 1785 98 58 addi

372 1832 147 43 tionem
475 1832 147 43 finiti
578 1832 88 43 ad
622 1832 191 43 infinitum
769 1832 103 43 non
828 1832 176 43 tollitur
961 1832 176 43 excessus
1078 1832 162 43 infinitus

374 1868 114 40 Sed
439 1868 146 40 lumen
536 1868 178 40 gloriae
666 1868 114 40 est
731 1868 195 40 finitum,
876 1868 114 40 cum
941 1868 114 40 sit
1006 1868 130 40 quid
1071 1868 146 40 creatum

372 1904 92 54 Si
418 1904 154 54 igitur
525 1904 169 54 propter
648 1904 200 54 infinitum
802 1904 77 54 e
832 1904 169 54 xcessum
955 1904 169 54 obiecti
1078 1904 108 54 non
1124 1904 123 54 posset

365 1946 131 51 Deus
447 1946 181 51 causare
578 1946 148 51 nudam
677 1946 197 51 visionem
824 1946 131 51 suae
907 1946 214 51 essentiae
1071 1946 99 51 in
1104 1946 131 51 humant

371 1986 220 43 intellectu
544 1986 157 43 absque
654 1986 157 43 lumine
764 1986 188 43 gloriae,
905 1986 126 43 tunc
984 1986 110 43 nec
1047 1986 188 43 mediante
1172 1986 63 43 hu

364 2024 177 46 iusmodi
493 2024 161 46 lumine
605 2024 161 46 posset
718 2024 145 46 talem
814 2024 193 46 visionem
959 2024 193 46 causare,
1103 2024 129 46 quod
1168 2024 64 46 om

375 2061 130 46 hino
456 2061 113 46 est
521 2061 162 46 contra
618 2061 113 46 fidem

382 2092 78 51 3
414 2092 218 51 Praeterea,
585 2092 140 51 nihil
679 2092 109 51 est
741 2092 234 51 simpliciter
928 2092 249 51 impossibile,
1131 2092 125 51 quod
1193 2092 47 51 e

370 2137 195 49 uidentem
516 2137 114 49 non
581 2137 195 49 implicat
727 2137 325 49 contradictionem:
1003 2137 114 49 Sed
1052 2137 195 49 praedictam

378 2183 187 43 visionem
519 2183 125 43 esse
597 2183 94 43 in
644 2183 156 43 humano
753 2183 234 43 intellectu,
940 2183 78 43 &
972 2183 141 43 lumen
1065 2183 172 43 gloriae
1175 2183 62 43 no

384 2222 122 60 esse
460 2222 107 60 nen
521 2222 122 60 sunt
598 2222 291 60 contradictoria,
842 2222 122 60 quia
919 2222 92 60 in
965 2222 107 60 his
1026 2222 153 60 duabus
1118 2222 122 60 propos

379 2262 184 49 tionibus
516 2262 138 49 aliud
608 2262 230 49 affirmatur,
792 2262 77 49 &
823 2262 138 49 aliud
899 2262 138 49 negatur

455 2299 210 46 Preterea,
617 2299 113 46 pro
681 2299 130 46 ista
762 2299 243 46 conclusione
957 2299 146 46 etiam
1054 2299 178 46 faciunt
1167 2299 65 46 ea

386 2343 112 54 quae
456 2343 112 54 dixi
526 2343 84 54 in
569 2343 155 54 prologo
681 2343 197 54 primilibri
836 2343 155 54 quaest.
948 2343 84 54 2.
990 2343 141 54 artic.
1088 2343 84 54 1.
1117 2343 126 54 conclu-

374 2377 152 52 sione
458 2377 135 52 prima.

416 2417 114 43 Sed
481 2417 163 43 contra
595 2417 147 43 istam
693 2417 261 43 conclusionem
906 2417 131 43 sunt
988 2417 180 43 quidam,
1118 2417 114 43 qui
1167 2417 82 43 di-

386 2459 134 41 cunt,
476 2459 119 41 quod
550 2459 224 41 simpliciter
729 2459 224 41 impossibile
909 2459 119 41 sit,
983 2459 75 41 &
998 2459 239 41 contradictioni

383 2497 209 46 simplicet,
547 2497 209 46 praedictam
712 2497 179 46 visionem
846 2497 149 46 inesse
951 2497 105 46 hum
1011 2497 105 46 ano
1056 2497 194 46 intellectui

384 2536 125 53 sine
462 2536 140 53 lmine
540 2536 156 53 gloriae.

479 2561 119 63 Quia
554 2561 104 63 hoc
613 2561 149 63 posito
717 2561 134 63 visio
806 2561 208 63 supernatur
970 2561 119 63 alis
1045 2561 104 63 non
1104 2561 134 63 esset
1178 2561 60 63 su

389 2617 187 48 pernatur
530 2617 140 48 alis,
623 2617 125 48 quod
701 2617 94 48 de
748 2617 140 48 plano
842 2617 109 48 est
904 2617 249 48 contradictio
1091 2617 156 48 Probatur

385 2660 255 47 consequentia,
595 2660 120 47 quia
670 2660 135 47 omnis
760 2660 120 47 illa
834 2660 135 47 visio
924 2660 105 47 est
984 2660 195 47 naturalis
1119 2660 120 47 homini

392 2692 127 48 quam
472 2692 95 48 ex
519 2692 143 48 puris
615 2692 127 48 suis
694 2692 238 48 naturalibus
885 2692 127 48 homo
964 2692 159 48 potest
1059 2692 175 48 attingeru

387 2736 75 42 &
417 2736 105 42 cui
477 2736 180 42 potentia
612 2736 240 42 intellectiua
807 2736 165 42 hominis
926 2736 90 42 ex
971 2736 135 42 puris
1061 2736 120 42 suis
1121 2736 120 42 naturi

382 2771 152 55 libus,
488 2771 122 55 sine
565 2771 213 55 supernatur
732 2771 107 55 ali
793 2771 228 55 dispositone
976 2771 107 55 est
1022 2771 228 55 proportionata

394 2815 104 52 Sed
454 2815 89 52 si
498 2815 89 52 in
543 2815 149 52 humano
648 2815 209 52 intellectu
812 2815 149 52 fieret
916 2815 119 52 nuda
991 2815 134 52 visio
1080 2815 164 52 diuinae
1184 2815 60 52 es

396 2854 169 47 sentiae
519 2854 123 47 sine
596 2854 154 47 lumine
704 2854 169 47 glorie,
827 2854 123 47 tunc
904 2854 200 47 huiusmodi
1058 2854 185 47 visionem
1181 2854 62 47 ho

400 2894 90 44 mo
445 2894 90 44 ex
490 2894 136 44 puris
581 2894 121 44 suis
656 2894 226 44 naturalibus
837 2894 226 44 attingeret,
1018 2894 75 44 &
1048 2894 181 44 potentia
1169 2894 75 44 eiu

394 2932 219 49 ntellectiua
570 2932 88 49 ex
614 2932 132 49 puris
701 2932 117 49 suis
774 2932 219 49 naturalibus
950 2932 132 49 esset
1037 2932 117 49 tali
1096 2932 146 49 visioni,

395 2970 226 48 portionata:
576 2970 120 48 ergo
651 2970 135 48 talis
741 2970 135 48 visio
832 2970 135 48 esset
922 2970 151 48 homini
1027 2970 211 48 naturalis:
1178 2970 75 48 Sed

398 3015 90 44 ex
443 3015 150 44 altera
548 3015 135 44 parte
639 3015 195 44 huiusmodi
789 3015 135 44 visio
879 3015 105 44 est
939 3015 286 44 supernaturalis,
1165 3015 90 44 quia

394 3049 106 46 cum
454 3049 121 46 ipsa
530 3049 197 46 immediate
682 3049 212 46 attingitur
849 3049 136 46 finis
940 3049 288 46 supernaturalis:
1167 3049 91 46 lgi-

391 3089 104 52 tur
450 3089 133 52 actus
539 3089 193 52 naturalis
688 3089 104 52 non
747 3089 133 52 esset
836 3089 208 52 naturalis,
999 3089 74 52 &
1029 3089 133 52 actus
1103 3089 148 52 superna

1271 238 163 64 turalis
1390 238 104 64 non
1449 238 134 64 esset
1524 238 252 64 supernaturalis.

1292 298 70 45 2
1320 298 181 45 Preterea,
1459 298 125 45 error
1543 298 98 45 est
1599 298 153 45 dicere,
1710 298 112 45 quod
1780 298 84 45 ex
1822 298 125 45 poris
1892 298 153 45 naturalil

1268 333 172 54 possimus
1397 333 172 54 consequi
1525 333 129 54 vitam
1611 333 186 54 aeternam:
1754 333 100 54 Sed
1812 333 172 54 predicta
1940 333 129 54 tisio
2012 333 43 54 e

1279 370 123 50 vita
1355 370 169 50 eterna,
1478 370 123 50 ergo
1540 370 61 50 &c

1311 405 137 57 Maior
1402 405 198 57 probatur,
1554 405 122 57 quia
1630 405 106 57 non
1691 405 152 57 minus:
1797 405 106 57 sed
1858 405 137 57 magis
1934 405 122 57 excedi

1274 450 122 55 vires
1356 450 149 55 hominis
1464 450 176 55 naturales
1600 450 190 55 consecutio
1749 450 122 55 vitae
1830 450 163 55 eternae,
1953 450 95 55 qua
1993 450 68 55 cum

1279 489 151 51 secutio
1389 489 151 51 gratiae
1499 489 220 51 disponentis,
1678 489 69 51 &
1706 489 206 51 preparantis
1871 489 83 51 ad
1912 489 124 51 vitam
1981 489 83 51 aete

1272 525 119 52 nam:
1347 525 104 52 Sed
1406 525 89 52 in
1451 525 104 52 hoc
1510 525 164 52 errauit
1629 525 194 52 Pelagius,
1778 525 119 52 quod
1853 525 134 52 dixit
1927 525 134 52 hominem

1273 574 125 47 posse
1356 574 167 47 consequi
1481 574 153 47 gratiam
1593 574 83 47 ex
1634 574 125 47 puris
1718 574 111 47 suis
1787 574 222 47 naturalibus,
1968 574 83 47 ut
1995 574 56 47 po

1272 613 87 45 tet
1321 613 99 45 lib.
1383 613 74 45 2.
1421 613 112 45 dist.
1495 613 74 45 7.
1532 613 124 45 artic.
1619 613 74 45 3.
1656 613 112 45 Minor
1731 613 112 45 patet
1805 613 74 45 in
1843 613 112 45 loann
1917 613 87 45 vbi
1967 613 87 45 ait
2004 613 62 45 sal

1276 648 145 52 uator,
1378 648 102 52 Hec
1436 648 102 52 est
1495 648 116 52 vita
1567 648 175 52 aeterna,
1698 648 87 52 vt
1742 648 204 52 cognoscant
1902 648 87 52 te
1946 648 116 52 Dum,
2004 648 58 52 &c

1274 685 136 48 tera
1342 685 136 48 ibidem

1343 726 180 46 Preterea,
1481 726 138 46 nullus
1578 726 124 46 actus
1661 726 166 46 elicitus
1786 726 69 46 a
1813 726 111 46 nuda
1883 726 180 46 potentia,
2007 726 83 46 po

1274 772 104 40 test
1339 772 104 40 esse
1404 772 196 40 beatificus,
1561 772 91 40 sed
1613 772 104 40 nuda
1678 772 117 40 visio
1756 772 143 40 diuinae
1860 772 169 40 essentiae
1991 772 91 40 est
2030 772 39 40 a

1264 810 111 52 ctus
1333 810 194 52 beatificus
1485 810 111 52 ergo
1554 810 97 52 non
1610 810 138 52 potest
1707 810 138 52 inesse
1803 810 194 52 potentiae,
1955 810 111 52 nisi
2011 810 55 52 si

1279 843 194 49 disposita
1428 843 104 49 per
1488 843 164 49 habitum
1607 843 164 49 luminis
1711 843 149 49 gloriae.

1312 887 126 44 Maior
1396 887 140 44 patet.
1494 887 112 44 quia
1563 887 126 44 actus
1647 887 182 44 efficitur
1787 887 223 44 delectabilis
1954 887 112 44 median

1273 921 153 48 habitu,
1384 921 97 48 sed
1440 921 125 48 actus
1523 921 195 48 beatificus
1677 921 97 48 non
1732 921 139 48 potest
1830 921 111 48 esse
1899 921 97 48 non
1941 921 125 48 delecta

1266 965 137 48 bilis:
1362 965 109 48 ergo
1430 965 96 48 non
1485 965 137 48 potest
1580 965 123 48 elici
1662 965 68 48 a
1690 965 164 48 potentia
1813 965 109 48 sine
1881 965 150 48 habitu.
1976 965 96 48 Maiol

1276 1003 152 50 habetur
1387 1003 97 50 ex.
1442 1003 83 50 2.
1484 1003 138 50 Ethic.
1581 1003 97 50 vbi
1636 1003 166 50 dicitur,
1761 1003 111 50 quod
1830 1003 138 50 signum
1927 1003 97 50 est
1968 1003 111 50 genera

1265 1038 98 59 ti
1314 1038 179 59 habitus
1444 1038 163 59 habere
1558 1038 277 59 delectationem
1786 1038 98 59 in
1835 1038 163 59 operc.
1949 1038 147 59 Minor
2031 1038 65 59 de

1272 1077 89 54 se
1317 1077 104 54 est
1362 1077 89 54 nota

1358 1118 191 49 Praeterea,
1508 1118 136 49 nullus
1604 1118 123 49 actus
1686 1118 164 49 elicitus
1808 1118 109 49 sine
1876 1118 150 49 habitu,
1972 1118 109 49 potess

1266 1160 109 43 esse
1334 1160 232 43 delectabilis,
1525 1160 109 43 nisi
1593 1160 95 43 sit
1648 1160 204 43 simpliciter
1811 1160 191 43 naturalis,
1961 1160 68 43 &
1975 1160 95 43 quant

1259 1204 96 35 ad
1307 1204 241 35 substantiam
1500 1204 161 35 actus,
1613 1204 80 35 &
1645 1204 177 35 quantum
1773 1204 96 35 ad
1822 1204 145 35 modum
1918 1204 129 35 ergo
1983 1204 96 35 sipr

1265 1242 131 46 dicta
1353 1242 131 46 visio
1440 1242 102 46 est
1499 1242 262 46 communicabilis
1717 1242 146 46 humano
1820 1242 219 46 intellectui
1980 1242 102 46 absou

1269 1277 150 47 habitu,
1378 1277 109 47 tunc
1447 1277 95 47 vel
1501 1277 109 47 erit
1569 1277 123 47 actus
1651 1277 204 47 simpliciter
1814 1277 191 47 naturalis,
1964 1277 95 47 vel
2005 1277 82 47 nul-

1266 1315 95 49 lo
1314 1315 127 49 modo
1393 1315 127 49 erit
1456 1315 238 49 delectabilis.

1344 1351 73 53 P
1374 1351 175 53 reterea,
1505 1351 117 53 Deus
1578 1351 102 53 hum
1636 1351 102 53 ano
1694 1351 219 53 intellectui
1869 1351 102 53 non
1928 1351 146 53 semper
2015 1351 73 53 est

1282 1398 164 42 praesens
1406 1398 96 42 sub
1460 1398 151 42 ratione
1570 1398 164 42 obiecti:
1693 1398 110 42 ergo
1762 1398 96 42 non
1817 1398 137 42 potest
1913 1398 82 42 ei
1954 1398 110 42 esse
2008 1398 69 42 pra

1269 1437 121 41 sens
1344 1437 106 41 per
1405 1437 136 41 modum
1495 1437 181 41 obiecti,
1631 1437 121 41 nisi
1706 1437 181 41 mediante
1842 1437 166 41 habitu:
1962 1437 106 41 sed
2008 1437 75 41 Des

1276 1474 92 48 us
1322 1474 107 48 non
1383 1474 153 48 potest
1490 1474 169 48 causare
1613 1474 92 48 in
1659 1474 215 48 intellectu
1827 1474 153 48 humano
1935 1474 138 48 nudam
2011 1474 77 48 vi-

1267 1512 135 44 sionem
1361 1512 108 44 suae
1428 1512 189 44 essentiae,
1576 1512 108 44 nisi
1644 1512 94 44 sit
1698 1512 162 44 praesens
1819 1512 202 44 intellectui
1981 1512 94 44 per
2021 1512 54 44 mo

1271 1552 107 46 dum
1332 1552 183 46 obiecti,
1469 1552 122 46 ergo
1546 1552 107 46 non
1607 1552 168 46 poterit
1729 1552 168 46 causare
1852 1552 199 46 huiusmodi
1989 1552 92 46 vsio

1265 1591 131 55 nem,
1346 1591 131 55 nisi
1428 1591 196 55 mediante
1575 1591 180 55 habitu.
1706 1591 262 55 Consequentia
1919 1591 180 55 accepta
2033 1591 49 55 i

1273 1635 141 42 maiori
1372 1635 127 42 patet
1456 1635 85 42 ex
1499 1635 113 42 hoc,
1569 1635 113 42 quia
1640 1635 169 42 postquam
1767 1635 113 42 Deus
1837 1635 99 42 non
1894 1635 113 42 fuit
1950 1635 141 42 praesrta

1265 1678 108 45 per
1326 1678 139 45 modum
1419 1678 185 45 obiecti,
1558 1678 123 45 tunc
1635 1678 108 45 non
1696 1678 154 45 potest
1804 1678 139 45 fieri
1897 1678 185 45 praesens
2020 1678 62 45 po

1283 1714 130 48 modum
1369 1714 173 48 obiecti,
1499 1714 115 48 nisi
1571 1714 144 48 aliqua
1672 1714 115 48 fiat
1745 1714 173 48 mutatio,
1874 1714 130 48 talis
1961 1714 130 48 autem
2033 1714 58 48 mi

1275 1759 131 43 tatio
1363 1759 102 43 non
1421 1759 145 43 potest
1522 1759 131 43 fieri
1609 1759 87 43 ex
1653 1759 131 43 parte
1740 1759 116 43 Dei:
1812 1759 116 43 ergo
1885 1759 203 43 necessario
2030 1759 58 43 ho

1276 1789 83 50 ex
1318 1789 125 50 parte
1401 1789 194 50 potentiae,
1554 1789 97 50 cui
1609 1789 194 50 obiicitur,
1762 1789 69 50 &
1790 1789 97 50 per
1845 1789 194 50 conseques,
1984 1789 97 50 sipri

1269 1828 155 46 natura,
1382 1828 113 46 quam
1452 1828 113 46 ipsa
1523 1828 169 46 potentia
1650 1828 155 46 eliciat
1763 1828 127 46 actum
1847 1828 197 46 praedictae
1988 1828 99 46 visio

1275 1874 103 42 nis
1334 1874 146 42 aliqua
1436 1874 103 42 mut
1495 1874 117 42 atio
1568 1874 117 42 fiet
1642 1874 132 42 circa
1729 1874 132 42 ipsam
1817 1874 103 42 per
1876 1874 132 42 nouam
1949 1874 132 42 recepus

1271 1904 119 59 nem
1339 1904 186 59 luminis
1457 1904 153 59 gloriae

1314 1943 143 60 Patet
1409 1943 143 60 etiam
1505 1943 238 60 antecedens,
1696 1943 127 60 quia
1775 1943 95 60 si
1823 1943 127 60 Deus
1902 1943 159 60 semper
1998 1943 95 60 esse

1279 1996 177 44 praesens
1412 1996 221 44 intellectui
1588 1996 103 44 per
1647 1996 133 44 modum
1736 1996 177 44 obiecti,
1868 1996 118 44 tunc
1942 1996 147 44 semper
2030 1996 59 44 mi

1271 2025 146 47 ueret
1368 2025 211 47 potentiam
1530 2025 97 47 ad
1579 2025 113 47 iam
1643 2025 162 47 dictam
1757 2025 211 47 visionem,
1919 2025 81 47 &
1951 2025 113 47 vic
2000 2025 97 47 homo

1268 2064 152 51 semper
1374 2064 167 51 videret
1496 2064 122 51 nude
1572 2064 167 51 diuinam
1693 2064 213 51 essentiam.
1860 2064 137 51 Sicut
1951 2064 122 51 enim
2012 2064 76 51 Den

1274 2106 100 58 non
1331 2106 100 58 est
1388 2106 157 58 presens
1502 2106 86 58 in
1545 2106 157 58 ratione
1659 2106 185 58 principij
1801 2106 214 58 productiui,
1972 2106 100 58 vel
2015 2106 71 58 con

1269 2145 203 55 seruatiui,
1429 2145 116 55 nisi
1502 2145 102 55 pro
1560 2145 116 55 tunc
1632 2145 145 55 quando
1734 2145 145 55 creat,
1836 2145 102 55 vel
1894 2145 203 55 conseruat.
2039 2145 58 55 si

1281 2184 100 46 non
1338 2184 100 46 est
1395 2184 171 46 praesens
1523 2184 86 46 in
1566 2184 157 46 ratione
1680 2184 171 46 obiecti,
1809 2184 114 46 nisi
1880 2184 100 46 pro
1923 2184 171 46 tuncquando

1273 2231 219 42 obiectiue
1441 2231 168 42 mouet.
1559 2231 151 42 Minor
1660 2231 151 42 etiam
1744 2231 118 42 patet

1293 2270 74 46 4
1323 2270 206 46 Praeterea,
1485 2270 103 46 aut
1543 2270 132 46 visio
1632 2270 191 46 praedicta
1779 2270 132 46 habet
1867 2270 221 46 necessariam
2029 2270 59 46 ha

1272 2302 195 51 bitudinem
1422 2302 90 51 ad
1467 2302 135 51 lumen
1557 2302 180 51 gloriae,
1691 2302 105 51 aut
1751 2302 120 51 non.
1826 2302 150 51 Sisie,
1931 2302 120 51 tunc
1991 2302 90 51 habi

1281 2344 105 40 tur
1341 2344 196 40 intentum,
1492 2344 120 40 quia
1567 2344 120 40 tunc
1642 2344 135 40 nullo
1732 2344 120 40 modo
1807 2344 165 40 poterit
1928 2344 120 40 esse
1988 2344 90 40 huio

1275 2381 84 56 di
1317 2381 141 56 vitio,
1416 2381 113 56 nisi
1486 2381 169 56 mediante
1613 2381 113 56 illo
1683 2381 155 56 lumine.
1796 2381 84 56 Si
1838 2381 113 56 non,
1908 2381 113 56 tunc
1964 2381 127 56 huiuima

1272 2422 88 57 di
1316 2422 132 57 visio
1404 2422 103 57 non
1463 2422 205 57 dependeret
1624 2422 73 57 a
1653 2422 161 57 lumine,
1771 2422 132 57 etiam
1859 2422 205 57 supposito,
2005 2422 88 57 qudl

1279 2468 146 47 videns
1382 2468 146 47 habeat
1484 2468 88 47 in
1527 2468 88 47 se
1571 2468 131 47 lumen
1659 2468 161 47 gloriae
1776 2468 131 47 Sicut
1863 2468 117 47 enim
1921 2468 161 47 aedificad

1278 2501 102 52 non
1337 2501 160 52 dicitur
1453 2501 131 52 actus
1541 2501 175 52 musicae,
1672 2501 131 52 dato,
1759 2501 117 52 quod
1832 2501 146 52 musica
1934 2501 102 52 sit
1992 2501 87 52 in
2021 2501 73 52 edm

1277 2547 163 47 catore:
1395 2547 103 47 eo,
1455 2547 118 47 quod
1528 2547 222 47 aedificatio
1706 2547 103 47 non
1765 2547 148 47 habeat
1868 2547 222 47 necessariam
2031 2547 59 47 ha

1286 2576 202 60 bitudinem
1442 2576 93 60 ad
1489 2576 187 60 musicam,
1629 2576 109 60 Sic
1691 2576 171 60 quamuis
1815 2576 140 60 lumen
1908 2576 171 60 gloriae
2017 2576 78 60 inm

1288 2615 144 48 alicui
1389 2615 144 48 beato,
1489 2615 130 48 tamen
1576 2615 130 48 visio
1662 2615 187 48 beatifiea
1807 2615 101 48 non
1864 2615 159 48 dicetur
1980 2615 130 48 actus
2052 2615 43 48 i

1270 2662 127 57 lius
1349 2662 190 57 luminis,
1492 2662 127 57 quod
1572 2662 111 57 est
1635 2662 190 57 absurdum
1762 2662 127 57 dicero

1298 2668 77 83 3
1328 2668 215 83 Praeterea,
1497 2668 230 83 intellectus
1682 2668 108 83 non
1743 2668 154 83 potest
1851 2668 200 83 suscipere
1989 2668 92 83 acus

1272 2745 189 48 naturalis
1418 2745 175 48 obiecti,
1549 2745 233 48 nisirecipiat
1738 2745 131 48 lumen
1826 2745 189 48 naturale,
1971 2745 117 48 ergo
2030 2745 58 48 no

1281 2774 167 59 poterit
1402 2774 183 59 recipere
1539 2774 137 59 actum
1631 2774 274 59 supernaturalis
1859 2774 183 59 obiecti,
1981 2774 106 59 ioted

1283 2812 130 60 piat
1364 2812 147 60 lumen
1446 2812 260 60 supernaturale,

1315 2854 230 55 Antecedens
1496 2854 148 55 patet
1594 2854 197 55 Probatur
1742 2854 263 55 consequentia
1956 2854 132 55 quia
2022 2854 66 55 mi

1278 2894 143 44 norem
1374 2894 255 44 proportionem
1581 2894 143 44 habet
1676 2894 239 44 intellectus
1867 2894 191 44 respectu
1994 2894 96 44 obio

1281 2937 104 58 cti
1341 2937 269 58 supernaturalis
1565 2937 119 58 sine
1639 2937 149 58 lumine
1744 2937 269 58 supernaturali,
1968 2937 119 58 quam
2027 2937 60 58 ro

1282 2972 148 57 spectu
1386 2972 163 57 obiecti
1504 2972 192 57 naturalis
1652 2972 118 57 sine
1726 2972 148 57 lumine
1830 2972 192 57 naturali,
1977 2972 118 57 ergo
2037 2972 44 57 N

1316 3009 105 58 Sed
1376 3009 120 58 ista
1451 3009 105 58 vel
1512 3009 151 58 falsum
1617 3009 211 58 supponunt,
1783 3009 105 58 vel
1843 3009 151 58 saltem
1933 3009 151 58 noncindi

1289 3051 139 65 dunt
1375 3051 278 65 conclusionem
1601 3051 139 65 quam
1688 3051 156 65 eorum
1792 3051 243 65 adductores
1966 3051 121 65 inte

1268 3091 105 62 dunt
