2400 3546
377 271 144 66 Quia
467 271 180 66 corpus
593 271 233 66 includens
772 271 180 66 formam
898 271 287 66 complexionis
1113 271 126 66 huma-

388 315 99 57 nae
444 315 99 57 est
501 315 127 57 valde
586 315 198 57 passibile,
742 315 71 57 &
770 315 85 57 de
812 315 142 57 facili
911 315 198 57 laesibile,
1067 315 71 57 &
1095 315 99 57 per
1138 315 113 57 conse-

388 352 139 63 quens,
485 352 236 63 corruptibile,
679 352 111 63 quia
749 352 139 63 passio
846 352 153 63 laesiua
957 352 153 63 abijcit
1068 352 69 63 a
1082 352 166 63 substantia

387 398 137 53 eius,
478 398 122 53 quod
554 398 167 53 patitur
676 398 198 53 huiusmodi
828 398 198 53 passione,
980 398 106 53 Sed
1040 398 152 53 corpus
1132 398 106 53 homi-

391 436 102 50 nis
450 436 116 50 post
522 436 261 50 resurrectionem
740 436 102 50 est
798 436 276 50 incorruptibile:
1031 436 116 50 ergo
1103 436 102 50 non
1147 436 87 50 habi

384 474 114 51 bit
449 474 163 51 formam
563 474 262 51 complexionis
776 474 196 51 humanae,
923 474 114 51 nec
988 474 114 51 per
1038 474 213 51 consequens,

383 515 171 53 habebit
508 515 187 53 quicquid
648 515 171 53 spectat
773 515 93 53 ad
820 515 202 53 veritatem
975 515 171 53 humanae
1084 515 156 53 naturae,

389 552 115 54 cum
454 552 148 54 forma
553 552 262 54 complexionis
766 552 180 54 humanae
897 552 98 54 ad
946 552 213 54 huiusmodi
1093 552 148 54 verita-

389 594 103 52 tem
448 594 176 52 videatur
580 594 205 52 pertinere.
741 594 132 52 Maior
829 594 147 52 patet,
932 594 117 52 quia
1005 594 161 52 propter
1108 594 132 52 nobili-

390 628 148 55 tatem
488 628 262 55 complexionis
701 628 148 55 inter
799 628 148 55 omnia
898 628 148 55 alia,
996 628 131 55 homo
1062 628 180 55 intensius

381 668 184 55 laeditur
519 668 77 55 a
549 668 215 55 contrario,
718 668 77 55 &
749 668 92 55 in
795 668 138 55 eadem
886 668 153 55 humana
994 668 153 55 specie
1101 668 77 55 a
1116 668 123 55 consi-

396 721 113 37 mili
467 721 184 37 illatione
608 721 184 37 contrarij
750 721 184 37 intensius
892 721 184 37 laeduntur
1033 721 113 37 illi
1104 721 170 37 homines,

397 749 118 59 qui
465 749 168 59 habent
582 749 236 59 nobiliores
768 749 286 59 complexiones.
1003 749 152 59 Minor
1088 749 168 59 patet.i.

393 791 92 45 ad
439 791 122 45 Cor.
515 791 107 45 vbi
576 791 107 45 ait
638 791 214 45 Apostolus,
806 791 168 45 Oportet
929 791 245 45 corruptibile
1128 791 107 45 hoc
1173 791 77 45 in-

381 824 173 71 duerem
502 824 295 71 corruptionem,
745 824 87 71 &
780 824 191 71 mortale
918 824 121 71 hoc
988 824 191 71 induere
1109 824 139 71 immor

372 873 197 47 talitatem.

419 894 182 63 Contra,
552 894 165 63 corpus
667 894 182 63 humanum
799 894 198 63 resurget
948 894 231 63 perfectum:
1130 894 132 63 ergo
1196 894 66 63 re

388 944 148 52 surget
492 944 89 52 in
536 944 148 52 homine
640 944 177 52 quicquid
773 944 104 52 est
832 944 89 52 de
876 944 177 52 veritate
1009 944 118 52 suae
1069 944 177 52 corporalis

383 981 190 52 naturae.
525 981 253 52 Consequentia
731 981 158 52 patet.
841 981 95 52 Et
889 981 221 52 antecedens
1062 981 174 52 habetur
1173 981 79 52 hic

381 1030 87 43 in
425 1030 175 43 littera.
556 1030 102 43 Hic
614 1030 131 43 primo
702 1030 175 43 videndum
833 1030 102 43 est
891 1030 87 43 de
935 1030 204 43 principali
1095 1030 189 43 quaesito.

382 1057 186 53 Secundo
517 1057 102 53 de
568 1057 237 53 damnatorum
754 1057 152 53 loco.
856 1057 169 53 Tertio
974 1057 102 53 de
1025 1057 152 53 eorum
1110 1057 135 53 corpo-

388 1098 118 61 rali
462 1098 206 61 supplicio.
624 1098 191 61 Quartoade
771 1098 221 61 spirituali,
947 1098 118 61 puta
1021 1098 88 61 de
1065 1098 132 61 poena
1138 1098 118 61 ipsins

393 1140 166 69 animae,
513 1140 121 69 quam
589 1140 166 69 patitur
709 1140 90 69 in
739 1140 151 69 inferno.

493 1222 584 75 RESOLVTIO.

388 1299 120 80 Licet
468 1299 80 80 in
508 1299 133 80 homine
601 1299 93 80 die
655 1299 173 80 nonissimo
788 1299 93 80 non
841 1299 120 80 totum
921 1299 133 80 illud,
1015 1299 107 80 quod
1082 1299 80 80 in
1108 1299 147 80 quocumque

433 1367 139 46 tempore
534 1367 101 46 fuit
597 1367 76 46 de
635 1367 151 46 veritate
748 1367 101 46 etus
811 1367 139 46 naturae
912 1367 189 46 covporalis,
1051 1367 202 46 consurrexerit,

427 1408 81 43 Ex
467 1408 148 43 talibus
574 1408 121 43 tamen
655 1408 175 43 partibus,
789 1408 107 43 quae
856 1408 81 43 ad
897 1408 175 43 veritatem
1031 1408 148 43 naturae
1125 1408 121 43 specta.

434 1436 101 61 bant
497 1436 76 61 in
535 1436 101 61 tota
598 1436 139 61 hominis
699 1436 113 61 vita,
775 1436 164 61 resurgent
901 1436 76 61 in
939 1436 76 61 eo
977 1436 101 61 quot
1040 1436 177 61 sufficient
1178 1436 76 61 ad
1204 1436 50 61 in

429 1476 193 60 tegrandam
577 1476 193 60 perfectam
726 1476 119 60 eius
800 1476 193 60 staturam,
948 1476 74 60 &
977 1476 178 60 figuram,
1111 1476 119 60 quam
1170 1476 89 60 apta

427 1520 113 62 nata
497 1520 99 62 est
554 1520 141 62 natura
653 1520 141 62 humana
751 1520 197 62 pertingere
906 1520 127 62 circa
977 1520 282 62 strigesimumtertium

432 1552 149 75 annum,
536 1552 149 75 semoto
641 1552 119 75 omni
715 1552 149 75 errore
820 1552 75 75 &
834 1552 209 75 impedimento.

455 1615 685 82 ARTICVLVSI.

412 1733 153 57 Vtrum
514 1733 102 57 in
565 1733 119 57 die
633 1733 221 57 nonussimo
803 1733 153 57 totum
904 1733 204 57 vesurget
1057 1733 102 57 in
1091 1733 153 57 homine,

544 1778 132 74 quod
627 1778 116 74 est
693 1778 99 74 de
743 1778 199 74 veritate
892 1778 132 74 eius
958 1778 149 74 naturae

708 1828 212 71 corporalis.

401 1920 211 71 SVANTVM
554 1920 115 71 ad
612 1920 192 71 primum
746 1920 250 71 articulum
939 1920 134 71 est
996 1920 269 71 aduertendum,

419 1964 96 50 A
467 1964 128 50 quod
547 1964 192 50 quaestio
692 1964 128 50 vnum
772 1964 192 50 quaerit,
916 1964 80 50 &
948 1964 144 50 aliud
1028 1964 225 50 praesupponit

394 2003 256 46 Praesupponit
602 2003 128 46 enm,
682 2003 128 46 quod
762 2003 144 46 totum
857 2003 192 46 resurgat
1001 2003 96 46 in
1049 2003 176 46 homine,
1161 2003 96 46 quod

404 2048 98 42 est
460 2048 84 42 de
502 2048 169 42 veritate
629 2048 113 42 suae
699 2048 211 42 spiritualis
868 2048 169 42 naturae;
995 2048 70 42 &
1023 2048 98 42 hoc
1065 2048 197 42 rationabili-

403 2084 123 43 ter,
480 2084 123 43 quia
557 2084 123 43 ipse
634 2084 123 43 homo
711 2084 185 43 resurget
849 2084 108 43 cum
911 2084 123 43 tota
988 2084 139 43 anima
1065 2084 200 43 intellecti-

398 2121 120 47 ua,
467 2121 189 47 quantum
604 2121 103 47 ad
656 2121 137 47 suam
741 2121 241 47 essentiam,
931 2121 86 47 &
965 2121 189 47 quantum
1102 2121 103 47 ad
1137 2121 120 47 omnes

395 2160 125 45 suas
474 2160 203 45 potentias
630 2160 250 45 spirituales,
834 2160 94 45 ex
880 2160 156 45 quibus
990 2160 219 45 componitur
1146 2160 110 45 homo,

408 2201 86 44 in
451 2201 158 44 quantum
566 2201 158 44 dicitur
681 2201 115 44 esse
753 2201 158 44 naturae
868 2201 230 44 spiritualis.
1055 2201 187 44 Quaeritur
1184 2201 72 44 au-

403 2237 122 46 tem,
479 2237 138 46 vtrum
571 2237 184 46 resurgat
709 2237 92 46 in
755 2237 153 46 homine
862 2237 153 46 totum,
969 2237 122 46 quod
1046 2237 107 46 est
1107 2237 92 46 de
1138 2237 122 46 verita

408 2273 88 49 te
452 2273 117 49 suae
525 2273 205 49 corporalis
686 2273 176 49 naturae.
818 2273 88 49 Et
862 2273 102 49 quo
920 2273 88 49 ad
964 2273 117 49 hoc,
1038 2273 102 49 pro
1081 2273 176 49 terminorum

397 2318 175 43 notitia,
529 2318 131 43 primo
616 2318 175 43 videndum
748 2318 117 43 est,
821 2318 117 43 quid
894 2318 190 43 intelligi
1040 2318 146 43 debeat
1142 2318 102 43 per
1186 2318 73 43 il-

402 2351 119 49 lud,
477 2351 119 49 quod
551 2351 179 49 dicitur,
685 2351 194 49 pertinere
834 2351 89 49 ad
879 2351 194 49 veritatem
1028 2351 209 49 corporalis
1177 2351 89 49 natu

399 2390 111 59 rae
462 2390 95 59 in
510 2390 127 59 ipso
589 2390 174 59 homine.
715 2390 79 59 4
747 2390 95 59 Et
795 2390 158 59 deinde
905 2390 127 59 sunt
984 2390 127 59 duae
1048 2390 221 59 conclusiones

379 2431 196 55 ponendae.

456 2463 110 58 quo
519 2463 94 58 ad
566 2463 172 58 primum,
692 2463 125 58 dico
770 2463 110 58 cum
833 2463 235 58 philosopho.
1021 2463 94 58 2.
1068 2463 157 58 metha.
1162 2463 94 58 quod

394 2502 223 55 vnumquodque
573 2502 134 55 sicut
662 2502 89 55 se
707 2502 134 55 habet
796 2502 89 55 ad
840 2502 134 55 esse,
930 2502 104 55 sic
989 2502 89 55 se
1034 2502 134 55 habet
1123 2502 89 55 ad
1153 2502 104 55 veri-

400 2550 144 46 tatem,
500 2550 72 46 &
529 2550 101 46 per
587 2550 216 46 consequens,
760 2550 130 46 sicut
846 2550 158 46 aliquid
961 2550 173 46 pertinet
1091 2550 86 46 ad
1134 2550 115 46 esse
1192 2550 72 46 ali

393 2588 135 41 cuius
483 2588 180 41 naturae,
618 2588 105 41 sic
678 2588 180 41 pertinet
813 2588 90 41 ad
858 2588 195 41 veritatem
1008 2588 165 41 eiusdem
1113 2588 150 41 naturae.

404 2626 89 50 Ad
449 2626 119 50 esse
523 2626 133 50 autem
612 2626 148 50 humani
715 2626 178 50 corporis
849 2626 178 50 spectant
982 2626 133 50 ossa,
1071 2626 148 50 nerui,
1160 2626 104 50 caro,

393 2666 179 49 sanguis,
528 2666 75 49 &
557 2666 149 49 multae
662 2666 135 49 aliae
752 2666 164 49 partes,
871 2666 105 49 sen
931 2666 164 49 membra,
1051 2666 149 49 quibus
1155 2666 105 49 tam
1200 2666 60 49 in

397 2713 215 36 trinsecus,
565 2713 123 36 quam
642 2713 245 36 extrinsecus,
841 2713 153 36 corpus
948 2713 169 36 humanum
1056 2713 199 36 perficitur.

395 2742 74 49 &
425 2742 206 49 completur:
587 2742 147 49 igitur
690 2742 118 49 ista
764 2742 133 49 eadem
852 2742 88 49 ad
896 2742 192 49 veritatem
1044 2742 206 49 eorporalis
1191 2742 74 49 na-

410 2777 146 45 turae
507 2777 97 45 in
556 2777 162 45 homine
669 2777 195 45 videntur
815 2777 227 45 pertinere.
993 2777 113 45 Cum
1058 2777 162 45 igitur
1156 2777 113 45 forma

410 2820 96 46 det
465 2820 123 46 esse:
547 2820 137 46 igitur
643 2820 178 46 quaelibet
780 2820 110 46 pars
848 2820 164 46 formalis
972 2820 151 46 carnis,
1081 2820 110 46 quae
1149 2820 110 46 est.
1204 2820 55 46 in

402 2862 172 42 homine,
527 2862 188 42 pertinet
668 2862 94 42 ad
715 2862 203 42 veritatem
871 2862 172 42 humanae
996 2862 188 42 naturae,
1121 2862 141 42 quamuis

412 2901 107 44 non
473 2901 199 44 quaelibet
626 2901 123 44 pars
703 2901 153 44 carnis
810 2901 230 44 materialis.
994 2901 92 44 Et
1040 2901 138 44 eodem
1132 2901 123 44 modo
1194 2901 61 44 di

421 2942 159 39 artibus
536 2942 144 39 ossis,
637 2942 72 39 &
666 2942 144 39 nerui,
767 2942 72 39 &
796 2942 202 39 cuiuslibet
955 2942 173 39 alterius
1084 2942 159 39 trotius
1185 2942 87 39 homo

401 2981 159 47 genei,
513 2981 96 47 ad
560 2981 255 47 perfectionem
767 2981 191 47 corporis
911 2981 159 47 humani
1022 2981 239 47 spectantis,
1197 2981 80 47 est

383 3018 207 50 dicendum.

443 3053 175 51 Partem
566 3053 158 51 autem
671 3053 210 51 formaiem
829 3053 175 51 totius
952 3053 228 51 homogenei
1109 3053 158 51 appello

404 3093 139 68 illam,
501 3093 111 68 quae
571 3093 125 68 talis
654 3093 111 68 est,
723 3093 69 68 &
751 3093 139 68 tanta,
848 3093 111 68 quod
918 3093 83 68 si
960 3093 208 68 separaretur
1126 3093 69 68 a
1154 3093 97 68 suo
1196 3093 69 68 to

1271 257 102 60 to,
1330 257 132 60 adhuc
1418 257 190 60 remaneret
1564 257 88 60 in
1608 257 146 60 specie
1710 257 102 60 sui
1769 257 161 60 totius,
1886 257 102 60 vel
1944 257 190 60 retineret
2076 257 73 60 no-

1277 303 109 51 men
1340 303 172 51 totius.
1465 303 109 51 Est
1527 303 125 51 enim
1605 303 125 51 pars
1683 303 156 51 catnis
1793 303 187 51 secundum
1933 303 172 51 formam,
2042 303 94 51 quae

1278 348 181 52 separata
1414 348 76 52 a
1444 348 136 52 toto,
1535 348 136 52 manet
1626 348 121 52 vera
1686 348 106 52 caro.

1313 378 159 62 Partem
1424 378 127 62 vero
1504 378 222 62 materialem
1678 378 127 62 dico
1758 378 111 62 per
1821 378 222 62 oppositum,
1996 378 127 62 quae
2060 378 79 62 ita

1277 417 104 53 est
1337 417 223 53 imperfecta,
1515 417 74 53 &
1545 417 194 53 diminuta,
1694 417 119 53 quod
1769 417 89 53 si
1813 417 238 53 separaretur;
2007 417 104 53 nec
2052 417 89 53 spe-

1276 455 128 60 cies,
1361 455 99 60 nec
1418 455 128 60 nomen
1503 455 99 60 sui
1560 455 156 60 totius,
1673 455 85 60 in
1716 455 85 60 ea
1759 455 213 60 saluaretur:
1929 455 99 60 eo,
1986 455 114 60 quod
2043 455 99 60 resol

1287 496 151 53 eretur
1393 496 91 53 in
1438 496 196 53 materiam,
1589 496 106 53 vel
1649 496 91 53 in
1694 496 226 53 circumstans
1875 496 166 53 corpus.
1996 496 91 53 Et
2026 496 106 53 diui-

1271 544 105 46 sio
1331 544 135 46 ista.
1421 544 120 46 sede
1496 544 135 46 carne
1586 544 180 46 secundum
1720 544 165 46 formam,
1840 544 75 46 &
1870 544 90 46 de
1915 544 135 46 carne
1990 544 135 46 secundi

1279 583 195 50 materiam,
1429 583 150 50 potest
1534 583 150 50 haberi
1639 583 90 50 ex
1684 583 150 50 dictis
1788 583 225 50 philosophi.
1968 583 90 50 1.
1998 583 150 50 degenera

1272 625 108 50 His
1333 625 232 50 praemissis,
1519 625 124 50 pono
1597 625 124 50 duas
1659 625 232 50 conclusiones.

1318 665 138 47 Prima
1410 665 123 47 est,
1487 665 123 47 quod
1563 665 92 47 in
1609 665 154 47 homine
1717 665 230 47 resurgente,
1901 665 108 47 non
1963 665 184 47 resurgit
2086 665 61 47 to

1274 698 109 57 tum
1337 698 156 57 illud,
1446 698 125 57 quod
1525 698 203 57 quocumque
1681 698 172 57 tempore
1806 698 125 57 fuit
1884 698 94 57 de
1931 698 188 57 veritate
2056 698 94 57 suae

1281 745 243 46 corporalis
1454 745 156 46 nature.

1316 777 124 51 Quia
1393 777 139 51 illud
1485 777 108 51 non
1547 777 185 51 resurget
1686 777 93 51 in
1733 777 170 51 homine,
1856 777 124 51 quod
1933 777 154 51 corpus
2026 777 108 51 resus

1276 817 157 52 gentis
1386 817 173 52 faceret
1512 817 157 52 humani
1622 817 189 52 corporis
1764 817 189 52 mensuram
1905 817 204 52 excedere:
2062 817 110 52 Sed

1281 860 93 45 si
1327 860 139 45 totum
1420 860 155 45 illud,
1528 860 124 45 quod
1605 860 108 45 pro
1667 860 201 45 quocumque
1822 860 170 45 tempore
1945 860 124 45 fuit
2023 860 93 45 de
2054 860 77 45 ve-

1281 896 148 50 ritate
1385 896 207 50 corporalis
1547 896 177 50 naturae,
1680 896 207 50 resurgeret
1842 896 89 50 in
1886 896 162 50 homine,
2004 896 118 50 tunc
2063 896 74 50 mul

1281 941 148 44 torum
1379 941 181 44 hominum
1511 941 181 44 corpora
1643 941 165 44 essent
1758 941 148 44 valde
1857 941 247 44 immoderata:
2038 941 99 44 ergo

1277 978 111 42 &c.
1341 978 143 42 Maior
1436 978 175 42 patebit
1564 978 96 42 ex
1612 978 191 42 dicendis
1755 978 96 42 in
1803 978 191 42 sequenti
1930 978 223 42 conclusione.

1274 1015 135 48 Etiam
1364 1015 135 48 minor
1454 1015 135 48 patet
1544 1015 90 48 ex
1589 1015 150 48 dictis
1694 1015 90 48 in
1738 1015 195 48 praedicti
1888 1015 165 48 termini
1993 1015 150 48 declara-

1282 1063 144 39 tione.
1382 1063 100 39 Nam
1440 1063 86 39 si
1483 1063 187 39 quaelibet
1626 1063 115 39 pars
1698 1063 144 39 carnis
1798 1063 172 39 humanae,
1928 1063 86 39 in
1971 1063 100 39 qua
2014 1063 129 39 saluari

1298 1092 134 53 otest
1387 1092 178 53 species,
1521 1092 74 53 &
1550 1092 134 53 nomen
1639 1092 148 53 carnis
1743 1092 163 53 spectat
1862 1092 89 53 ad
1907 1092 193 53 veritatem
2040 1092 104 53 huma-

1275 1132 102 50 nae
1334 1132 175 50 naturae,
1465 1132 131 50 sicut
1553 1132 205 50 praedictum
1714 1132 117 50 est,
1787 1132 117 50 tunc
1860 1132 117 50 quia
1933 1132 117 50 idem
2006 1132 131 50 homo,
2079 1132 73 50 qui

1282 1165 116 56 nunc
1355 1165 102 56 est
1413 1165 131 56 valde
1500 1165 174 56 pinguis,
1631 1165 145 56 potest
1732 1165 131 56 fieri
1819 1165 145 56 macer,
1921 1165 73 56 &
1950 1165 145 56 postea
2037 1165 116 56 iterum

1289 1210 179 52 pinguis,
1423 1210 75 52 &
1453 1210 105 52 hoc
1513 1210 179 52 saepius,
1647 1210 119 52 quia
1722 1210 119 52 quod
1797 1210 209 52 deperditur
1961 1210 90 52 de
1991 1210 149 52 huiusmo-

1287 1248 90 52 di
1332 1248 224 52 pinguedine,
1512 1248 150 52 potest
1616 1248 210 52 restaurari
1781 1248 165 52 virtute
1901 1248 224 52 vegetatiua,
2065 1248 90 52 quae

1278 1295 216 45 alimentum
1445 1295 216 45 conuertit
1611 1295 100 45 in
1661 1295 150 45 veram
1761 1295 166 45 carnem
1877 1295 200 45 humanam,
2010 1295 133 45 igitur

1284 1331 84 41 si
1326 1331 113 41 tota
1396 1331 113 41 illa
1467 1331 113 41 caro
1537 1331 141 41 toties
1636 1331 211 41 restaurata,
1804 1331 127 41 simul
1889 1331 197 41 resurgeret
2044 1331 84 41 in
2072 1331 70 41 eo-

1285 1368 114 51 dem
1350 1368 179 51 homine,
1480 1368 163 51 patet,
1594 1368 130 51 quod
1675 1368 130 51 eius
1757 1368 163 51 corpus
1870 1368 212 51 excederet
2017 1368 130 51 immode

1292 1407 120 49 ate
1360 1407 205 49 mensuram
1514 1407 171 49 humani
1617 1407 188 49 corporis.

1309 1448 111 48 Sed
1373 1448 159 48 contra
1484 1448 207 48 praedicta
1643 1448 127 48 sunt
1723 1448 127 48 duae
1803 1448 223 48 opiniones;
1978 1448 159 48 Quarum
2073 1448 96 48 pri-

1292 1485 89 50 ma
1337 1485 149 50 negat,
1441 1485 119 50 quod
1515 1485 193 50 quaelibet
1664 1485 119 50 pars
1739 1485 149 50 carnis
1843 1485 89 50 in
1887 1485 164 50 homine,
2006 1485 74 50 i
2036 1485 104 50 qua
2081 1485 89 50 sal-

1294 1525 131 48 uatur
1382 1525 131 48 speci
1469 1525 87 48 es
1513 1525 160 48 carnis,
1630 1525 102 48 sit
1688 1525 87 48 de
1732 1525 175 48 veritate
1863 1525 160 48 humanae
1980 1525 175 48 naturae.
2096 1525 73 48 Po-

1296 1563 125 56 nunt
1374 1563 125 56 enim
1452 1563 140 56 solum
1546 1563 156 56 illud,
1655 1563 125 56 quod
1733 1563 93 56 in
1779 1563 156 56 primis
1889 1563 218 56 parentibus
2060 1563 78 56 a
2076 1563 93 56 Deo.

1283 1603 175 43 formatum
1415 1603 117 43 est,
1488 1603 117 43 esse
1561 1603 88 43 de
1605 1603 175 43 veritate
1736 1603 161 43 humanae
1853 1603 175 43 naturae,
1984 1603 73 43 &
2014 1603 131 43 nihil
2087 1603 58 43 de

1280 1644 119 44 his,
1354 1644 119 44 quae
1429 1644 223 44 extrinsecus
1607 1644 208 44 adueniunt,
1771 1644 149 44 dicunt
1875 1644 193 44 pertinere
2023 1644 89 44 ad
2053 1644 104 44 veri-

1293 1683 137 46 tatem
1384 1683 167 46 humanae
1506 1683 183 46 naturae,
1643 1683 122 46 siue
1719 1683 137 46 illud
1810 1683 183 46 adueniat
1947 1683 107 46 per
1993 1683 152 46 virtutem

1289 1721 261 51 generatiuam,
1500 1721 130 51 quod
1582 1721 81 51 a
1614 1721 179 51 medicis
1745 1721 228 51 appellatur
1924 1721 179 51 humidum
2038 1721 114 51 radi-

1287 1767 137 43 cale;
1378 1767 122 43 siue
1455 1767 107 43 per
1516 1767 183 43 virtutem
1653 1767 229 43 nutritiuam,
1836 1767 137 43 sicut
1927 1767 168 43 humidum
2034 1767 122 43 nutri-

1294 1803 192 49 mentale,
1438 1803 112 49 quo
1502 1803 144 49 ipsum
1598 1803 176 49 genitum
1726 1803 256 49 augmentatur,
1933 1803 80 49 &
1965 1803 96 49 in
2013 1803 128 49 ipso
2077 1803 80 49 de-

1310 1844 161 47 erditum
1428 1844 234 47 restauratur.
1618 1844 88 47 Et
1662 1844 146 47 istius
1764 1844 190 47 opinionis
1911 1844 146 47 fautor
1999 1844 161 47 principa-

1298 1874 82 54 is
1339 1874 96 54 est
1394 1874 164 54 magister
1517 1874 232 54 sententiarum,
1708 1874 82 54 vt
1749 1874 150 54 apparet
1858 1874 109 54 lib.
1926 1874 82 54 2.
1967 1874 164 54 distinct
2090 1874 96 54 ao

1301 1919 90 51 t.
1346 1919 151 51 penult
1451 1919 105 51 vbi
1512 1919 105 51 sic
1572 1919 120 51 ait,
1647 1919 211 51 Transtulit
1813 1919 120 51 enim
1888 1919 120 51 Adam
1963 1919 166 51 modicum
2069 1919 90 51 quid

1302 1957 89 51 le
1347 1957 208 51 substantia
1510 1957 104 51 sua
1569 1957 89 51 in
1613 1957 163 51 corpora
1732 1957 193 51 filiorum,
1880 1957 148 51 quando
1984 1957 104 51 eos
2029 1957 133 51 procrea

1295 1996 113 41 uit,
1366 1996 85 41 id
1408 1996 113 41 est,
1479 1996 156 41 aliquid
1593 1996 156 41 modicum
1706 1996 85 41 de
1749 1996 128 41 massa
1834 1996 213 41 substantiae
2004 1996 113 41 eius
2061 1996 99 41 diui-

1293 2036 103 53 sum
1352 2036 118 53 est,
1426 2036 74 53 &
1455 2036 118 53 inde
1529 2036 177 53 formatum
1661 2036 103 53 est
1720 2036 147 53 corpus
1823 2036 147 53 filij,
1926 2036 147 53 suique
2015 2036 147 53 multipli

1289 2075 162 43 catione
1407 2075 118 43 sine
1481 2075 103 43 rei
1540 2075 206 43 extrinsece
1702 2075 206 43 adiectione
1864 2075 147 43 auctum
1967 2075 118 43 est:
2041 2075 74 43 &
2071 2075 88 43 de
2100 2075 59 43 il

1301 2114 79 52 o
1333 2114 158 52 quidem
1443 2114 221 52 augmentato
1617 2114 174 52 aliquid
1743 2114 126 52 inde
1822 2114 221 52 separatur,
1996 2114 126 52 vnde
2059 2114 95 52 for-

1292 2155 159 41 mantur
1404 2155 223 41 posterorum
1579 2155 191 41 corpora,
1723 2155 80 41 &
1754 2155 112 41 ita
1818 2155 239 41 progreditur
1994 2155 159 41 procrea-

1291 2192 164 49 tionis
1406 2192 132 49 ordo
1488 2192 132 49 lege
1570 2192 280 49 propagationis
1800 2192 148 49 vsque
1899 2192 99 49 ad
1948 2192 148 49 finem
2030 2192 132 49 humani

1292 2234 192 45 generis.
1436 2234 96 45 Et
1484 2234 144 45 istam
1580 2234 208 45 opinionem
1739 2234 160 45 probat
1851 2234 192 45 Magister
1995 2234 144 45 eadem
2075 2234 80 45 di-

1305 2277 186 43 tinctione.
1451 2277 66 43 c
1477 2277 120 43 vlti,
1544 2277 186 43 tripliciter.

1317 2307 75 50 1
1347 2307 135 50 Primo
1437 2307 226 50 auctoritate
1618 2307 226 50 saluatoris,
1798 2307 180 50 dicentis
1933 2307 90 50 in
1979 2307 211 50 euangelio,

1299 2355 149 46 Onine,
1403 2355 119 46 quod
1478 2355 89 46 in
1522 2355 89 46 os
1567 2355 164 46 intrat,
1686 2355 89 46 in
1731 2355 164 46 ventrem
1850 2355 149 46 vadit,
1954 2355 74 46 &
1983 2355 89 46 in
2013 2355 149 46 secessum

1288 2391 154 51 tertitur.

1300 2436 81 40 2
1332 2436 195 40 Secundo,
1478 2436 195 40 ratione:
1624 2436 130 40 quia
1705 2436 146 40 puer,
1802 2436 113 40 qui
1867 2436 162 40 statim
1981 2436 130 40 post
2046 2436 113 40 ortum

1296 2469 176 53 moritur,
1429 2469 88 53 in
1473 2469 118 53 illa
1546 2469 162 53 statura
1664 2469 191 53 resurget,
1810 2469 118 53 quam
1884 2469 191 53 habiturus
2031 2469 132 53 erat,
2104 2469 59 53 si

1305 2512 148 47 iueret
1409 2512 133 47 vsque
1497 2512 89 47 ad
1542 2512 162 47 aetatem
1660 2512 177 47 triginta
1793 2512 177 47 annorum,
1926 2512 133 47 nullo
2014 2512 133 47 vitio
2088 2512 74 47 cor

1303 2547 130 42 poris
1389 2547 203 42 impeditus.
1548 2547 116 42 Vnde
1621 2547 116 42 ergo
1693 2547 116 42 illa
1765 2547 217 42 substantia,
1939 2547 116 42 quae
2011 2547 116 42 adeo
2069 2547 87 42 par-

1300 2586 86 49 ua
1343 2586 115 49 fuit
1414 2586 158 49 mortua,
1529 2586 86 49 in
1572 2586 244 49 resurrectione
1773 2586 100 49 tam
1830 2586 129 49 magna
1916 2586 186 49 eritinisi
2060 2586 100 49 sui
2103 2586 57 49 in

1294 2625 89 51 se
1324 2625 268 51 multiplicatione.

1302 2665 90 49 3
1338 2665 217 49 Probando
1501 2665 127 49 hoc
1573 2665 145 49 idem
1664 2665 217 49 exemplo,
1826 2665 181 49 subdit
1935 2665 217 49 immediate,

1312 2704 107 52 ost
1373 2704 137 52 verba
1464 2704 198 52 praedicta
1617 2704 168 52 dicens.
1739 2704 122 52 Vnde
1815 2704 183 52 apporet,
1952 2704 122 52 quod
2029 2704 137 52 etiam
2105 2704 61 52 si

1299 2741 170 61 viueret,
1427 2741 99 61 non
1483 2741 170 61 aliunde,
1611 2741 99 61 sed
1668 2741 85 61 in
1711 2741 85 61 se
1753 2741 213 61 augmentatur
1924 2741 114 61 illa
1980 2741 185 61 substantia,

1300 2783 122 40 sicut
1382 2783 135 40 costa,
1476 2783 81 40 de
1517 2783 162 40 quafacta
1639 2783 95 40 est
1693 2783 149 40 mulier,
1801 2783 68 40 &
1828 2783 122 40 sicut
1909 2783 122 40 panes
1990 2783 203 40 euangelici

1314 2823 74 48 4
1344 2823 133 48 Istam
1432 2823 162 48 opimone
1551 2823 118 48 etam
1624 2823 148 48 quidam
1728 2823 118 48 alij
1802 2823 162 48 probant
1920 2823 118 48 sic.
1994 2823 89 48 Si
2023 2823 133 48 aliquid

1292 2864 90 39 ab
1337 2864 209 39 extrinseco
1501 2864 254 39 superueniens,
1711 2864 149 39 posset
1815 2864 179 39 conuerti
1950 2864 90 39 in
1995 2864 179 39 veritate
2114 2864 60 39 hu

1293 2901 137 44 manae
1384 2901 183 44 naturae,
1522 2901 122 44 tunc
1598 2901 183 44 quilibet
1735 2901 122 44 homo
1811 2901 137 44 esset
1888 2901 275 44 incorruptibilis;

1296 2935 182 49 Falsitas
1432 2935 243 49 consequentis
1630 2935 106 49 per
1690 2935 228 49 quotidianam
1873 2935 243 49 experientiam
2055 2935 106 49 mani-

1300 2981 130 52 fesse
1386 2981 173 52 apparet,
1516 2981 87 52 ac
1559 2981 101 52 per
1617 2981 245 52 philosophiam,
1819 2981 101 52 nec
1877 2981 101 52 non
1934 2981 101 52 per
1992 2981 144 52 sacram
2078 2981 87 52 seri

1304 3021 181 45 pturam,.
1440 3021 241 45 Conscquentia
1636 3021 196 45 probatur,
1786 3021 121 45 quia
1862 3021 106 45 per
1922 3021 136 45 talem
1997 3021 166 45 continuam

1303 3058 229 42 conuersionem
1489 3058 143 42 semper
1589 3058 200 42 deperditum
1746 3058 143 42 posset
1846 3058 215 42 restaurari;
2018 3058 72 42 &
2047 3058 100 42 sic
2089 3058 72 42 nu-

1302 3098 119 65 quam
1377 3098 239 65 consumcretur
1571 3098 149 65 illud,
1675 3098 119 65 quod
1750 3098 105 65 est
1810 3098 90 65 de
1854 3098 179 65 veritate
1989 3098 164 65 humanae
2093 3098 60 65 na
