2418 3543
287 265 102 67 Ad
338 265 254 67 probationem
541 265 220 67 dicendum,
710 265 135 67 quod
795 265 119 67 vir
863 265 119 67 est
931 265 152 67 caput
1015 265 85 67 mu-

244 320 172 49 lieris
364 320 120 49 per
433 320 154 49 modum
536 320 292 49 gubernatoris,
776 320 120 49 non
845 320 120 49 per
913 320 154 49 modum
999 320 103 49 iudi

247 365 127 41 cis,.
332 365 183 41 Conclulio
473 365 141 41 quarta
571 365 113 41 est,
642 365 113 41 quod
712 365 127 41 facto
797 365 169 41 diuortio
924 365 127 41 inter
994 365 99 41 conit

237 396 120 59 ges,
312 396 150 59 neuter
417 396 150 59 eorum,
523 396 165 59 viuente
643 396 165 59 altero,
763 396 150 59 potest
868 396 105 59 cum
929 396 120 59 alia
989 396 105 59 perso

240 446 99 41 na
289 446 99 41 de
338 446 132 41 nouo
421 446 231 41 contrahere
602 446 264 41 matrimonium,
816 446 132 41 quia
898 446 181 41 quamuis
1014 446 82 41 sen

243 478 150 46 tentia
348 478 180 46 diuortii
483 478 90 46 se
528 478 180 46 extendat
663 478 90 46 ad
709 478 240 46 separationem
904 478 135 46 tori,
994 478 75 46 &
1009 478 90 46 habi

239 520 207 45 rationis,
398 520 143 45 tamen
494 520 111 45 non
557 520 191 45 extendit
700 520 95 45 se
748 520 95 45 ad
796 520 270 45 dissolutionem
1003 520 95 45 vmcu

238 559 94 55 li
285 559 281 55 matrimonialis,
519 559 141 55 cuius
613 559 172 55 vinculi
738 559 172 55 ligamen
863 559 187 55 prohibet
988 559 109 55 nouum

241 606 261 41 matrimonium
450 606 296 41 contrahendum,
693 606 87 41 &
728 606 192 41 dirimit
868 606 105 41 de
920 606 139 41 nouo
990 606 105 41 con-

244 638 180 42 tractum:
379 638 105 42 Est
439 638 120 42 enim
514 638 135 42 istud
604 638 165 42 ligamen
724 638 120 42 vnum
799 638 90 42 de
844 638 150 42 illis.
949 638 105 42 12.
994 638 105 42 impe-

241 677 176 55 dimentis
373 677 176 55 superius
505 677 205 55 enumeratis
666 677 146 55 distin
768 677 73 55 :
797 677 88 55 2.
841 677 146 55 Istius
929 677 161 55 conclusio

242 719 97 51 nis
297 719 152 51 veritas
408 719 152 51 habetur
519 719 97 51 17.
574 719 111 51 q.2.
643 719 83 51 c.
684 719 180 51 Agathosa.
822 719 83 51 Et
864 719 111 51 ista
933 719 97 51 est
974 719 111 51 senter

241 759 107 46 tia
302 759 138 46 beati
394 759 123 46 Aug.
471 759 92 46 in
517 759 107 46 lib
578 759 92 46 de
624 759 123 46 bono
700 759 215 46 coniugali,
869 759 107 46 vbi
930 759 123 46 ait,
992 759 107 46 Manet

226 800 148 53 inter
324 800 197 53 viuentes
472 800 197 53 coniuges
620 800 214 53 coniugale
785 800 214 53 vinculum,
949 800 132 53 quod
1015 800 82 53 nec

222 834 215 47 separatio,
391 834 108 47 nec
452 834 108 47 cum
514 834 123 47 alio
591 834 215 47 coniunctio
760 834 154 47 potest
852 834 154 47 auferre,

279 878 136 49 Forte
370 878 181 49 dicetur,
505 878 181 49 Saluator
641 878 121 49 ait,
717 878 106 49 Qui
777 878 196 49 dimiserit
913 878 136 49 vxorem,

234 917 141 39 aliam
329 917 189 39 duxerit,
470 917 173 39 excepta
596 917 141 39 causa
690 917 267 39 forncationis,
895 917 141 39 mechatu

239 951 109 43 Cum
302 951 156 43 igitur
411 951 187 43 exceptio
552 951 141 43 facta
645 951 109 43 per
708 951 219 43 saluatorem
879 951 109 43 non
942 951 156 43 possit
1036 951 62 43 es

234 992 90 49 se
279 992 179 49 iniusta,
413 992 119 49 ergo
488 992 105 49 qui
548 992 179 49 dimittit
682 992 149 49 vxorem
786 992 134 49 causa
861 992 224 49 fornicationis

224 1036 79 51 &
256 1036 141 51 ducit
350 1036 157 51 aliam,
460 1036 126 51 ille
538 1036 110 51 non
601 1036 204 51 mechatur,
758 1036 79 51 &
790 1036 110 51 per
852 1036 220 51 consequens
1009 1036 79 51 cum

230 1073 133 51 illa
313 1073 183 51 secunda
446 1073 150 51 verum
546 1073 183 51 videtur
679 1073 133 51 here
745 1073 233 51 matrimonium.

249 1113 81 45 2
281 1113 228 45 Praeterea,
460 1113 211 45 quicumque
623 1113 114 45 non
688 1113 179 45 tenetur
818 1113 98 45 ad
850 1113 244 45 continentiam,

232 1149 200 53 illelicite
389 1149 143 53 potest
488 1149 143 53 vxorem
588 1149 185 53 accipere:
731 1149 100 53 sed
788 1149 114 53 vir,
859 1149 100 53 qui
916 1149 157 53 dimisit
1016 1149 71 53 vxo

231 1191 111 44 rem
295 1191 143 44 causa
390 1191 285 44 fornicationis,
627 1191 111 44 non
691 1191 174 44 tenetur
818 1191 95 44 ad
849 1191 238 44 continentiam,

220 1229 111 65 cum
284 1229 143 65 nullo
379 1229 127 65 voto
458 1229 95 65 se
505 1229 238 65 astrinxerit
696 1229 95 65 ad
743 1229 254 65 continentiam
933 1229 159 65 obseruam

223 1271 132 50 dam,
306 1271 132 50 ergo
372 1271 83 50 &c.

261 1304 102 60 Ad
312 1304 170 60 primum
431 1304 221 60 dicendum,
601 1304 136 60 quod
686 1304 187 60 quamuis
821 1304 204 60 exceptio
957 1304 136 60 facta.

222 1356 73 48 a
252 1356 205 48 saluatore,
412 1356 102 48 non
471 1356 102 48 sit
529 1356 117 48 nisi
603 1356 146 48 iusta,
705 1356 132 48 tamen
793 1356 88 48 si
836 1356 132 48 cansa
910 1356 175 48 fornicatio

221 1392 111 48 nis
284 1392 221 48 dimittendo
458 1392 126 48 vnam
537 1392 158 48 vxorem
648 1392 221 48 legitimam,
821 1392 142 48 ducit
916 1392 126 48 quis
979 1392 111 48 aliam

221 1434 121 39 ipse
297 1434 136 39 vtiqu
387 1434 197 39 mechatur,
539 1434 121 39 quia
615 1434 182 39 exceptio
751 1434 136 39 facta
842 1434 76 39 a
872 1434 197 39 saluatore
1008 1434 76 39 non

232 1469 104 51 est
291 1469 192 51 referenda
439 1469 89 51 ad
484 1469 118 51 hunc
558 1469 148 51 actum,
661 1469 104 51 qui
720 1469 104 51 est
779 1469 148 51 ducere
883 1469 148 51 aliam,
986 1469 104 51 sed
1031 1469 59 51 so

217 1508 119 52 lum
285 1508 102 52 ad
336 1508 136 52 hunc
421 1508 170 52 actum,
541 1508 119 52 qui
609 1508 119 52 est
677 1508 222 52 dimittere
847 1508 170 52 vxorem
967 1508 85 52 :
984 1508 102 52 vnde

211 1552 138 59 illa
297 1552 206 59 exceptio
452 1552 189 59 excusat
589 1552 275 59 dimittentem,
813 1552 120 59 sed
882 1552 120 59 non
933 1552 155 59 excusat

202 1586 199 52 ducentem

263 1630 101 52 Ad
314 1630 202 52 secundum
465 1630 219 52 dicendum,
634 1630 135 52 quod
718 1630 152 52 minor
819 1630 118 52 non
887 1630 202 52 estvera.
1022 1630 67 52 Ad

220 1673 238 48 prohationem
410 1673 206 48 dicendum,
569 1673 127 48 quod
648 1673 143 48 dato,
743 1673 127 48 quod
822 1673 111 48 non
885 1673 190 48 teneatur
1012 1673 79 48 con

221 1714 155 43 tinere
330 1714 171 43 ratione
455 1714 140 43 voti:
548 1714 140 43 tamen
641 1714 171 43 tenetur
765 1714 202 43 continere
921 1714 93 43 ab
967 1714 124 43 omni
1029 1714 47 43 a

220 1748 108 48 lia
281 1748 185 48 muliere,
420 1748 169 48 ratione
543 1748 262 48 matrimonialis
759 1748 185 48 vinculi,
897 1748 169 48 quamdiu
1005 1748 77 48 vi-

215 1794 105 44 uit
275 1794 120 44 illa
350 1794 164 44 mulier,
469 1794 120 44 quam
544 1794 164 44 dimisit
663 1794 164 44 ratione
783 1794 254 44 fornicationis
992 1794 90 44 Et
1022 1794 60 44 ea

220 1828 110 44 dem
283 1828 173 44 ratione
409 1828 110 44 non
472 1828 157 44 potest
582 1828 142 44 aliam
676 1828 157 44 vxorem
786 1828 173 44 ducere,
912 1828 126 44 illa
975 1828 110 44 forni

221 1868 179 46 catrice
351 1868 195 46 viuente,
498 1868 130 46 quia
579 1868 179 46 quamuis
709 1868 212 46 huiusmodi
872 1868 147 46 virum
970 1868 114 46 non
1019 1868 65 46 im

210 1908 171 49 pediat
329 1908 102 49 de
381 1908 256 49 contrahendo
586 1908 239 49 matrimonio
774 1908 120 49 hoc
825 1908 256 49 impedimentum,

213 1950 138 50 quod
299 1950 190 50 dicitur
438 1950 173 50 votum,
559 1950 156 50 tamen
663 1950 156 50 ipsum
766 1950 190 50 impedit
905 1950 121 50 hoc
957 1950 121 50 imped

221 1995 180 39 mentum:
351 1995 131 39 quod
433 1995 180 39 dicitur
564 1995 196 39 ligamen,
710 1995 131 39 quia
792 1995 196 39 vinculum
939 1995 180 39 matrimo

219 2023 113 65 nii
283 2023 145 65 manet
380 2023 257 65 incorruptum,
589 2023 193 65 diuortio
734 2023 113 65 non
782 2023 177 65 obstante.

326 2141 505 96 ARTICVLV
705 2141 210 96 S
747 2141 168 96 I.

253 2257 152 68 Vtrum
355 2257 220 68 coniuges,
524 2257 135 68 dato
608 2257 135 68 quod
693 2257 169 68 coausa
794 2257 237 68 formcationis

404 2306 104 70 ab
456 2306 174 70 muitem
578 2306 261 70 separentur,
769 2306 139 70 licite

510 2353 170 73 paleant
618 2353 170 73 vetimiri.

249 2460 212 60 VANTVM
397 2460 127 60 ad
461 2460 255 60 secundum
652 2460 276 60 articulum
865 2460 170 60 pono
950 2460 127 60 duas

315 2495 246 56 conclusiones.

250 2530 135 45 Prima
340 2530 120 45 est,
415 2530 120 45 quod
489 2530 135 45 facto
579 2530 180 45 diuortio
714 2530 135 45 causa
804 2530 254 45 fornicationis
998 2530 75 45 non

219 2575 141 51 debet
313 2575 141 51 fieri
407 2575 188 51 coniugum
548 2575 281 51 reconciliatio,
782 2575 172 51 quamdiu
907 2575 156 51 coniux
1001 2575 78 51 non

221 2617 118 47 cens
295 2617 206 47 perseuerat
457 2617 88 47 in
501 2617 103 47 suo
545 2617 147 47 delicto.

249 2658 128 43 Quia
329 2658 255 43 perseuerante
536 2658 144 43 causa
632 2658 207 43 diuortii,
792 2658 144 43 debet
887 2658 144 43 ipsum
967 2658 112 43 diuor

231 2693 125 51 tium
309 2693 219 51 permanere:
481 2693 109 51 Sed
544 2693 219 51 fornicatio
716 2693 187 51 nocentis
856 2693 203 51 coniugis,
997 2693 78 51 esi

226 2734 139 46 causa
318 2734 200 46 diuortii,
472 2734 123 46 ergo
533 2734 62 46 &c

241 2773 76 45 2
271 2773 213 45 Praeterea,
439 2773 107 45 iam
500 2773 137 45 dicto
591 2773 122 45 casu
668 2773 168 45 posito,
789 2773 91 45 si
835 2773 152 45 fieret
927 2773 152 45 reconci-

227 2805 157 53 liatio,
341 2805 100 53 vel
398 2805 100 53 hoc
455 2805 143 53 fieret
555 2805 86 53 ad
597 2805 200 53 peritionem
754 2805 171 53 nocentis
882 2805 185 53 coniugis,
1011 2805 71 53 uel

222 2856 95 47 ad
270 2856 221 47 petitionem
444 2856 237 47 innocentis,
633 2856 111 47 vel
697 2856 95 47 ad
744 2856 221 47 petitionem
902 2856 174 47 vtriusque

258 2889 160 51 Primum
370 2889 112 51 non
434 2889 160 51 potest
547 2889 144 51 dari,
643 2889 128 51 quia
723 2889 176 51 propter
851 2889 192 51 delictum
980 2889 96 51 suum

211 2939 113 42 non
275 2939 178 42 meretur
405 2939 210 42 exaudiri.
566 2939 113 42 Nec
631 2939 210 42 secundum,
792 2939 129 42 quia
873 2939 113 42 si,
921 2939 162 42 perduran

223 2976 90 42 te
268 2976 165 42 muliere
388 2976 90 42 in
433 2976 105 42 sua
492 2976 254 42 fornicatione,
702 2976 105 42 vir
762 2976 180 42 innocens
896 2976 165 42 peteret
1001 2976 75 42 eam

215 3009 115 52 sibi
286 3009 244 52 reconciliari,
487 3009 115 52 tunc
559 3009 100 52 vir
617 3009 172 52 redderet
746 3009 86 52 se
789 3009 201 52 suspectum,
947 3009 115 52 quia
1004 3009 72 52 vi-

218 3046 158 48 deretur
332 3046 115 48 esse
404 3046 144 48 fautor
505 3046 187 48 sceleris:
648 3046 100 48 nam
706 3046 129 48 sicut
792 3046 100 48 ait
849 3046 215 48 Innocentius
1007 3046 72 48 di-

217 3087 195 51 stinctione
370 3087 97 51 33.
426 3087 139 51 Error,
523 3087 97 51 cui
579 3087 97 51 non
634 3087 209 51 resistitur,
801 3087 97 51 ap,
857 3087 139 51 pbatur
954 3087 83 51 Et
982 3087 97 51 parum

219 3126 135 67 infra
309 3126 166 67 subdit.
430 3126 105 67 Nec
490 3126 135 67 caret
580 3126 181 67 scrupulo
716 3126 211 67 societatis
881 3126 196 67 occultae,
1017 3126 75 67 qui

1133 276 210 74 manifesto
1294 276 193 74 facinori
1439 276 177 74 desinit
1568 276 193 74 obuiare.
1713 276 113 74 Nec
1778 276 177 74 tertium
1890 276 97 74 qui-

1137 337 88 45 ex
1181 337 146 45 duobus
1284 337 190 45 illicitis
1430 337 132 45 simul
1517 337 205 45 coniunctis
1678 337 102 45 non
1737 337 175 45 resultat
1853 337 132 45 aliquod

1125 369 176 61 licitum,
1257 369 103 61 sed
1316 369 191 61 vtriusque
1462 369 161 61 petitio
1580 369 161 61 diuism,
1697 369 73 61 &
1726 369 103 61 per
1785 369 88 61 se
1829 369 147 61 facta,
1917 369 73 61 est

1124 406 199 52 illicita,
1277 406 107 52 nec
1338 406 184 52 exaudiri
1476 406 184 52 meretur,
1615 406 138 52 vtiam
1707 406 169 52 patuit:
1829 406 123 52 ergo
1891 406 61 52 &c

1217 450 202 51 Praeterea,
1376 450 202 51 separatio,
1535 450 116 51 quae
1607 450 101 51 sic
1665 450 87 51 se
1708 450 145 51 habet,
1809 450 116 51 quod
1882 450 87 51 si
1911 450 72 51 non

1131 495 142 44 esset,
1230 495 114 44 tunc
1302 495 85 44 ex
1344 495 157 44 mandato
1458 495 185 44 ecclessae
1601 495 128 44 ficri
1686 495 171 44 deberet,
1814 495 114 44 illa
1885 495 100 44 non
1928 495 57 44 de

1126 526 106 61 bet
1186 526 136 61 tolli
1277 526 106 61 per
1337 526 226 61 separatorum
1518 526 211 61 reunionem:
1684 526 106 61 sed
1744 526 136 61 talis
1834 526 106 61 est
1880 526 106 61 sepa-

1132 565 136 49 ratio
1223 565 91 49 in
1268 565 212 49 proposito,
1435 565 121 49 quia
1511 565 136 49 vxore
1602 565 243 49 perseuerante
1799 565 91 49 in
1829 565 152 49 fornica-

1137 603 136 49 tione
1227 603 181 49 publica,
1363 603 121 49 tunc
1438 603 90 49 ex
1484 603 166 49 mandato
1604 603 181 49 ecclesse
1740 603 106 49 vir
1800 603 166 49 tenetur
1906 603 75 49 di-

1127 645 164 68 mittere
1246 645 164 68 vxorem,
1365 645 89 68 ne
1410 645 179 68 patronus
1544 645 179 68 sceleris
1678 645 119 68 esse
1752 645 193 68 videatur,
1901 645 89 68 vt
1930 645 60 68 pa

1138 684 94 54 tet.
1197 684 82 54 32.
1244 684 70 54 q.
1279 684 70 54 1.
1314 684 70 54 c.
1349 684 70 54 1.
1384 684 94 54 ergo
1431 684 58 54 &c.

1164 723 138 57 Forte
1256 723 184 57 dicetur,
1394 723 123 57 quod
1471 723 108 57 cum
1532 723 108 57 vir
1594 723 108 57 sit
1655 723 169 57 custos,
1778 723 77 57 &
1794 723 184 57 gubernator

1126 762 198 48 mulieris,
1278 762 107 48 non
1339 762 167 48 videtur
1461 762 243 48 rationabile,
1658 762 122 48 quod
1735 762 152 48 semper
1841 762 91 48 se
1871 762 107 48 absen

1128 810 106 46 tet
1188 810 76 46 a
1219 810 182 46 muliere,
1355 810 106 46 tum
1416 810 121 46 quia
1492 810 136 46 minus
1583 810 197 46 effrenate
1734 810 182 46 peccaret
1856 810 121 46 mulien

1128 844 90 44 si
1173 844 196 44 habitaret
1324 844 105 44 cum
1384 844 135 44 viro,
1474 844 120 44 quem
1549 844 181 44 timeret:
1685 844 105 44 tum
1745 844 135 44 etiam
1835 844 120 44 quia
1896 844 90 44 exem

1132 881 133 44 plum
1215 881 99 44 de
1265 881 116 44 hoc
1331 881 182 44 habemus
1464 881 99 44 in
1514 881 216 44 angelorum
1680 881 216 44 cussodia:
1845 881 133 44 Nam,
1912 881 66 44 vt

1130 925 147 53 dictum
1233 925 103 53 est
1292 925 88 53 de
1336 925 132 53 libro
1424 925 176 53 secundo,
1556 925 191 53 distinct.
1703 925 191 53 vndecima,
1835 925 147 53 quamuis-

1120 964 170 55 cumque
1239 964 136 55 homo
1324 964 119 55 sit
1391 964 170 55 magnus
1510 964 305 55 peccator:tamen
1765 964 204 55 angelus,
1900 964 85 55 qui

1126 1005 107 59 est
1187 1005 153 59 custos
1294 1005 138 59 suus,
1387 1005 169 59 numquam
1509 1005 199 59 renunciat
1663 1005 138 59 curae
1755 1005 123 59 suae
1816 1005 169 59 custouiae

1124 1042 142 47 vsque
1219 1042 94 47 ad
1266 1042 173 47 punctum
1392 1042 157 47 mortis
1502 1042 157 47 illius
1597 1042 157 47 hominis.

1158 1064 253 69 Respondeo,
1356 1064 199 69 negando
1501 1064 325 69 consequentiam.
1772 1064 108 69 Ad
1808 1064 162 69 probati

1115 1118 121 48 nem
1184 1118 173 48 primam
1305 1118 225 48 dicendum,
1478 1118 138 48 quod
1565 1118 190 48 quamuis
1703 1118 156 48 talis
1790 1118 190 48 adultera,

1124 1160 163 44 manens
1238 1160 114 44 cum
1303 1160 130 44 uiro
1384 1160 130 44 suo,
1465 1160 146 44 minus
1563 1160 212 44 effrenate
1726 1160 212 44 peccaret,
1872 1160 114 44 tamen

1127 1194 89 52 si
1172 1194 74 52 a
1201 1194 104 52 sua
1261 1194 237 52 fornicatione
1453 1194 178 52 noluerit
1587 1194 208 52 desistere,
1750 1194 104 52 vit
1809 1194 104 52 non
1854 1194 133 52 deberet

1128 1236 93 50 ei
1174 1236 232 50 cohabitare:
1359 1236 108 50 tum
1421 1236 124 50 quia
1498 1236 201 50 habitando
1653 1236 108 50 cum
1714 1236 108 50 ea,
1776 1236 139 50 habet
1853 1236 124 50 contra

1125 1273 89 49 se
1170 1273 179 49 mandatum
1304 1273 209 49 ecclesiae,
1468 1273 89 49 vt
1512 1273 149 49 patuit
1617 1273 238 49 superius:tum
1810 1273 134 49 etiam
1885 1273 89 49 quia

1126 1324 117 43 non
1193 1324 151 43 debet
1294 1324 117 43 per
1361 1324 218 43 huiusmodi
1528 1324 301 43 cohabitationem
1779 1324 151 43 alios
1863 1324 117 43 homi-

1118 1353 110 41 nes
1181 1353 267 41 scandalixare,
1401 1353 79 41 &
1433 1353 173 41 seipsum
1559 1353 189 41 lupanari
1700 1353 173 41 infamia
1810 1353 173 41 maculare.

1162 1392 104 44 Ad
1214 1392 207 44 secundam
1369 1392 259 44 probationem
1576 1392 224 44 dicendum,
1749 1392 138 44 quod
1835 1392 121 44 non
1887 1392 86 44 est

1128 1432 155 48 simile
1236 1432 93 48 de
1282 1432 186 48 Angelis,
1421 1432 124 48 quia
1499 1432 170 48 propter
1622 1432 139 48 eorum
1715 1432 201 48 custodiae
1854 1432 124 48 conti-

1117 1473 213 45 nuationem
1281 1473 115 45 cum
1346 1473 115 45 non
1412 1473 230 45 poenitente
1593 1473 230 45 peccatore,
1773 1473 115 45 nec
1822 1473 148 45 homines

1116 1513 303 46 scandalixantur,
1371 1513 112 46 nec
1435 1513 160 46 aliqua
1547 1513 176 46 infamia
1675 1513 160 46 Angeli
1770 1513 208 46 maculantur.

1153 1554 204 50 Conclusio
1311 1554 173 50 secunda
1436 1554 126 50 est,
1515 1554 126 50 quod
1594 1554 220 50 manifestis
1751 1554 220 50 apparentibus

1119 1593 150 52 signis
1224 1593 240 52 poenitentiae
1419 1593 180 52 nocentis
1554 1593 180 52 persone,
1688 1593 120 52 tunc
1763 1593 90 52 ad
1793 1593 180 52 petitionem

1119 1629 178 54 coniugis
1253 1629 208 54 innocentis
1416 1629 163 54 potest,
1535 1629 74 54 &
1564 1629 134 54 debet
1653 1629 134 54 fieri
1742 1629 252 54 recociliatio.

1117 1666 135 55 Quia
1202 1666 169 55 nullus
1320 1666 152 55 debet
1421 1666 219 55 sustinere
1590 1666 169 55 damnum
1691 1666 287 55 irrecuperabile,

1119 1705 91 52 ex
1164 1705 106 52 eo,
1225 1705 121 52 quod
1300 1705 272 52 rationabiliter
1527 1705 106 52 est
1587 1705 227 52 introductum
1769 1705 91 52 ad
1814 1705 121 52 suae
1874 1705 106 52 probi

1122 1747 136 57 tatis
1213 1747 182 57 sauorem,
1349 1747 151 57 maxime
1455 1747 91 57 si
1500 1747 151 57 absque
1606 1747 197 57 scandalo,
1757 1747 76 57 &
1787 1747 182 57 peccato,
1908 1747 61 57 hu

1112 1789 180 50 iusmodi
1243 1789 164 50 damnum
1357 1789 180 50 poterit
1488 1789 246 50 praeueniri:
1685 1789 115 50 Sed
1751 1789 213 50 diuortium
1898 1789 82 50 est

1113 1829 138 43 intro
1205 1829 154 43 ductum
1313 1829 92 43 in
1359 1829 169 43 fauorem
1482 1829 215 43 probitatis
1651 1829 215 43 inpocentis
1805 1829 169 43 personae:

1115 1867 79 45 &
1147 1867 157 45 damno,
1257 1867 126 45 quod
1335 1867 173 45 patitur
1461 1867 94 45 ex
1508 1867 236 45 priuatione,
1697 1867 110 45 seu
1760 1867 189 45 carentia
1886 1867 94 45 con-

1122 1902 137 52 ugis,
1213 1902 152 52 absque
1320 1902 198 52 scandalo,
1472 1902 76 52 &
1503 1902 168 52 peccato
1625 1902 168 52 poterit
1731 1902 244 52 rationabiliter

1111 1944 201 52 subueniri,
1268 1944 86 52 si
1311 1944 143 52 coniux
1411 1944 229 52 sufficienter
1598 1944 186 52 poenitens
1741 1944 86 52 de
1784 1944 158 52 pecatto
1884 1944 86 52 suo,

1117 1982 122 48 sibi
1193 1982 199 48 redditur,
1346 1982 76 48 &
1377 1982 92 48 ad
1423 1982 122 48 suam
1499 1982 214 48 petitionem
1667 1982 122 48 sibi
1728 1982 245 48 reconciliatur:

1112 2025 123 49 ergo
1189 2025 108 49 non
1250 2025 200 49 obstante,
1404 2025 123 49 quod
1481 2025 154 49 factum
1588 2025 108 49 sit
1650 2025 215 49 diuortium,
1819 2025 169 49 potest,
1927 2025 46 49 &

1125 2067 141 44 debet
1219 2067 156 44 conius
1329 2067 203 44 poenitens
1485 2067 203 44 innocenti
1642 2067 109 44 hoc
1704 2067 172 44 petenti
1814 2067 156 44 reconci-

1120 2098 143 52 liari.
1220 2098 128 52 Maior
1305 2098 171 52 probatur
1434 2098 143 52 quadam
1534 2098 114 52 lege
1605 2098 157 52 ciuili,
1719 2098 100 52 qua
1776 2098 171 52 dicitur,
1890 2098 86 52 quod

1111 2146 174 43 fauore
1232 2146 122 43 meo
1302 2146 261 43 introductum
1510 2146 139 43 est,
1597 2146 104 43 in
1649 2146 174 43 damnum
1771 2146 139 43 meum
1840 2146 139 43 retor-

1125 2188 133 45 ueri
1208 2188 116 45 non
1275 2188 166 45 debet.
1391 2188 149 45 Minor
1491 2188 166 45 patet,
1607 2188 183 45 quantum
1740 2188 100 45 ad
1789 2188 149 45 omnes
1872 2188 100 45 suas

1121 2223 169 56 partes.
1244 2223 123 56 Quod
1320 2223 123 56 enim
1397 2223 200 56 diuortium
1551 2223 231 56 introductum
1735 2223 108 56 sit
1797 2223 92 56 in
1828 2223 138 56 fauorem

1111 2267 194 44 coniugis
1257 2267 243 44 innecentis,
1451 2267 146 44 patet
1548 2267 113 44 tam
1613 2267 113 44 per
1678 2267 227 44 theologos,
1856 2267 130 44 quam
1920 2267 49 44 p

1115 2301 257 46 iurisperitos.
1326 2301 121 46 Quod
1402 2301 226 46 poenitentis
1583 2301 181 46 coniugis
1718 2301 241 46 recociliatio
1900 2301 75 46 pos

1110 2336 102 51 sit
1169 2336 131 51 fieri
1256 2336 117 51 sine
1329 2336 175 51 peccato,
1460 2336 146 51 patet,
1562 2336 117 51 quia
1635 2336 160 51 nusquam
1751 2336 189 51 inuenitur
1883 2336 87 51 esse

1121 2374 219 53 prohibita:
1294 2374 110 53 Sed
1356 2374 125 53 quod
1435 2374 110 53 non
1497 2374 204 53 inuenitur
1654 2374 235 53 prohibitum,
1842 2374 110 53 hoc
1889 2374 78 53 in-

1107 2425 226 37 telligitur
1285 2425 129 37 esse
1365 2425 226 37 concessum.
1543 2425 129 37 Quod
1624 2425 145 37 etiam
1721 2425 210 37 huiusmodi
1866 2425 113 37 recon

1117 2456 160 48 ciliatio
1237 2456 134 48 possit
1330 2456 120 48 fieri
1411 2456 107 48 sine
1477 2456 174 48 scandalo,
1611 2456 174 48 similiter
1745 2456 134 48 patet,
1838 2456 107 48 quia
1892 2456 80 48 quam

1107 2491 105 53 uis
1167 2491 105 53 vir
1227 2491 149 53 iustus
1331 2491 105 53 non
1391 2491 149 53 possit
1496 2491 209 53 cohabitare
1660 2491 194 53 meretrici
1810 2491 120 53 sine
1869 2491 105 53 scan-

1114 2532 74 50 d
1144 2532 193 50 alo;tamen
1292 2532 89 50 ex
1337 2532 104 50 hoc
1396 2532 119 50 ipse
1470 2532 104 50 non
1529 2532 104 50 est
1589 2532 133 50 causa
1678 2532 178 50 alicuius
1811 2532 193 50 scandali,

1115 2581 118 48 quod
1189 2581 191 48 cohabitat
1336 2581 221 48 poenitenti.
1513 2581 88 48 Et
1557 2581 118 48 ista
1630 2581 103 48 est
1689 2581 177 48 intentio
1822 2581 132 48 beati
1895 2581 74 48 Qre

1118 2614 111 55 qui
1181 2614 111 55 ait
1245 2614 95 55 de
1292 2614 174 55 muliere
1419 2614 190 55 adultera
1561 2614 237 55 poenitente.
1751 2614 111 55 Non
1815 2614 142 55 debet
1894 2614 79 55 de-

1114 2647 125 58 spici
1198 2647 84 58 in
1239 2647 97 58 eo,
1295 2647 111 58 quod
1365 2647 125 58 fuit,
1448 2647 111 58 quia
1518 2647 97 58 iam
1573 2647 153 58 incipit
1685 2647 125 58 esse,
1768 2647 111 58 quod
1838 2647 97 58 non
1880 2647 84 58 fuit

1159 2691 135 47 Forte
1249 2691 180 47 dicetur,
1383 2691 120 47 quod
1458 2691 150 47 contra
1563 2691 135 47 istud
1653 2691 165 47 videtur
1772 2691 120 47 esse
1832 2691 135 47 auctori

1115 2740 99 40 tas
1171 2740 170 40 decreti.
1299 2740 85 40 9.
1341 2740 212 40 quaestione,
1511 2740 155 40 quarta,
1624 2740 99 40 vbi
1680 2740 170 40 dicitur,
1807 2740 85 40 Qu
1850 2740 127 40 semel
1920 2740 57 40 be

1122 2767 89 48 ne
1167 2767 207 48 diffinitum
1329 2767 118 48 est,
1403 2767 133 48 nulla
1492 2767 133 48 debet
1581 2767 207 48 iteratione
1743 2767 222 48 retractari:
1906 2767 74 48 Sed

1126 2809 170 51 ententia
1254 2809 170 51 diuortii
1381 2809 114 51 lata
1452 2809 128 51 causa
1537 2809 255 51 fornicationis,
1750 2809 99 51 est
1807 2809 128 51 bene,
1892 2809 71 51 &
1906 2809 57 51 iu

1111 2849 98 56 ste
1167 2849 196 56 diffinita:
1321 2849 112 56 ergo
1377 2849 70 56 &c.

1154 2888 205 48 Respondeo,
1315 2888 117 48 quod
1388 2888 132 48 licet
1476 2888 146 48 illud,
1578 2888 117 48 quod
1651 2888 117 48 bene
1724 2888 219 48 diffinitum,
1885 2888 73 48 qui

1122 2921 232 51 ententiatum
1307 2921 124 51 est,
1384 2921 108 51 non
1446 2921 154 51 debeat
1554 2921 232 51 retractari:
1739 2921 139 51 tamen
1817 2921 154 51 executio

1120 2968 194 44 sententiae
1273 2968 180 44 legitimae
1411 2968 139 44 potest
1508 2968 180 44 suspendi:
1647 2968 83 44 Et
1689 2968 97 44 sic
1744 2968 97 44 fit
1800 2968 83 44 in
1827 2968 139 44 proposi-

1117 3004 107 49 to.
1178 3004 107 49 Nam
1239 3004 91 49 in
1284 3004 289 49 reconciliatione
1528 3004 107 49 non
1589 3004 228 49 retractatur
1771 3004 198 49 sententia
1908 3004 61 49 di

1119 3043 170 46 uortii,
1242 3043 170 46 tamquam
1366 3043 170 46 iniuste
1489 3043 139 46 lata,
1582 3043 108 46 sed
1644 3043 201 46 huiusmodi
1783 3043 185 46 sententiae

1120 3080 215 53 suspenditur
1292 3080 187 53 executio,
1436 3080 72 53 &
1464 3080 101 53 hoc
1522 3080 273 53 rationabiliter,
1752 3080 115 53 quia
1823 3080 101 53 per
1881 3080 115 53 illa

1116 3119 225 52 sententiam
1292 3119 192 52 diuortim
1437 3119 112 52 non
1501 3119 225 52 intenditur
1677 3119 257 52 exterminium,
1886 3119 112 52 sed
