2367 3550
214 277 91 69 ab
259 277 121 69 ipso
335 277 106 69 non
395 277 257 69 distinguitur:
607 277 106 69 sed
667 277 121 69 ipsa
743 277 151 69 humana
848 277 151 69 natura
954 277 91 69 de
984 277 91 69 ipso

211 336 132 44 filio
299 336 103 44 Dei
358 336 220 44 praedicatur
534 336 220 44 concretiue:
710 336 117 44 quia
783 336 147 44 filius
885 336 103 44 Dei
944 336 117 44 vere
1003 336 73 44 di-

200 373 145 46 citur
297 373 145 46 homo,
394 373 81 46 &
426 373 275 46 denominatiue:
652 373 129 46 quia
733 373 129 46 vere
814 373 178 46 dicitur
927 373 145 46 humana-

210 411 118 52 tus,
284 411 104 52 vel
329 411 177 52 incarnatus

219 453 75 51 2
249 453 210 51 Praeterea,
414 453 90 51 si
459 453 90 51 in
504 453 165 51 Christo
624 453 150 51 essent
728 453 135 51 plura
818 453 210 51 supposita,
968 453 105 51 huma-

209 495 124 41 num,
286 495 201 41 scilicet,
441 495 77 41 &
472 495 186 41 diuinum,
611 495 124 41 tunc
689 495 93 41 in
735 495 170 41 Christo
859 495 155 41 essent
952 495 124 41 plures

215 533 208 51 personae.
375 533 224 51 Consequens
551 533 112 51 est
615 533 176 51 falsum,
744 533 112 51 cum
808 533 112 51 hoc
872 533 160 51 fuerit
968 533 96 51 erro

196 573 216 40 Nestorij.
363 573 266 40 Consequentia
579 573 166 40 patet:
695 573 133 40 quia
778 573 116 40 cum
844 573 183 40 persona
961 573 116 40 super

205 611 214 46 suopositum
373 611 107 46 non
434 611 137 46 addat
525 611 122 46 nisi
601 611 137 46 solum
693 611 122 46 esse
769 611 214 46 rationale,
937 611 122 46 siue
998 611 76 46 in-

209 653 221 41 tellectuale,
389 653 111 41 ideo
458 653 111 41 siue
527 653 83 41 in
568 653 138 41 diuina
665 653 152 41 natura,
776 653 111 41 quae
845 653 97 41 est
886 653 180 41 intellectu;

209 689 115 55 lis,
280 689 115 55 siue
352 689 86 55 in
395 689 158 55 humana,
509 689 115 55 quae
581 689 100 55 est
638 689 201 55 rationalis
796 689 158 55 ponatur
896 689 172 55 suppositum

209 731 220 40 necessario
382 731 188 40 sequitur
523 731 125 40 tale
601 731 220 40 suppositum
774 731 125 40 esse
852 731 204 40 personam.

218 766 70 46 3
246 766 195 46 Praeterea,
399 766 84 46 de
441 766 153 46 ratione
552 766 181 46 suppositi
691 766 97 46 est
747 766 97 46 per
803 766 84 46 se
844 766 209 46 subsistere;
997 766 70 46 sec

205 806 149 53 humana
310 806 149 53 natura
414 806 194 53 innititur
564 806 254 53 subsistentiae
773 806 149 53 verbi,
878 806 75 53 &
908 806 105 53 non
952 806 120 53 subsi-

205 848 121 42 sfit
280 848 106 42 per
341 848 106 42 se,
401 848 90 42 vt
446 848 136 42 etiam
537 848 181 42 superius
672 848 211 42 declaratum
838 848 121 42 est:
913 848 121 42 ergo
974 848 75 42 &c.

232 888 111 46 SED
295 888 158 46 contra
406 888 142 46 istam
501 888 206 46 veritatem
659 888 174 46 videtur
785 888 126 46 esse
865 888 142 46 prima
944 888 126 46 opinio

203 921 128 52 inter
288 921 128 52 illas
374 921 114 52 tres
445 921 200 52 opiniones,
602 921 114 52 quas
674 921 171 52 Magister
802 921 157 52 recitat
916 921 86 52 in
945 921 128 52 littera

211 965 137 52 circa
302 965 137 52 istam
393 965 198 52 materiam.
546 965 137 52 Ponit
637 965 122 52 enim
713 965 122 52 illa
789 965 152 52 opinio
896 965 91 52 in
926 965 137 52 Christo

209 1004 121 42 esse
285 1004 106 42 duo
345 1004 212 42 supposita:
512 1004 76 42 &
542 1004 91 42 ad
588 1004 106 42 hoc
649 1004 167 42 poterat
770 1004 152 42 moueri
876 1004 106 42 his
921 1004 152 42 motiuis.

197 1043 124 44 Quia
275 1043 155 44 illud,
384 1043 124 44 quod
461 1043 124 44 vere
539 1043 109 44 est
601 1043 93 44 in
647 1043 155 44 aliqua
756 1043 155 44 specie
849 1043 217 44 substantiae,

202 1086 105 40 hoc
262 1086 120 40 vere
337 1086 105 40 est
397 1086 165 40 aliquod
517 1086 210 40 suppositum
683 1086 150 40 illius
788 1086 180 40 speciei;
923 1086 105 40 sed
968 1086 90 40 Chri

204 1124 125 43 stus
282 1124 156 43 habens
391 1124 93 43 in
438 1124 93 43 se
485 1124 140 43 verum
578 1124 218 43 suppositum
750 1124 171 43 diuinum
874 1124 109 43 est
936 1124 125 43 vere
999 1124 62 43 in

209 1164 172 47 specie
329 1164 172 47 humana
449 1164 206 47 secundum
604 1164 275 47 humanitatem,
827 1164 137 47 ergo
913 1164 120 47 cum
964 1164 103 47 sup-

200 1204 179 49 posito
325 1204 179 49 diuino
451 1204 161 49 habet
558 1204 161 49 verum
666 1204 251 49 suppositum
863 1204 215 49 humanum.

224 1243 71 42 2
252 1243 198 42 Praeterea,
407 1243 85 42 si
450 1243 99 42 non
506 1243 184 42 separatur
648 1243 71 42 a
676 1243 85 42 re
718 1243 141 42 illud,
817 1243 113 42 quod
888 1243 99 42 est
944 1243 113 42 sibi
1001 1243 56 42 mi

207 1275 105 53 nus
267 1275 196 53 proprium,
418 1275 105 53 nec
478 1275 226 53 separabitur
659 1275 90 53 ab
704 1275 90 53 ea
749 1275 151 53 illud,
854 1275 120 53 quod
930 1275 105 53 est
975 1275 90 53 sibi

198 1318 140 46 magis
292 1318 202 46 proprium:
448 1318 109 46 sed
510 1318 125 46 esse
588 1318 218 46 indiuiduum
759 1318 140 46 minus
853 1318 171 46 proprie
962 1318 93 46 conn

207 1360 131 47 uenit
295 1360 233 47 substantiae,
484 1360 117 47 quam
557 1360 117 47 esse
630 1360 219 47 suppositum,
805 1360 117 47 quia
878 1360 117 47 esse
936 1360 131 47 indiui-

208 1397 117 42 duum
282 1397 176 42 conuenit
413 1397 132 42 sibi,
501 1397 73 42 &
531 1397 132 42 aliis
619 1397 278 42 praedicamentis:
853 1397 103 42 sed
912 1397 117 42 esse
970 1397 88 42 supo

198 1438 140 45 situm
292 1438 186 45 conuenit
431 1438 140 45 solum
525 1438 248 45 substantiae,
726 1438 109 45 cum
789 1438 155 45 igitur
897 1438 124 45 esse
959 1438 109 45 indi-

195 1481 163 52 uiduum
309 1481 114 52 non
374 1481 114 52 sit
440 1481 213 52 separatum
603 1481 98 52 ab
652 1481 229 52 humanitate
832 1481 196 52 Christi,
963 1481 98 52 ergo

203 1513 107 54 nec
264 1513 123 54 esse
325 1513 200 54 suppositum.

199 1555 84 48 3
233 1555 235 48 Praeterea,
418 1555 135 48 homo
502 1555 118 48 est
569 1555 151 48 nomen
670 1555 235 48 suppositi:
855 1555 118 48 sed
906 1555 151 48 Christu

203 1591 112 49 est
267 1591 144 49 verus
363 1591 144 49 homo,
460 1591 128 49 ergo
524 1591 80 49 &c.

218 1633 81 47 4
250 1633 227 47 Praeterea,
428 1633 97 47 si
477 1633 162 47 verbum
590 1633 227 47 dimitteret
768 1633 178 47 naturam
882 1633 178 47 assumptam

196 1676 83 40 &
230 1676 116 40 per
296 1676 150 40 solam
396 1676 249 40 vniuersalem
595 1676 249 40 influentiam
795 1676 249 40 conseruaret
978 1676 83 40 eam

199 1714 90 41 in
244 1714 135 41 esse,
334 1714 120 41 ille
409 1714 120 41 homo
484 1714 180 41 dimissus
619 1714 120 41 sibi
695 1714 120 41 ipsi
770 1714 135 41 esset
860 1714 135 41 verum
935 1714 135 41 humanum

204 1752 243 47 suppositum,
399 1752 130 47 ergo
480 1752 81 47 &
512 1752 130 47 nunc
593 1752 114 47 est
658 1752 146 47 verum
756 1752 179 47 humanum
869 1752 195 47 suppositum

211 1791 238 45 Consequentia
405 1791 149 45 patet,
509 1791 119 45 quia
583 1791 119 45 sola
657 1791 208 45 separatio,
821 1791 104 45 cum
881 1791 104 45 sit
940 1791 119 45 quid
1000 1791 60 45 pr

210 1834 185 44 uatiuum,
348 1834 108 44 non
410 1834 185 44 largitur
548 1834 154 44 alicui
656 1834 246 44 suppositalem
841 1834 215 44 perfectionem

221 1870 76 42 4
251 1870 213 42 Praeterea,
419 1870 213 42 suppositum
586 1870 167 42 dicitur
708 1870 137 42 quasi
799 1870 107 42 sub
860 1870 122 42 alio
921 1870 137 42 positum

217 1905 101 47 sed
274 1905 115 47 Deus
346 1905 129 47 nulli
432 1905 187 47 creaturae
576 1905 244 47 substernitur,
777 1905 101 47 seu
835 1905 216 47 supponitur:
993 1905 72 47 er-

204 1947 98 51 go
253 1947 164 51 humana
367 1947 164 51 natura
482 1947 180 51 habebit
613 1947 131 51 sibi
695 1947 229 51 substratum
875 1947 115 51 sui
924 1947 131 51 generi

181 1990 229 55 suppositum.

254 2030 101 50 bed
311 2030 159 50 praeter
427 2030 130 50 alios
514 2030 188 50 defectus,
659 2030 101 50 qui
717 2030 87 50 ex
760 2030 116 50 ista
832 2030 174 50 opinione
948 2030 116 50 sequu-

210 2067 108 44 tur,
278 2067 108 44 ipsa
346 2067 108 44 sibi
414 2067 108 44 ipsi
481 2067 176 44 manifeste
617 2067 217 44 contradicit,
793 2067 122 44 quia,
874 2067 122 44 sicut
956 2067 95 44 hic
996 2067 68 44 pa-

204 2105 106 50 tet
264 2105 91 50 in
310 2105 182 50 littera,
446 2105 106 50 cum
507 2105 121 50 hoc,
582 2105 121 50 quod
658 2105 182 50 videntur
794 2105 91 50 in
840 2105 167 50 Christo
946 2105 121 50 ponero

210 2144 114 44 duo
275 2144 228 44 supposita,
454 2144 163 44 ponunt
569 2144 131 44 vnam
650 2144 196 44 personam
797 2144 147 44 solam
895 2144 98 44 in
927 2144 131 44 dominc

202 2186 126 43 Tesu
281 2186 189 43 Christo,
423 2186 110 43 cum
486 2186 126 43 enim
565 2186 174 43 persona
691 2186 110 43 sit
754 2186 237 43 consequens,
928 2186 142 43 necessa

208 2222 109 55 rium
276 2222 81 55 ad
317 2222 95 55 per
371 2222 81 55 se
412 2222 122 55 esse,
494 2222 95 55 seu
548 2222 204 55 suppositale
711 2222 109 55 esse
779 2222 81 55 in
820 2222 190 55 rationali,
969 2222 95 55 seu
1010 2222 54 55 in

203 2265 222 51 tellectuali
381 2265 163 51 natura,
499 2265 148 51 igitur
603 2265 148 51 ponere
707 2265 133 51 plura
795 2265 207 51 supposita,
958 2265 74 51 &
973 2265 89 51 nega

203 2314 87 38 re
247 2314 146 38 plures
349 2314 175 38 personas
480 2314 87 38 in
524 2314 204 38 praedictis
684 2314 175 38 naturis,
815 2314 102 38 est
873 2314 146 38 ponere
961 2314 87 38 ante

205 2342 163 48 cedens
319 2342 82 48 &
352 2342 163 48 negare
466 2342 245 48 consequens,
662 2342 82 48 &
695 2342 114 48 per
760 2342 229 48 consequens
923 2342 131 48 contra

199 2379 197 57 dictoria
347 2379 148 57 impli
429 2379 115 57 care.

235 2421 100 47 Ad
285 2421 166 47 primum
401 2421 166 47 igitur
517 2421 216 47 dicendum,
683 2421 133 47 quod
766 2421 149 47 maior
866 2421 116 47 non
932 2421 116 47 est
982 2421 83 47 ve-

198 2466 97 49 ra,
254 2466 111 49 nisi
323 2466 111 49 illa
392 2466 194 49 substantia
545 2466 97 49 sit
600 2466 111 49 sibi
670 2466 111 49 ipsi
739 2466 180 49 derelicta
878 2466 125 49 pones
947 2466 111 49 cursum

200 2499 229 58 naturalem,
380 2499 115 58 sed
445 2499 164 58 natura
560 2499 164 58 humana
674 2499 98 58 in
723 2499 180 58 Christo
854 2499 115 58 non
920 2499 115 58 est
969 2499 98 58 sibi

214 2539 106 59 ipsi
267 2539 145 59 derclicta

241 2556 96 71 Ad
289 2556 192 71 secundum
433 2556 208 71 dicendum,
593 2556 128 71 quod
674 2556 144 71 maior
770 2556 112 71 non
834 2556 112 71 est
898 2556 144 71 vera;
978 2556 80 71 qui

202 2616 188 46 secundum
343 2616 141 46 istam
438 2616 125 46 viam
516 2616 125 46 esse
594 2616 157 46 animal
704 2616 141 46 magis
798 2616 141 46 esset
877 2616 188 46 separabile

208 2656 95 47 ab
256 2656 174 47 homine,
382 2656 126 47 quam
461 2656 126 47 esse
539 2656 189 47 bipedem.
681 2656 126 47 Vnde
760 2656 95 47 si
808 2656 158 47 illud;
918 2656 126 47 quod
981 2656 79 47 ess

204 2695 139 48 magis
296 2695 201 48 proprium,
451 2695 247 48 praesupponit
652 2695 216 48 necessario
822 2695 155 48 illud,
930 2695 124 48 quod
992 2695 62 48 es

209 2732 153 53 minus
311 2732 204 53 proprium
464 2732 85 53 &
498 2732 153 53 habet
600 2732 102 53 se
651 2732 119 53 per
719 2732 153 53 modum
821 2732 238 53 additionis
991 2732 68 53 ac

207 2778 159 43 ipsum,
318 2778 127 43 tunc
398 2778 159 43 illud,
509 2778 127 43 quod
588 2778 111 43 est
651 2778 143 43 minus
747 2778 206 43 proprium,
905 2778 111 43 est
953 2778 111 43 minus

204 2812 226 47 separabile,
384 2812 120 47 quam
460 2812 150 47 illud,
565 2812 120 47 quod
640 2812 165 47 dicitur
760 2812 135 47 magis
851 2812 195 47 proprium:
986 2812 75 47 sec

205 2858 123 48 esse
281 2858 230 48 indiuiduale
466 2858 107 48 est
527 2858 184 48 secundum
665 2858 169 48 naturam
788 2858 138 48 prius
880 2858 123 48 esse
941 2858 123 48 suppo-

198 2889 165 56 sitali;
318 2889 210 56 indiuiduum
483 2889 120 56 enim
558 2889 105 56 est
618 2889 120 56 res,
692 2889 120 56 quae
767 2889 105 56 est
827 2889 105 56 vna
887 2889 165 56 numero,
992 2889 75 56 su-

203 2932 109 52 per
266 2932 109 52 hoc
328 2932 140 52 autem
421 2932 140 52 addit
514 2932 217 52 suppositum
685 2932 109 52 per
747 2932 93 52 se
793 2932 140 52 esse,
886 2932 124 52 ideo
948 2932 109 52 magi-

208 2981 98 38 est
264 2981 197 38 separabile
419 2981 70 38 a
447 2981 84 38 re
489 2981 113 38 esse
560 2981 225 38 suppositale,
742 2981 113 38 quam
813 2981 113 38 esse
869 2981 197 38 indiuiduale-

254 3012 96 48 Ad
302 3012 176 48 tertium
430 3012 208 48 dicendum,
590 3012 128 48 quod
670 3012 144 48 homo,
766 3012 96 48 vt
814 3012 112 48 non
878 3012 176 48 existit
990 3012 64 48 po

205 3047 99 58 se,
261 3047 99 58 sic
318 3047 99 58 est
374 3047 127 58 nomen
459 3047 169 58 naturae,
586 3047 71 58 &
614 3047 99 58 non
670 3047 197 58 suppositi,
825 3047 113 58 nisi
896 3047 155 58 velimus
995 3047 56 58 no

202 3088 113 51 men
266 3088 209 51 suppositi
427 3088 209 51 extendere
588 3088 96 51 ad
636 3088 225 51 suppositum
813 3088 241 51 locutionis,
990 3088 80 51 vel

203 3129 93 62 ad
249 3129 217 62 suppositum
419 3129 170 62 ratione
543 3129 248 62 concretionis
744 3129 232 62 implicatum:
930 3129 108 62 sic
976 3129 93 62 enim

1091 294 111 70 hoc
1155 294 143 70 nomen
1250 294 127 70 homo
1330 294 95 70 in
1377 294 175 70 Christo
1505 294 223 70 significat
1680 294 223 70 suppositum
1839 294 127 70 verbi-

1132 344 100 59 Ad
1182 344 183 59 quartum
1315 344 216 59 dicendum,
1481 344 133 59 quod
1564 344 149 59 licet
1663 344 116 59 per
1730 344 216 59 huiusmodi
1879 344 83 59 se-

1115 371 202 73 arationem
1271 371 109 73 non
1333 371 171 73 daretur
1457 371 140 73 aliud
1551 371 124 73 esse
1629 371 93 73 ab
1675 371 109 73 eo,
1737 371 124 73 quod
1815 371 124 73 nunc
1877 371 78 73 ha-

1104 425 126 59 bet,
1183 425 268 59 consequeretur
1404 425 142 59 tamen
1499 425 110 59 per
1562 425 142 59 illam
1656 425 252 59 separationem
1846 425 110 59 modum

1098 463 187 58 essendi,
1239 463 171 58 ratione
1363 463 140 58 cuius
1457 463 140 58 veram
1550 463 171 58 haberet
1675 463 187 58 rationem
1799 463 156 58 supposit

1109 502 127 62 quam
1189 502 127 62 ante
1268 502 111 62 non
1332 502 191 62 habebat.
1475 502 143 62 Sicut
1570 502 127 62 enim
1649 502 95 62 ex
1697 502 127 62 sola
1760 502 207 62 separatione

1105 544 143 58 partis
1205 544 71 58 a
1233 544 114 58 toto
1305 544 200 58 contingit,
1462 544 114 58 quod
1533 544 157 58 aliquid
1648 544 100 58 est
1705 544 200 58 suppositum
1862 544 100 58 per
1905 544 57 58 se

1101 580 228 70 subsistens,
1283 580 121 70 quod
1359 580 121 70 ante
1435 580 106 70 non
1495 580 121 70 fuit
1571 580 228 70 suppositum;
1754 580 121 70 quia
1829 580 121 70 erat
1890 580 76 70 suo

1104 614 108 54 toti
1172 614 190 54 insistens,
1321 614 95 54 sic
1362 614 54 54 &c

1114 660 102 58 Ad
1165 660 187 58 quintum
1301 660 221 58 dicendum,
1471 660 136 58 quod
1557 660 153 58 verbu
1659 660 119 58 Dei
1727 660 119 58 sic
1778 660 187 58 sustentat

1101 696 177 67 naturam
1230 696 194 67 humanam,
1375 696 129 67 quod
1456 696 145 67 tamen
1553 696 113 67 non
1617 696 194 67 largitur
1762 696 129 67 sibi
1827 696 129 67 intrin

1094 736 119 71 sece
1168 736 119 71 esse
1243 736 238 71 suppositale,
1436 736 74 71 &
1466 736 119 71 ideo
1540 736 104 71 sic
1599 736 208 71 sustentat,
1763 736 119 71 quod
1822 736 134 71 proprie

1094 770 216 65 loquendo
1256 770 144 65 sibi
1328 770 234 65 supponitur.

1183 853 761 69 ARTICVLVS
1709 853 234 69 II

1220 940 152 70 Vtrum
1322 940 136 70 haec
1406 940 220 70 supposito
1576 940 119 70 sit
1644 940 152 70 vera,
1728 940 102 70 Deus

1375 992 163 76 factus
1489 992 114 76 est
1538 992 114 76 homo.

1156 1058 186 89 VANTVM
1287 1058 112 89 ad
1342 1058 205 89 tertium
1491 1058 242 89 articulum
1677 1058 242 89 dicendum,
1845 1058 93 89 quo

1125 1137 202 50 secundum
1276 1137 235 50 catholicam
1461 1137 168 50 fidem,
1579 1137 185 50 oportet
1714 1137 118 50 nos
1764 1137 185 50 concedere

1088 1163 124 59 hanc
1166 1163 264 59 propositionem
1383 1163 124 59 esse
1461 1163 155 59 veram,
1569 1163 109 59 qua
1631 1163 186 59 dicitur.
1771 1163 124 59 Deus
1833 1163 124 59 factus

1096 1209 113 56 est
1160 1209 145 56 homo.
1257 1209 129 56 Quia
1338 1209 97 56 de
1387 1209 145 56 filio
1484 1209 113 56 Dei
1548 1209 162 56 domino
1661 1209 162 56 nostro
1774 1209 129 56 lesu
1839 1209 113 56 Chri-

1095 1243 117 63 sto,
1169 1243 102 63 qui
1227 1243 102 63 est
1286 1243 132 63 verus
1373 1243 132 63 Deus,
1461 1243 161 63 dicitur
1578 1243 88 63 in
1622 1243 176 63 svmbolo,
1754 1243 88 63 Et
1783 1243 161 63 incarnatu

1103 1290 100 60 est
1160 1290 86 60 de
1203 1290 157 60 spiritu
1317 1290 157 60 sancto,
1431 1290 86 60 ex
1474 1290 128 60 Maria
1559 1290 171 60 Virgine,
1688 1290 71 60 &
1716 1290 114 60 homo
1788 1290 143 60 factus
1873 1290 86 60 est.

1098 1333 76 53 2
1128 1333 213 53 Praeterea,
1296 1333 137 53 soan.
1387 1333 91 53 1.
1433 1333 183 53 dicitur,
1570 1333 152 53 verbum
1676 1333 122 53 caro
1752 1333 152 53 factum
1859 1333 122 53 est,

1104 1366 123 55 quod
1181 1366 185 55 secundum
1319 1366 169 55 August.
1443 1366 108 55 sic
1504 1366 139 55 debet
1597 1366 216 55 intelligi:
1766 1366 123 55 quia
1828 1366 123 55 Verbum

1093 1400 134 53 homo
1177 1400 167 53 factum
1277 1400 84 53 est

1101 1448 74 51 3
1131 1448 192 51 Preterea,
1278 1448 133 51 dicit
1367 1448 162 51 August.
1485 1448 133 51 Talis
1573 1448 118 51 erat
1647 1448 118 51 illa
1721 1448 207 51 susceptio,
1868 1448 74 51 qua

1087 1479 181 68 Deum
1200 1479 249 68 faceret
1381 1479 271 68 hominem,
1584 1479 113 68 &
1630 1479 249 68 hominem
1788 1479 158 68 Deum.

1132 1519 106 55 Sed
1193 1519 152 55 contra
1299 1519 137 55 illud
1390 1519 152 55 potest
1497 1519 167 55 instari
1619 1519 122 55 sic.
1695 1519 213 55 Aquocunque
1847 1519 91 55 veri

1099 1562 158 66 negatur
1214 1562 187 66 superius,
1357 1562 86 66 de
1400 1562 86 66 eo
1443 1562 101 66 non
1501 1562 144 66 potest
1601 1562 115 66 vere
1673 1562 187 66 affirmari
1802 1562 144 66 inferius

1086 1607 93 55 eo
1132 1607 124 55 quod
1210 1607 93 55 ad
1256 1607 264 55 destructionem
1473 1607 248 55 consequentis
1675 1607 217 55 necessario
1830 1607 109 55 sequa

1101 1644 103 61 tur
1160 1644 206 61 destructio
1322 1644 250 61 antecedentis:
1527 1644 103 61 sed
1586 1644 162 61 moueri,
1703 1644 103 61 seu
1762 1644 162 61 mutari,
1865 1644 88 61 quod

1101 1680 104 60 ost
1161 1680 179 60 superius
1295 1680 89 60 ad
1339 1680 149 60 fieri,
1444 1680 119 60 vere
1518 1680 164 60 negatur
1637 1680 89 60 de
1682 1680 104 60 Deo
1742 1680 104 60 tam
1801 1680 74 60 a
1816 1680 134 60 theolo-

1101 1719 119 67 gis,
1176 1719 119 67 quam
1250 1719 74 67 a
1280 1719 238 67 philosophis,
1473 1719 149 67 igitur
1577 1719 223 67 impossibile
1756 1719 119 67 esse
1815 1719 134 67 videtur

1091 1759 152 53 fieri,
1197 1759 107 53 vel
1258 1759 152 53 factum
1365 1759 122 53 esse
1441 1759 122 53 vere
1517 1759 198 53 affirmar:
1670 1759 91 53 de
1716 1759 122 53 Deo.

1095 1796 80 58 2
1127 1796 224 58 Praeterea,
1303 1796 144 58 omne,
1399 1796 128 58 quod
1479 1796 112 58 fit
1542 1796 240 58 necessario,
1734 1796 112 58 est
1782 1796 176 58 sublectum

1089 1836 183 67 alicuius
1226 1836 213 67 factionis,
1393 1836 76 67 &
1424 1836 107 67 per
1484 1836 213 67 consequens
1652 1836 213 67 passionis:
1819 1836 107 67 sed
1865 1836 91 67 Deus

1102 1876 160 51 nullius
1219 1876 189 51 passionis
1364 1876 145 51 potest
1465 1876 116 51 esse
1523 1876 160 51 subiectum

1104 1912 75 64 3
1134 1912 210 64 Praeterea,
1299 1912 135 64 omne,
1389 1912 120 64 quod
1464 1912 105 64 fit
1524 1912 150 64 aliquo
1628 1912 135 64 modo,
1718 1912 210 64 perficitur
1868 1912 75 64 tes

1101 1957 116 57 mino
1174 1957 160 57 formali
1291 1957 146 57 ipsius
1393 1957 204 57 factionis:
1553 1957 102 57 sed
1611 1957 116 57 Deus
1684 1957 102 57 cum
1742 1957 102 57 sit
1800 1957 87 57 ab
1830 1957 116 57 aeter-

1088 1995 97 61 no
1136 1995 145 61 summe
1233 1995 226 61 perfectus,
1410 1995 113 61 non
1475 1995 161 61 potest
1587 1995 161 61 aliqua
1700 1995 242 61 perfectione
1878 1995 64 61 di

1092 2029 123 48 nouo
1153 2029 138 48 perfici

1102 2071 75 60 4
1132 2071 211 60 Praeterea,
1298 2071 121 60 Deus
1373 2071 106 60 non
1434 2071 106 60 est
1494 2071 166 60 factus,
1614 2071 121 60 ergo
1690 2071 121 60 Deus
1765 2071 106 60 non
1825 2071 106 60 est
1871 2071 75 60 fa-

1095 2107 127 62 ctus
1174 2107 143 62 homo.
1270 2107 222 62 Antecedens
1444 2107 143 62 patet
1539 2107 95 62 in
1587 2107 175 62 svmbolo
1714 2107 222 62 Athanasij,
1873 2107 79 62 vbi

1091 2151 128 55 esse
1171 2151 160 55 factum
1283 2151 176 55 negatur
1410 2151 80 55 a
1442 2151 192 55 qualibet
1586 2151 160 55 diuina
1698 2151 192 55 persona.
1825 2151 112 55 Conse

1101 2189 161 63 quentia
1219 2189 132 63 patet
1307 2189 103 63 per
1365 2189 132 63 locum
1453 2189 73 63 a
1483 2189 191 63 superiori
1629 2189 88 63 ad
1673 2189 176 63 inferius
1791 2189 161 63 negatiue-

1105 2236 71 55 s
1133 2236 199 55 Praeterea,
1290 2236 100 55 vel
1347 2236 114 55 Deus
1418 2236 128 55 esset
1503 2236 171 55 terminus
1631 2236 142 55 illius
1731 2236 199 55 factionis,
1873 2236 71 55 vel

1082 2263 223 64 subiectum.
1257 2263 112 64 Non
1321 2263 207 64 terminus:
1481 2263 128 64 quia
1560 2263 191 64 terminus
1704 2263 207 64 factionis
1863 2263 112 64 non

1096 2313 212 53 praeexistit
1265 2313 184 53 factioni;
1406 2313 99 53 sed
1463 2313 198 53 acquiritur
1618 2313 99 53 per
1675 2313 113 53 eam.
1745 2313 99 53 Nec
1788 2313 155 53 subiectu-

1094 2344 130 53 quia
1175 2344 130 53 tunc
1256 2344 195 53 realiter
1386 2344 195 53 mutaretur.

1124 2381 110 59 Sed
1187 2381 110 59 est
1250 2381 110 59 hic
1313 2381 236 59 aduertendum
1501 2381 173 59 propter
1627 2381 220 59 solutionem
1784 2381 157 59 istorum,

1104 2433 121 40 quod
1179 2433 106 40 hoc
1240 2433 226 40 participium
1420 2433 166 40 factus,
1541 2433 106 40 vel
1601 2433 181 40 refertur
1737 2433 90 40 ad
1782 2433 136 40 totam
1858 2433 90 40 pro-

1101 2472 224 45 positionem,
1281 2472 75 45 &
1311 2472 105 45 sic
1370 2472 180 45 predicta
1505 2472 195 45 proposito
1655 2472 105 45 est
1715 2472 135 45 uera:
1804 2472 120 45 quia
1864 2472 75 45 est

1098 2499 168 68 sensus,
1220 2499 122 68 Deus
1296 2499 153 68 factus
1403 2499 107 68 est
1464 2499 137 68 homo,
1556 2499 92 68 id
1601 2499 122 68 est,
1678 2499 153 68 factum
1784 2499 122 68 est,
1845 2499 92 68 quod

1086 2539 129 61 Deus
1166 2539 113 61 sit
1231 2539 145 61 homo.
1328 2539 113 61 Vel
1392 2539 193 61 refertur
1537 2539 97 61 ad
1585 2539 209 61 subiectum
1730 2539 226 61 propositonis

1083 2582 197 58 absolute:
1234 2582 76 58 &
1265 2582 121 58 tunc
1340 2582 106 58 est
1401 2582 167 58 locutio
1522 2582 151 58 falsa,
1628 2582 121 58 quia
1704 2582 91 58 in
1749 2582 106 58 Deo
1810 2582 136 58 nullo
1885 2582 61 58 mo

1093 2616 87 58 do
1136 2616 174 58 secundum
1267 2616 87 58 se
1310 2616 145 58 potest
1412 2616 116 58 esse
1484 2616 145 58 factio
1571 2616 145 58 passiua.

1115 2664 99 59 Ad
1165 2664 166 59 primum
1281 2664 149 59 patet
1380 2664 116 59 per
1446 2664 116 59 iam
1513 2664 166 59 dicta:
1629 2664 116 59 Vel
1695 2664 215 59 dicendum,
1844 2664 99 59 quod

1097 2696 86 60 in
1140 2696 100 60 hoc
1197 2696 186 60 differunt
1339 2696 143 60 fieri,
1439 2696 71 60 &
1468 2696 157 60 mutari:
1582 2696 114 60 quia
1653 2696 143 60 mutari
1753 2696 128 60 ponit
1825 2696 114 60 signi-

1093 2736 165 67 ficatum
1213 2736 120 67 suum
1288 2736 135 67 magis
1378 2736 90 67 ex
1423 2736 135 67 parte
1513 2736 165 67 termini
1634 2736 75 67 a
1664 2736 120 67 quo:
1739 2736 105 67 sed
1799 2736 135 67 fieri
1874 2736 75 67 ma-

1096 2777 111 54 gis
1160 2777 95 54 ex
1207 2777 143 54 parte
1302 2777 175 54 termini
1429 2777 95 54 ad
1477 2777 143 54 quem.
1572 2777 127 54 Vnde
1652 2777 175 54 mutari,
1778 2777 111 54 vel
1826 2777 127 54 moueri

1097 2825 155 45 proprie
1210 2825 155 45 dicitur
1323 2825 85 45 de
1365 2825 169 45 subiecto
1492 2825 141 45 ipsius
1590 2825 141 45 motus,
1689 2825 99 45 sed
1746 2825 127 45 fieri
1816 2825 127 45 dicitur

1098 2854 92 49 de
1144 2854 168 49 termino
1266 2854 153 49 motus:
1373 2854 153 49 igitur
1481 2854 153 49 mutari
1588 2854 107 49 non
1649 2854 153 49 potest
1756 2854 123 49 dici
1833 2854 92 49 de
1863 2854 77 49 Deo

1090 2903 123 49 quia
1166 2903 169 49 poneret
1289 2903 123 49 suum
1366 2903 246 49 significatum
1566 2903 92 49 in
1612 2903 123 49 Deo;
1689 2903 108 49 sed
1750 2903 138 49 fieri
1827 2903 123 49 potest

1094 2936 127 48 dici
1174 2936 96 48 de
1221 2936 127 48 Deo:
1301 2936 127 48 quia
1381 2936 111 48 non
1444 2936 143 48 ponit
1540 2936 127 48 suum
1620 2936 255 48 significatum
1827 2936 96 48 in
1858 2936 80 48 Deo

1099 2972 102 48 sed
1158 2972 87 48 in
1201 2972 160 48 termino
1318 2972 204 48 differente
1478 2972 73 48 a
1508 2972 117 48 Deo.

1099 3014 103 51 Ad
1150 3014 205 51 secundum
1304 3014 223 51 dicendum,
1476 3014 137 51 quod
1561 3014 154 51 maior
1664 3014 120 51 non
1732 3014 120 51 est
1801 3014 154 51 vera,
1887 3014 68 51 si

1088 3054 122 55 tali
1164 3054 122 55 modo
1241 3054 122 55 fit,
1317 3054 122 55 quod
1394 3054 153 55 factio
1501 3054 184 55 refertur
1639 3054 92 55 ad
1685 3054 276 55 propositionem,
1899 3054 46 55 &

1085 3088 133 52 non
1161 3088 114 52 ab
1218 3088 266 52 subiectum.

1127 3132 114 65 Ad
1184 3132 210 65 tertium
1337 3132 229 65 dicendum
1508 3132 172 65 eodem
1604 3132 133 65 modo.
