2401 3539
212 282 140 65 alius
306 282 156 65 filius
415 282 125 65 post
493 282 296 65 resurrectionem,
743 282 109 65 nec
805 282 140 65 virgo
899 282 125 65 alia
961 282 125 65 mater:

210 338 116 40 quia
283 338 160 40 virtute
400 338 146 40 diuina
502 338 116 40 eade
574 338 175 40 filiatio
705 338 87 40 in
749 338 248 40 resurrectione
953 338 116 40 fuit
1011 338 73 40 re-

209 377 199 50 staurata,
362 377 138 50 sicut
454 377 77 50 &
484 377 138 50 eadem
576 377 153 50 humana
684 377 169 50 natura,
806 377 77 50 &
837 377 107 50 hoc
898 377 153 50 potuit
990 377 92 50 vir-

220 423 106 44 tus
280 423 166 44 diuina,
401 423 136 44 licet
492 423 136 44 nulla
583 423 151 44 virtus
689 423 182 44 limitata
825 423 106 44 hoc
885 423 182 44 efficere
1006 423 76 44 po

175 453 226 42 tuerit.

247 494 105 41 Ad
299 494 209 41 secundum
456 494 227 41 dicendum,
630 494 139 41 quod
717 494 209 41 filiatio
874 494 122 41 non
926 494 157 41 denomi-

213 534 112 42 nat
277 534 240 42 fundamentum
469 534 240 42 immediatum,
660 534 128 42 quod
740 534 112 42 est
804 534 128 42 ipsa
884 534 176 42 natura,
996 534 80 42 sed

224 572 204 41 denominat
381 572 219 41 subiectum,
553 572 110 41 seu
616 572 219 41 suppositum
788 572 219 41 subsistens
961 572 94 41 in
992 572 94 41 tali

212 611 175 42 natura,
339 611 127 42 siue
418 611 222 42 sustentans
593 611 143 42 talem
688 611 190 42 naturam:
831 611 79 42 &
863 611 127 42 quia
942 611 127 42 vnum
1006 611 79 42 est

219 650 214 44 suppositum
387 650 92 44 in
432 650 168 44 Christo
554 650 214 44 subsistens
722 650 92 44 in
768 650 153 44 duabus
875 650 183 44 naturis,
997 650 92 44 huma

219 691 92 40 na
265 691 185 40 scilicet
403 691 77 40 &
434 691 169 40 diuina:
557 691 123 40 ideo
634 691 169 40 quamuis
758 691 92 40 in
804 691 169 40 Christo
927 691 123 40 sint
989 691 92 40 duae

223 731 148 44 reales
327 731 222 44 filiationes
505 731 178 44 fundatae
638 731 192 44 immediate
786 731 89 44 in
830 731 133 44 illis
919 731 148 44 duabus
1008 731 74 44 na-

226 771 150 51 turis,
331 771 180 51 Christus
466 771 135 51 tamen
556 771 105 51 est
616 771 120 51 vnus
692 771 165 51 filius,
812 771 75 51 &
842 771 105 51 non
902 771 105 51 duo
947 771 135 51 propter

231 809 167 42 nitatem
352 809 197 42 suppositi
504 809 212 42 denominati
671 809 136 42 illis
762 809 152 42 duabus
853 809 227 42 filiationibus

244 846 97 42 Ad
292 846 177 42 tertium
421 846 209 42 dicendum,
582 846 129 42 quod
662 846 113 42 non
727 846 113 42 est
791 846 161 42 simile
904 846 97 42 de
936 846 145 42 creato-

217 884 97 54 re
265 884 113 54 &c.
330 884 129 54 quia
410 884 113 54 per
475 884 129 54 hoc,
556 884 129 54 quod
636 884 129 54 Deus
717 884 113 54 est
781 884 194 54 creator,
927 884 113 54 vel
975 884 113 54 Domi-

224 927 125 43 nus,
302 927 109 43 non
365 927 172 43 assumit
489 927 94 43 in
536 927 187 43 vnitatem
677 927 125 43 suae
755 927 187 43 personae
895 927 172 43 aliquam
1004 927 78 43 na-

223 967 162 50 turam,
336 967 194 50 mediante
481 967 113 50 qua
546 967 162 50 fundet
659 967 162 50 realem
772 967 226 50 relationem
950 967 97 50 ad
982 967 113 50 crea-

226 1005 146 43 turam,
328 1005 102 43 vel
387 1005 87 43 ad
430 1005 160 43 seruum,
547 1005 131 43 sicut
634 1005 102 43 est
692 1005 87 43 in
736 1005 204 43 proposito.
896 1005 116 43 Item
954 1005 131 43 relatio

227 1040 203 52 creatoris
383 1040 94 52 ad
430 1040 218 52 creaturam,
602 1040 78 52 &
633 1040 156 52 domini
742 1040 94 52 ad
789 1040 156 52 seruum
898 1040 187 52 trahitur
1023 1040 62 52 ad

217 1083 149 46 modum
317 1083 232 46 relationis
499 1083 199 46 mensurae
648 1083 99 46 ad
698 1083 248 46 mensuratum:
896 1083 182 46 relatio
1012 1083 83 46 au-

220 1119 116 45 tem
287 1119 149 45 filii
386 1119 99 45 ad
436 1119 166 45 matrem
552 1119 116 45 non
618 1119 199 45 trahitur
767 1119 99 45 ad
817 1119 149 45 modum
899 1119 199 45 relationis

223 1160 180 45 mensurae,
362 1160 111 45 quia
431 1160 180 45 effectus,
569 1160 97 45 seu
624 1160 152 45 filius,
735 1160 83 45 vt
777 1160 152 45 filius,
887 1160 97 45 non
943 1160 138 45 potest
1026 1160 69 45 di-

211 1202 175 42 ri
298 1202 321 42 mensura
531 1202 291 42 cause,
735 1202 204 42 seu
823 1202 262 42 matris.

267 1240 98 49 Ad
316 1240 179 49 quartum
446 1240 212 49 dicendum,
609 1240 130 49 quod
691 1240 114 49 non
756 1240 114 49 est
821 1240 163 49 simile
935 1240 98 49 de
968 1240 114 49 Chri-

230 1277 109 51 to,
293 1277 78 51 &
324 1277 94 51 de
371 1277 187 51 quolibet
511 1277 125 51 alio
589 1277 172 51 homine,
714 1277 125 51 quia
792 1277 140 51 alius
885 1277 125 51 homo
948 1277 140 51 accipit

231 1318 123 55 vnam
308 1318 170 55 naturam
431 1318 77 55 a
462 1318 139 55 patre
554 1318 77 55 &
585 1318 154 55 matre:
693 1318 108 55 sed
755 1318 185 55 Christus
894 1318 170 55 accipit
1001 1318 93 55 diui

230 1360 117 47 nam
297 1360 184 47 naturam
431 1360 84 47 a
465 1360 167 47 patre,
582 1360 84 47 &
615 1360 184 47 humanam
749 1360 84 47 a
766 1360 134 47 matre.

253 1398 124 43 Ad
315 1398 228 43 quintum
481 1398 186 43 patet
605 1398 145 43 per
688 1398 207 43 eandem
813 1398 269 43 solutionem.

269 1433 103 46 Ad
320 1433 172 46 sextum
441 1433 224 46 dicendum,
613 1433 138 46 quod
699 1433 189 46 quamuis
837 1433 189 46 diuinum
957 1433 138 46 suppo-

224 1472 140 48 situm
318 1472 109 48 non
380 1472 202 48 referatur
536 1472 202 48 relatione
691 1472 140 48 reali
785 1472 93 48 ad
831 1472 218 48 creaturam,
1003 1472 78 48 &
1018 1472 78 48 hoc

228 1515 92 46 vt
274 1515 168 46 diuinum
396 1515 214 46 suppositum
563 1515 122 46 est,
640 1515 153 46 tamen,
746 1515 92 46 vt
792 1515 198 46 assumpsit
929 1515 168 46 creaturam

216 1549 186 46 mediante
355 1549 201 46 huiusmodi
509 1549 201 46 assumptam
664 1549 201 46 creatura,
819 1549 186 46 realiter
942 1549 155 46 refertur

225 1591 92 45 ad
271 1591 214 45 creaturam:
439 1591 92 45 de
485 1591 107 45 qua
546 1591 122 45 illa
623 1591 184 45 assumpta
760 1591 184 45 creatura
898 1591 107 45 est
944 1591 153 45 assumpta

209 1632 364 41 scilicet
482 1632 182 41 ad
573 1632 364 41 Virginem
815 1632 273 41 matrem.

267 1670 96 47 Ad
315 1670 192 47 septimum
459 1670 112 47 est
523 1670 208 47 dicendum,
683 1670 128 47 quod
764 1670 112 47 non
828 1670 112 47 est
892 1670 176 47 simile;
1004 1670 96 47 quia

232 1709 233 49 intellectus
419 1709 186 49 mediante
559 1709 109 49 vna
621 1709 186 49 scientia
760 1709 155 49 fundat
869 1709 124 49 vnum
931 1709 171 49 respectum

236 1751 109 42 per
299 1751 265 42 comparationem
517 1751 94 42 ad
564 1751 125 42 vnum
642 1751 187 42 scibile:
782 1751 109 42 sed
845 1751 94 42 in
891 1751 172 42 Christo
1000 1751 94 42 sunt

229 1793 124 44 duae
307 1793 171 44 naturae
431 1793 202 44 fundantes
586 1793 124 44 duos
664 1793 155 44 reales
772 1793 202 44 respectus
927 1793 109 44 per
974 1793 124 44 compa-

243 1825 182 42 tationem
380 1825 91 42 ad
425 1825 106 42 duo
486 1825 167 42 extrema
608 1825 182 42 realiter
744 1825 213 42 distincta:
912 1825 91 42 Si
957 1825 137 42 tamen
1033 1825 61 42 i-

234 1865 114 45 dem
299 1865 244 45 intellectus
494 1865 114 45 cum
559 1865 130 45 hoc,
640 1865 130 45 quod
721 1865 146 45 habet
819 1865 211 45 scientiam
981 1865 98 45 de
1014 1865 81 45 vno

240 1902 174 46 scibili,
371 1902 116 46 puta
444 1902 87 46 de
488 1902 160 46 lapide,
604 1902 131 46 etiam
691 1902 160 46 haberet
807 1902 189 46 scientiam
953 1902 87 46 de
996 1902 87 46 se
1025 1902 73 46 ip-

244 1941 98 45 so,
300 1941 112 45 siue
370 1941 84 45 de
411 1941 167 45 sciente,
537 1941 112 45 tunc
607 1941 167 45 refertur
732 1941 84 45 ad
774 1941 167 45 lapidem,
900 1941 70 45 &
928 1941 84 45 ad
956 1941 153 45 scientem:

225 1983 185 45 sic
330 1983 185 45 est
436 1983 159 45 in
515 1983 343 45 proposito
753 1983 132 45 &c.

263 2024 98 43 Ad
312 2024 179 43 octauum
442 2024 212 43 dicendum,
605 2024 130 43 quod
686 2024 147 43 minor
784 2024 114 43 est
849 2024 147 43 falsa
930 2024 163 43 loquendo

247 2062 85 44 de
289 2062 155 44 ratione
402 2062 169 44 vniuoca,
529 2062 85 44 de
572 2062 99 44 qua
628 2062 226 44 oportetistos
812 2062 141 44 loqui,
910 2062 127 44 alias
995 2062 127 44 maior

240 2101 103 39 est
299 2101 147 39 falsa,
402 2101 117 39 quod
475 2101 132 39 autem
563 2101 132 39 minor
651 2101 88 39 in
695 2101 191 39 proposito
842 2101 103 39 sit
901 2101 132 39 falsa
974 2101 132 39 loquen-

236 2140 92 51 do
282 2140 92 51 de
327 2140 168 51 ratione
449 2140 168 51 vniuoca
572 2140 153 51 patet,
679 2140 122 51 quia
755 2140 168 51 relatio
877 2140 168 51 diuina,
999 2140 76 51 &
1014 2140 92 51 huma

239 2179 89 46 na
284 2179 134 46 dato,
373 2179 119 46 quod
447 2179 223 46 conueniant,
625 2179 89 46 in
670 2179 163 46 ratione
788 2179 178 46 analoga,
922 2179 74 46 &
952 2179 134 46 valde
1026 2179 74 46 re-

235 2219 143 45 mota,
330 2219 95 45 in
378 2219 143 45 nulla
473 2219 175 45 ratione
600 2219 175 45 vniuoca
727 2219 190 45 poterunt
870 2219 222 45 conuenire,
1029 2219 79 45 cum

244 2252 109 52 vna
307 2252 109 52 sit
369 2252 187 52 creator,
509 2252 78 52 &
540 2252 156 52 altera
649 2252 202 52 creatura.
804 2252 140 52 Etiam
898 2252 156 52 posset
991 2252 109 52 nega-

249 2300 90 47 ri
294 2300 135 47 malor
384 2300 180 47 loquendo
519 2300 90 47 de
564 2300 255 47 accidentibus,
775 2300 105 47 seu
835 2300 270 47 proprietatibus
1045 2300 60 47 re

237 2331 194 46 latiuis.
382 2331 129 46 Item
463 2331 178 46 quamuis
593 2331 178 46 ratione
722 2331 178 46 eiusdem
851 2331 226 46 fundamenti
1029 2331 113 46 non

245 2385 164 41 possint
364 2385 134 41 eidem
454 2385 149 41 inesse
558 2385 119 41 duae
632 2385 134 41 tales
722 2385 253 41 proprietates,
930 2385 164 41 ratione
1035 2385 74 41 ta-

245 2420 118 43 men
312 2420 168 43 duorum
430 2420 286 43 fundamentorum
665 2420 202 43 possunt,
816 2420 118 43 sic
884 2420 151 43 autem
984 2420 118 43 est
1035 2420 67 43 in

231 2452 412 54 proposito,
554 2452 235 54 ideo
672 2452 147 54 &c.

252 2486 102 50 Ad
303 2486 152 50 nonum
405 2486 220 50 dicendum,
574 2486 136 50 quod
659 2486 119 50 non
726 2486 119 50 est
794 2486 169 50 simile
913 2486 102 50 de
963 2486 136 50 toto
1031 2486 68 50 re

236 2535 168 43 spectu
354 2535 202 43 partium;
505 2535 134 43 quia
589 2535 134 43 idem
673 2535 151 43 totum
774 2535 202 43 secundum
925 2535 151 43 idem,
1009 2535 84 43 hoc

241 2569 110 47 est
304 2569 189 47 secundum
446 2569 158 47 eandem
556 2569 173 47 naturam
683 2569 236 47 totalitatis
872 2569 142 47 suae,
966 2569 79 47 &
998 2569 142 47 eodem

236 2613 132 45 modo
318 2613 198 45 refertur
466 2613 99 45 ad
515 2613 214 45 quamlibet
680 2613 115 45 sui
746 2613 181 45 partem.
878 2613 230 45 Suppositum
1042 2613 66 45 au

238 2655 120 41 tem
306 2655 188 41 diuinum
443 2655 205 41 secundum
597 2655 137 41 duas
682 2655 188 41 naturas
819 2655 273 41 communicatas
1024 2655 85 41 por

242 2692 120 44 duas
317 2692 210 44 distinctas
482 2692 180 44 origines
617 2692 180 44 refertur
752 2692 90 44 ad
797 2692 165 44 patrem,
917 2692 75 44 &
947 2692 90 44 ad
977 2692 120 44 matre.

252 2725 184 45 Concesso
390 2725 138 45 etiam
482 2725 123 45 toto
559 2725 230 45 svllogismo,
743 2725 107 45 non
804 2725 154 45 reputo
896 2725 200 45 inconuenien

238 2767 152 47 illud,
344 2767 91 47 ad
389 2767 121 47 quod
465 2767 197 47 deducitas
617 2767 121 47 quia
693 2767 136 47 sicut
784 2767 197 47 huiusmodi
935 2767 152 47 partes
1026 2767 91 47 sunt

236 2812 89 38 in
281 2812 193 38 potentia,
430 2812 74 38 &
459 2812 104 38 non
519 2812 89 38 in
563 2812 134 38 actu,
653 2812 104 38 sic
712 2812 74 38 &
742 2812 193 38 huiusmodi
891 2812 223 38 relationes:
1069 2812 74 38 &

253 2842 121 46 sicut
333 2842 94 46 non
387 2842 94 46 est
441 2842 216 46 inconueniens
616 2842 175 46 infinitas
751 2842 81 46 in
792 2842 162 46 potentia
913 2842 108 46 esse
980 2842 81 46 in
1007 2842 108 46 eodemn

245 2887 105 53 sic
305 2887 120 53 eode
380 2887 120 53 modo
455 2887 120 53 dico
530 2887 90 53 de
575 2887 240 53 respectibus,
769 2887 105 53 seu
829 2887 255 53 relationibus:
1024 2887 90 53 Vnde

250 2919 114 65 pon
315 2919 163 65 video,
429 2919 131 65 quin
511 2919 147 65 eodem
609 2919 147 65 modo,
707 2919 114 65 quo
772 2919 196 65 ponuntur
919 2919 196 65 infinita
1050 2919 65 65 ab

240 2965 166 57 soluta
357 2965 100 57 in
406 2965 166 57 eodem,
523 2965 199 57 possimus
672 2965 149 57 etiam
772 2965 166 57 ponere
888 2965 199 57 infinita
1021 2965 83 57 re

127 3006 666 54 spectuua

245 3046 97 55 Ad
293 3046 178 55 decimum
423 3046 145 55 patet
519 3046 113 55 per
584 3046 113 55 ea,
649 3046 129 55 quae
729 3046 145 55 dicta
826 3046 129 55 sunt
907 3046 97 55 ad
939 3046 178 55 secundum.

265 3084 126 52 ALIA
344 3084 110 52 est
407 3084 174 52 opinio,
533 3084 126 52 quae
612 3084 158 52 dicit,
723 3084 126 52 quod
802 3084 189 52 filiatio
943 3084 158 52 potest
1038 3084 79 52 du-

242 3117 181 59 pliciter
378 3117 166 59 accipi.
499 3117 106 59 Vno
559 3117 136 59 modo,
650 3117 91 59 vt
695 3117 166 59 relatio
816 3117 151 59 solum,
922 3117 76 59 &
952 3117 106 59 sic
997 3117 121 59 neces

1112 290 90 62 se
1157 290 120 62 est,
1232 290 120 62 quod
1307 290 90 62 in
1352 290 165 62 Christo
1472 290 165 62 praeter
1591 290 240 62 filiationem,
1786 290 105 62 qua
1831 290 150 62 refertur

1114 344 88 50 ad
1158 344 162 50 patrem:
1276 344 103 50 sit
1335 344 118 50 alia
1408 344 191 50 filiatio,
1555 344 103 50 qua
1614 344 176 50 refertur
1747 344 88 50 ad
1791 344 162 50 matrem,
1894 344 88 50 quae

1111 385 98 47 est
1167 385 126 47 aeque
1251 385 155 47 realis,
1364 385 126 47 sicut
1448 385 197 47 quaecunque
1603 385 112 47 alia
1673 385 155 47 relatio
1785 385 84 47 in
1813 385 169 47 creaturis.

1117 422 117 47 Alio
1190 422 117 47 modo
1263 422 190 47 accipitur
1409 422 175 47 filiatio
1541 422 102 47 non
1599 422 146 47 solum,
1702 422 88 47 vt
1745 422 175 47 relatio,
1877 422 102 47 Sed
1921 422 58 47 vt

1121 468 203 48 proprietas
1280 468 217 48 personalis;
1453 468 101 48 sic
1511 468 87 48 in
1555 468 159 48 Christo
1670 468 101 48 non
1728 468 145 48 potest
1829 468 116 48 esse
1887 468 87 48 nisi

1126 500 81 53 na
1167 500 176 53 filiatio.

1148 540 166 48 Primum
1264 540 182 48 probant
1397 540 133 48 sic.
1480 540 215 48 Vbicunque
1646 540 232 48 producens,
1828 540 83 48 &
1844 540 133 48 produm

1117 581 139 53 ctum
1203 581 208 53 incidunt
1360 581 104 53 in
1412 581 174 53 eundem
1533 581 208 53 ordinem,
1690 581 87 53 &
1724 581 174 53 maxime
1846 581 104 53 in
1881 581 104 53 idem

1107 621 184 44 secundum
1245 621 184 44 speciem,
1382 621 92 44 si
1428 621 123 44 vnum
1505 621 184 44 refertur
1643 621 184 44 realiter
1781 621 92 44 ad
1827 621 184 44 alterum,

1118 662 78 43 &
1150 662 218 43 econuerso,
1320 662 186 43 reliquum
1460 662 186 43 realiter
1600 662 186 43 refertur
1740 662 93 43 ad
1787 662 155 43 ipsum:
1895 662 109 43 sed

1123 699 210 46 Christus
1280 699 210 46 secundum
1437 699 192 46 humanam
1577 699 210 46 naturam,
1734 699 87 46 &
1769 699 157 46 beata
1857 699 122 46 Virgo

1109 734 187 51 incidunt
1250 734 94 51 in
1297 734 156 51 eundem
1406 734 172 51 ordinem
1531 734 187 51 naturae,
1671 734 125 51 ergo
1749 734 94 51 si
1796 734 140 51 reali
1874 734 109 51 mater

1117 776 145 53 nitate
1218 776 130 53 virgo
1305 776 174 53 refertur
1435 776 87 53 ad
1478 776 159 53 filium,
1594 776 174 53 scilicet
1724 776 203 53 Christuri,
1869 776 101 53 econ-

1115 824 138 48 uerso
1207 824 185 48 Christus
1345 824 138 48 reali
1438 824 215 48 filiatione
1607 824 185 48 refertur
1745 824 92 48 ad
1791 824 154 48 matrem
1884 824 92 48 vir

1020 852 452 54 ginem.

1123 864 186 83 Secudum
1258 864 186 83 probant
1393 864 135 83 sic;
1478 864 118 83 vbi
1545 864 118 83 est
1613 864 135 83 vnum
1697 864 236 83 suppositum
1866 864 118 83 solum

1122 932 106 48 ibi
1183 932 106 48 est
1243 932 137 48 solum
1335 932 122 48 vnum
1411 932 213 48 principium
1578 932 213 48 suppositi:
1745 932 106 48 sed
1806 932 91 48 in
1836 932 137 48 Christo

1123 972 111 39 non
1187 972 111 39 est
1250 972 127 39 nisi
1329 972 127 39 vnum
1408 972 238 39 suppositum,
1599 972 127 39 ergo
1678 972 95 39 in
1725 972 174 39 Christo
1852 972 111 39 non
1900 972 79 39 po-

1126 1012 110 57 test
1195 1012 110 57 esse
1264 1012 110 57 nisi
1332 1012 96 57 vna
1387 1012 110 57 sola
1456 1012 192 57 proprietas
1607 1012 192 57 personalis
1758 1012 124 57 huius
1827 1012 151 57 suppositi

1100 1048 235 50 constitutiua.

1157 1089 104 43 Sed
1217 1089 134 43 illud
1306 1089 149 43 dictum
1410 1089 134 43 licet
1500 1089 179 43 videatur
1634 1089 119 43 esse
1708 1089 134 43 aliud
1797 1089 74 43 a
1812 1089 164 43 positione

1125 1131 121 51 quam
1200 1131 91 51 ad
1246 1131 181 51 praesens
1382 1131 151 51 teneo,
1487 1131 136 51 tamen
1578 1131 91 51 in
1623 1131 91 51 re
1669 1131 121 51 idem
1744 1131 121 51 est:
1820 1131 121 51 ideo
1880 1131 106 51 nihil

1128 1166 134 58 lico
1212 1166 168 58 contra
1330 1166 117 58 iam
1397 1166 168 58 dictam
1514 1166 302 58 distinctionem:
1766 1166 185 58 numquam
1883 1166 101 58 enim

1119 1208 116 53 fuit
1192 1208 175 53 intentio
1323 1208 175 53 doctoris
1454 1208 160 53 nostri,
1571 1208 102 53 nec
1629 1208 204 53 cuiuslibet
1789 1208 175 53 alterius
1905 1208 73 53 po-

1132 1248 137 56 entis
1223 1248 122 56 duas
1300 1248 153 56 reales
1406 1248 229 56 filiationes
1589 1248 92 56 in
1635 1248 183 56 Christo,
1772 1248 122 56 quod
1833 1248 153 56 huiusmo-

1126 1285 80 47 di
1166 1285 160 47 dualitas
1286 1285 213 47 intelligutur
1459 1285 80 47 de
1499 1285 200 47 filiatione,
1659 1285 107 47 quae
1726 1285 93 47 est
1779 1285 160 47 personae
1886 1285 93 47 filit

1122 1327 257 50 constitutiua;
1333 1327 121 50 quia
1409 1327 121 50 illa
1484 1327 106 50 non
1545 1327 106 50 est
1605 1327 227 50 temporalis,
1787 1327 106 50 sed
1832 1327 151 50 aeterna;

1131 1361 123 58 icut
1208 1361 77 58 &
1238 1361 123 58 ipsa
1315 1361 169 58 persona
1439 1361 108 58 per
1500 1361 108 58 eam
1562 1361 216 58 constituta
1731 1361 77 58 :
1762 1361 123 58 ergo
1823 1361 62 58 &c

1236 1447 288 65 ART
1400 1447 411 65 1CVLVS
1647 1447 205 65 III

1293 1523 210 94 Vtrum
1433 1523 281 94 Christus
1643 1523 164 94 sit
1737 1523 164 94 duo
1807 1523 187 94 filu.-

1204 1639 174 67 VANTVM
1325 1639 104 67 ad
1377 1639 191 67 tertium
1516 1639 226 67 articulum
1690 1639 156 67 dico,
1794 1639 139 67 quod
1863 1639 122 67 quam-

1135 1680 118 46 uis
1202 1680 101 46 in
1253 1680 185 46 Christo
1387 1680 135 46 sint
1472 1680 135 46 duae
1556 1680 168 46 reales
1673 1680 252 46 filationes,
1858 1680 118 46 Chri-

1126 1725 121 47 stus
1202 1725 137 47 tamen
1293 1725 106 47 non
1354 1725 106 47 est
1414 1725 106 47 duo
1475 1725 137 47 filij
1566 1725 167 47 propter
1687 1725 182 47 vnitatem
1809 1725 182 47 suppositi,

1150 1765 99 48 uod
1207 1765 156 48 propric
1320 1765 156 48 dicitur
1433 1765 156 48 filius.
1547 1765 85 48 Et
1589 1765 113 48 ista
1660 1765 99 48 est
1717 1765 184 48 sententia
1844 1765 142 48 Augusun-

1141 1813 75 47 t
1171 1813 164 47 apparet
1290 1813 90 47 in
1335 1813 164 47 littera
1455 1813 119 47 huis
1529 1813 134 47 dist.
1619 1813 134 47 Dicit
1708 1813 134 47 enim.
1798 1813 104 47 Non
1843 1813 134 47 dicimus

1135 1842 203 43 Christum
1287 1842 135 43 duos
1371 1842 186 43 filios,
1506 1842 118 43 sed
1574 1842 135 43 vnum
1658 1842 219 43 eundemque
1827 1842 186 43 silium.

1166 1883 145 51 FORTE
1262 1883 193 51 dicetur,
1407 1883 128 51 quod
1487 1883 193 51 terminus
1632 1883 241 51 natiuitatis
1824 1883 112 51 est
1889 1883 128 51 esse

1136 1921 152 46 ilium,
1242 1921 106 46 cum
1303 1921 121 46 ergo
1379 1921 167 46 Christo
1500 1921 213 46 conueniant
1667 1921 121 46 duae
1743 1921 243 46 natiuitates,
1925 1921 61 46 vt

1137 1966 170 48 apparet
1260 1966 93 48 in
1307 1966 139 48 primo
1400 1966 124 48 art.
1477 1966 186 48 videtur,
1616 1966 124 48 quod
1694 1966 124 48 sibi
1771 1966 201 48 conueniat
1911 1966 77 48 du-

1136 2002 117 40 plex
1210 2002 117 40 esse
1283 2002 176 40 filiale,
1414 2002 73 40 &
1444 2002 102 40 per
1502 2002 205 40 consequens
1663 2002 117 40 erit
1736 2002 102 40 duo
1795 2002 146 40 filij.
1883 2002 102 40 Rpro-

1137 2040 81 51 p
1169 2040 113 51 OND
1234 2040 81 51 E
1266 2040 97 51 O,
1315 2040 129 51 quod
1396 2040 146 51 sicut
1493 2040 113 51 duo
1557 2040 146 51 actus
1654 2040 178 51 possunt
1784 2040 210 51 terminari
1929 2040 65 51 ad

1133 2079 132 43 idem
1215 2079 230 43 suppositum
1396 2079 197 43 secundum
1544 2079 165 43 aliam,
1659 2079 82 43 &
1692 2079 148 43 aliam
1791 2079 181 43 formam,
1906 2079 82 43 seu

1136 2118 187 40 naturam:
1277 2118 109 40 sic
1339 2118 156 40 potest
1448 2118 125 40 idem
1526 2118 218 40 suppositum
1698 2118 156 40 habere
1807 2118 156 40 duplex
1900 2118 94 40 esse

1141 2158 160 46 filiale
1257 2158 174 46 secundum
1387 2158 116 46 duas
1460 2158 218 46 filiationes
1634 2158 174 46 sortitas
1764 2158 102 46 per
1808 2158 189 46 acceptionem

1134 2195 161 53 duarum
1246 2195 225 53 naturarum:
1423 2195 128 53 erit
1503 2195 145 53 tamen
1600 2195 128 53 idem
1680 2195 161 53 filius
1792 2195 177 53 propter
1905 2195 96 53 vni-

1133 2239 140 57 tatem
1227 2239 218 57 suppositi,
1398 2239 124 57 quod
1476 2239 109 57 hoc
1538 2239 156 57 nomine
1647 2239 156 57 filius
1756 2239 218 57 necessario
1911 2239 78 57 im-

1151 2274 159 47 licatur,

1238 2350 589 79 ARTICVLVS
1645 2350 227 79 III

1164 2468 161 59 Vtrum
1272 2468 179 59 natura
1397 2468 179 59 humana
1523 2468 197 59 Christi
1666 2468 179 59 debeat
1792 2468 143 59 dici
1863 2468 108 59 nata

1217 2556 187 80 VANTVM
1348 2556 112 80 ad
1404 2556 206 80 quartum
1554 2556 168 80 dico,
1666 2556 168 80 quod,
1779 2556 206 80 proprie
1909 2556 94 80 lo-

1153 2616 191 58 equendo,
1296 2616 143 58 nasci
1391 2616 191 58 conuenit
1534 2616 207 58 supposito
1693 2616 175 58 tamquam
1820 2616 143 58 illi,
1900 2616 95 58 quod

1143 2662 195 37 nascitur:
1293 2662 105 37 Sed
1353 2662 165 37 naturae
1473 2662 180 37 conuenit
1608 2662 165 37 tanquam
1728 2662 135 37 illi,
1818 2662 105 37 quo
1863 2662 135 37 aliquid

1146 2695 190 67 nascitur:
1293 2695 73 67 &
1322 2695 132 67 istas
1410 2695 117 67 duas
1483 2695 234 67 conclusiones
1673 2695 161 67 ratione
1790 2695 205 67 breuitatis
1937 2695 73 67 si-

1149 2729 108 60 mul
1210 2729 139 60 probo
1287 2729 93 60 sic.

1164 2761 74 70 1
1194 2761 134 70 Sicut
1283 2761 89 70 se
1328 2761 134 70 habet
1417 2761 179 70 generare
1551 2761 89 70 ad
1596 2761 194 70 generari,
1745 2761 104 70 sic
1805 2761 89 70 se
1849 2761 134 70 habet
1924 2761 89 70 prin

1148 2811 152 52 cipium
1254 2811 243 52 generationis
1452 2811 91 52 ad
1498 2811 183 52 terminum
1635 2811 259 52 generationis:
1848 2811 122 52 ergo
1909 2811 91 52 con-

1141 2856 189 55 mutatim,
1283 2856 142 55 sicut
1377 2856 94 55 se
1425 2856 142 55 habet
1519 2856 189 55 generare
1661 2856 94 55 ad
1708 2856 220 55 principium
1865 2856 142 55 genera-

1150 2894 171 41 tionis,
1275 2894 109 41 sic
1337 2894 93 41 se
1383 2894 140 41 habet
1477 2894 186 41 generari
1616 2894 93 41 ad
1663 2894 186 41 terminum
1787 2894 233 41 generationis:

1158 2933 104 49 ved
1217 2933 207 49 principium
1380 2933 251 49 generationis,
1587 2933 118 49 quod
1661 2933 177 49 generat,
1794 2933 104 49 est
1853 2933 133 49 ipsum
1927 2933 74 49 sup

1148 2971 186 48 positum:
1287 2971 124 48 quia
1365 2971 140 48 agere
1458 2971 109 48 est
1520 2971 264 48 suppositorum,
1737 2971 93 48 vt
1783 2971 140 48 patet
1876 2971 93 48 1.
1907 2971 93 48 meth

1152 3010 74 47 &
1182 3010 222 47 principium,
1359 3010 118 47 quo,
1433 3010 103 47 seu
1492 3010 162 47 virtute
1610 3010 133 47 cuius
1699 3010 207 47 suppositum
1861 3010 177 47 generat,

1145 3053 100 50 est
1202 3053 114 50 ipsa
1273 3053 142 50 natura
1372 3053 71 50 :
1401 3053 114 50 ergo
1472 3053 171 50 terminus
1600 3053 227 50 generationis
1785 3053 156 50 tanquam
1898 3053 142 50 illud,

1158 3093 71 51 I
1186 3093 199 51 generatur,
1343 3093 100 51 est
1400 3093 128 51 ipsum
1485 3093 213 51 suppositum;
1655 3093 142 51 natura
1755 3093 128 51 autem
1840 3093 100 51 est
1897 3093 142 51 illud,

1145 3126 115 67 quo
1210 3126 230 67 suppositum
1391 3126 197 67 terminat
1539 3126 279 67 generationem.
1769 3126 99 67 Et
1818 3126 181 67 accipio
1933 3126 82 67 sem
