2405 3543
410 262 103 71 Ad
461 262 172 71 primum
582 262 223 71 dicendum,
753 262 137 71 quod
839 262 103 71 in
891 262 275 71 quibuscumque
1097 262 155 71 materia

366 309 208 81 praehabita
529 309 104 81 non
589 309 178 81 sufficit
722 309 89 81 in
766 309 163 81 illorum
885 309 267 81 resurrectione,
1107 309 119 81 Deus
1167 309 59 81 il

361 343 116 70 lam
428 343 182 70 modicam
560 343 199 70 materiam
710 343 249 70 praehabitam
908 343 99 70 in
958 343 166 70 seipsa
1058 343 182 70 miraculo-

358 389 86 62 se
401 389 114 62 mult
472 389 172 62 iplicat,
601 389 129 62 donec
686 389 186 62 sufficiat
829 389 86 62 ad
872 389 129 62 talem
958 389 186 62 perfectam
1087 389 157 62 staturam,

356 430 76 71 &
386 430 183 71 figuram,
524 430 92 71 ad
570 430 122 71 quam
646 430 122 71 ille
722 430 122 71 homo
799 430 183 71 venisset
936 430 107 71 per
998 430 183 71 naturam,
1135 430 92 71 si
1166 430 76 71 abs

363 467 108 69 que
424 467 154 69 errore
532 467 185 69 naturae,
671 467 77 69 &
702 467 123 69 sine
779 467 123 69 omni
856 467 247 69 impedimento,
1056 467 185 69 triginta
1179 467 62 69 an

361 521 96 59 nis
402 521 137 59 vixisset

399 543 106 62 Ad
452 543 213 62 secundum
612 543 231 62 dicendum,
790 543 142 62 quod
878 543 177 62 illud,
1003 543 142 62 quod
1074 543 177 62 comestum

361 581 116 64 est,
433 581 101 64 vel
491 581 116 64 erat
563 581 87 64 de
606 581 174 64 veritate
737 581 159 64 naturae
852 581 87 64 in
896 581 116 64 vno,
968 581 72 64 &
997 581 203 64 superfluum
1156 581 87 64 in
1185 581 58 64 al

371 621 129 67 tero,
456 621 114 67 tunc
528 621 171 67 resurget
656 621 86 67 in
699 621 129 67 illo,
785 621 86 67 de
828 621 129 67 cuius
913 621 171 67 veritate
1042 621 157 67 naturae
1142 621 100 67 dici-

373 663 97 62 tur
429 663 152 62 fuisse,
539 663 97 62 vel
595 663 111 62 erat
664 663 83 62 de
705 663 166 62 veritate
830 663 152 62 naturae
941 663 83 62 in
982 663 166 62 vtroquee
1107 663 69 62 &
1134 663 97 62 hoc
1176 663 69 62 du-

379 702 186 58 pliciter,
521 702 114 58 quia
593 702 100 58 vel
650 702 114 58 erat
721 702 128 58 aeque
807 702 86 58 de
850 702 171 58 veritate
978 702 157 58 naturae
1092 702 86 58 in
1121 702 114 58 vtroqu

378 738 107 64 vel
439 738 92 64 in
485 738 107 64 vno
546 738 153 64 magis,
652 738 122 64 quam
729 738 92 64 in
774 738 137 64 alio.
866 738 92 64 Ad
912 738 137 64 cuius
1003 738 229 64 intellectum
1171 738 76 64 est

379 783 261 57 aduertendum,
591 783 131 57 quod
673 783 180 57 humidum
803 783 212 57 radicale,
966 783 131 57 puta
1048 783 163 57 illud,
1146 783 98 57 quod

383 824 152 62 proles
489 824 228 62 consequitur
672 824 76 62 a
702 824 213 62 parentibus
869 824 106 62 per
930 824 137 62 actum
1021 824 182 62 virtutis
1143 824 91 62 gene

373 859 174 63 ratiuae,
503 859 101 63 est
561 859 130 63 magis
648 859 87 63 de
691 859 174 63 veritate
822 859 174 63 naturae,
952 859 116 63 quam
1025 859 145 63 illud,
1126 859 101 63 quo
1170 859 72 63 po-

369 901 123 60 stea
445 901 184 60 augetur,
584 901 123 60 quod
660 901 230 60 consequitur
845 901 108 60 per
906 901 138 60 actum
998 901 184 60 virtutis
1121 901 123 60 nutrit

373 944 127 56 uae.
452 944 127 56 Modo
532 944 174 56 ponatur
658 944 159 56 casus,
769 944 127 56 quod
849 944 190 56 paruulus
991 944 143 56 hodie
1086 944 143 56 natus
1166 944 79 56 co-

368 980 180 56 medatur
499 980 82 56 a
532 980 148 56 viro,
630 980 82 56 &
663 980 197 56 muliere;
810 980 82 56 &
843 980 164 56 illud,
958 980 131 56 quod
1040 980 131 56 fuit
1105 980 148 56 humidum

365 1015 207 58 radicale
520 1015 104 58 in
572 1015 138 58 illo
658 1015 207 58 paruulo,
814 1015 259 58 conuertatur
1021 1015 104 58 in
1055 1015 190 58 sanguinem

370 1055 216 61 menstruum
537 1055 100 61 in
586 1055 199 61 muliere,
736 1055 83 61 &
769 1055 100 61 in
819 1055 133 61 uiro
902 1055 100 61 in
952 1055 150 61 semen
1052 1055 183 61 virile.
1168 1055 83 61 Quo

377 1095 145 58 facto,
479 1095 189 58 cognoscat
624 1095 102 58 vir
682 1095 116 58 iste
755 1095 131 58 illam
842 1095 189 58 mulierem,
987 1095 73 58 &
1016 1095 203 58 concipiat,
1161 1095 87 58 tunt

377 1135 139 62 illud
469 1135 139 62 idem,
561 1135 123 62 quod
638 1135 139 62 prius
731 1135 123 62 fuit
808 1135 169 62 materia
931 1135 154 62 humidi
1039 1135 200 62 radicalis
1177 1135 62 62 is

384 1172 140 56 prole
478 1172 187 56 comesta,
618 1172 109 56 hoc
680 1172 125 56 erit
758 1172 156 56 postea
867 1172 140 56 etiam
961 1172 171 56 materia
1085 1172 156 56 humidi
1179 1172 62 56 ra

365 1212 175 61 dicalis
492 1212 95 61 in
540 1212 143 61 prole
635 1212 206 61 concepta.
794 1212 111 61 Quo
857 1212 127 61 casu
937 1212 175 61 posito,
1064 1212 127 61 tunc
1127 1212 127 61 resur-

378 1249 106 68 get
438 1249 91 68 in
484 1249 136 68 prole
575 1249 182 68 comesta,
711 1249 121 68 quia
787 1249 136 68 anima
878 1249 152 68 illius
984 1249 136 68 prius
1075 1249 152 68 habuit
1166 1249 91 68 habi

380 1295 193 54 tudinem
521 1295 106 54 ad
574 1295 158 54 illam
679 1295 246 54 corporalem
873 1295 246 54 portionem,
1066 1295 141 54 quam
1137 1295 106 54 anim

385 1328 156 60 prolis
494 1328 218 60 sequentis.
666 1328 93 60 Si
712 1328 140 60 autem
806 1328 93 60 in
852 1328 109 60 uno
915 1328 109 60 est
977 1328 140 60 magis
1070 1328 93 60 de
1101 1328 156 60 veritate

385 1367 156 57 humanae
498 1367 170 57 naturae,
626 1367 113 57 tunc
697 1367 85 57 in
739 1367 113 57 illo
810 1367 184 57 resurget,
952 1367 71 57 &
981 1367 85 57 si
1023 1367 142 57 alteri
1122 1367 99 57 non
1165 1367 85 57 suf-

375 1413 127 53 ficit
460 1413 156 53 residua
573 1413 156 53 materia
686 1413 99 53 pro
743 1413 170 53 perfecta
871 1413 170 53 statura,
998 1413 71 53 &
1026 1413 142 53 figura
1126 1413 99 53 sui
1168 1413 85 53 cor-

376 1448 161 66 poris,
488 1448 129 66 tunc
569 1448 129 66 Deus
649 1448 113 66 per
714 1448 129 66 suam
794 1448 225 66 potentiam,
971 1448 273 66 multiplicabit
1180 1448 64 66 hu

377 1489 173 50 iusmodi
503 1489 204 50 materiam,
660 1489 141 50 donec
739 1489 188 50 sufficiat.

419 1525 99 52 Ad
468 1525 197 52 tertium,
616 1525 131 52 nego
698 1525 246 52 antecedens.
895 1525 99 52 Ad
944 1525 263 52 probationem,
1141 1525 115 52 dicen

384 1564 117 59 dum,
458 1564 117 59 quod
531 1564 161 59 quamuis
648 1564 132 59 talia
735 1564 146 59 membra
838 1564 88 59 in
882 1564 132 59 statu
969 1564 117 59 illo
1043 1564 102 59 non
1086 1564 176 59 deseruiunt

377 1604 94 51 ad
424 1604 156 51 eundem
533 1604 140 51 vsum,
627 1604 94 51 ad
674 1604 125 51 quem
752 1604 94 51 in
799 1604 140 51 statu
892 1604 125 51 isto
970 1604 234 51 deseruiunt,
1142 1604 109 51 tamen

372 1643 106 51 non
432 1643 136 51 erunt
523 1643 182 51 frustra,
660 1643 121 51 quia
735 1643 136 51 ipsis
826 1643 227 51 complebitur
1008 1643 182 51 perfecta
1129 1643 121 51 human-

385 1682 185 57 corporis
523 1682 169 57 figura.
646 1682 139 57 Sicut
739 1682 123 57 enim
816 1682 154 57 oculus
924 1682 92 57 in
970 1682 154 57 homine
1078 1682 139 57 picto
1155 1682 92 57 quam

384 1721 104 55 uis
443 1721 104 55 non
503 1721 163 55 eliciat
621 1721 133 55 actum
710 1721 178 55 videndi,
843 1721 133 55 tamen
932 1721 104 55 non
991 1721 104 55 est
1050 1721 178 55 frustra,
1168 1721 89 55 quia

377 1759 191 58 deseruit
520 1759 95 58 ad
568 1759 222 58 complendum
743 1759 175 58 figutam
870 1759 191 58 hominis,
1013 1759 143 58 iuxta
1092 1759 159 58 intentio

378 1812 103 47 nem
437 1812 192 47 artifici:
585 1812 74 47 :
615 1812 103 47 Sic
674 1812 89 47 in
718 1812 192 47 proposito
851 1812 74 47 &c.

499 1878 566 91 ARTICVLVS
891 1878 218 91 II.

615 1990 113 56 De
672 1990 188 56 damnat
803 1990 150 56 orum
878 1990 132 56 loco.

396 2069 133 76 SVA
472 2069 152 76 NTVM
567 2069 114 76 ad
624 2069 228 76 secundum
795 2069 247 76 articulum
986 2069 228 76 breuiter
1138 2069 114 76 dico

421 2117 104 61 qu
473 2117 156 61 locus
577 2117 260 61 reproborum,
785 2117 121 61 seu
854 2117 243 61 damnatorum
1045 2117 121 61 est
1097 2117 156 61 infern-

371 2163 113 41 lis
435 2163 161 41 ignis,
548 2163 97 41 ad
597 2163 129 41 quem
678 2163 145 41 locum
775 2163 145 41 etiam
871 2163 113 41 cum
936 2163 129 41 suis
1017 2163 226 41 corporibus
1178 2163 81 41 de-

386 2188 203 51 trudentur
543 2188 110 51 per
605 2188 219 51 sententiam
778 2188 172 51 extremi
903 2188 188 51 iudicij,
1044 2188 172 51 dicente
1153 2188 94 51 Chri

397 2227 119 52 sto,
472 2227 104 52 Ite
531 2227 194 52 maledicti
680 2227 89 52 in
725 2227 134 52 ignem
815 2227 194 52 aeternum.
964 2227 104 52 Sed
1023 2227 149 52 qualis
1128 2227 104 52 sit
1173 2227 89 52 iste

396 2272 149 54 ignis,
500 2272 74 54 &
530 2272 104 54 ubi
590 2272 119 54 sit,
664 2272 164 54 patebit
783 2272 134 54 circa
873 2272 253 54 distinctionem
1081 2272 164 54 proxime
1186 2272 74 54 se-

392 2309 188 53 quentem,
533 2309 94 53 in
581 2309 110 53 qua
643 2309 204 53 tractatur
800 2309 94 53 de
847 2309 235 53 habitaculis
1035 2309 188 53 animarum
1161 2309 94 53 poss

391 2352 227 58 praesentem
553 2352 130 58 vitam.

507 2424 506 82 ARTICVLV
886 2424 211 82 S
928 2424 211 82 IIT

514 2504 109 84 De
568 2504 236 84 corporali
749 2504 236 84 supplicio
913 2504 217 84 damnatorum

456 2629 185 45 VANTVM
585 2629 111 45 ad
640 2629 203 45 tertium
788 2629 259 45 articulum,
991 2629 148 45 pono
1084 2629 148 45 duas
1158 2629 92 45 con

483 2666 197 47 clusiones.

430 2698 145 54 Prima
527 2698 129 54 est,
607 2698 129 54 quod
688 2698 177 54 corpora
817 2698 226 54 damnatorum
994 2698 210 54 patientur
1139 2698 129 54 poenam

390 2739 184 56 maximam
524 2739 101 56 ab
575 2739 134 56 igne
642 2739 201 56 infernali.

487 2776 125 46 Quia
566 2776 141 46 sicut
659 2776 172 46 corpora
785 2776 188 46 beatorum
925 2776 94 46 se
972 2776 188 46 habebunt
1113 2776 94 46 ad
1160 2776 125 46 glo

391 2813 144 58 riam,
487 2813 112 58 sic
551 2813 96 58 se
599 2813 176 58 habebut
727 2813 176 58 corpora
856 2813 224 58 damnatorum
1032 2813 96 58 ad
1080 2813 160 58 penam.
1192 2813 112 58 Sed

392 2854 162 55 corpora
510 2854 176 55 beatorum
642 2854 279 55 glorificabuntur
877 2854 176 55 coelesti
1009 2854 162 55 gloria,
1127 2854 118 55 quae
1186 2854 73 55 ess

385 2905 150 43 summa
485 2905 166 43 gloria
602 2905 249 43 corporalis:
801 2905 133 43 ergo
884 2905 183 43 corpora
1017 2905 233 43 damnatorum
1183 2905 67 43 pu

389 2942 165 43 nientur
509 2942 195 43 infernali
659 2942 150 43 poena,
764 2942 120 43 quae
838 2942 105 43 est
898 2942 150 43 maxima
1003 2942 135 43 inter
1093 2942 135 43 omnes
1168 2942 90 43 poe-

393 2981 117 38 nas,
467 2981 102 38 qui
525 2981 102 38 bus
584 2981 146 38 corpus
686 2981 146 38 potest
789 2981 176 38 affligi,
920 2981 88 38 ut
964 2981 190 38 testantur
1111 2981 132 38 omnes
1184 2981 73 38 do-

391 3014 141 52 ctores
476 3014 127 52 sancti.

402 3046 82 50 2
434 3046 228 50 Praeterea,
614 3046 147 50 sicut
712 3046 163 50 animae
826 3046 196 50 beatorum
972 3046 212 50 meruerunt
1119 3046 147 50 mediam-

390 3093 136 52 tibus
481 3093 121 52 suis
557 3093 227 52 corporibus,
739 3093 106 52 sic
799 3093 152 52 animae
905 3093 212 52 reproborum
1057 3093 197 52 peccauerunt

1253 242 77 69 &
1283 242 230 69 demerueruit
1468 242 230 69 mediantibus
1652 242 215 69 corporibus
1821 242 138 69 suis:
1913 242 123 69 ergo
1989 242 138 69 sicut
2066 242 77 69 cor

1266 303 132 55 pora
1348 303 198 55 beatorum
1496 303 313 55 resuscitabuntur
1760 303 99 55 ad
1810 303 264 55 percipiendum
2008 303 115 55 maxi-

1265 336 115 51 mum
1330 336 214 51 praemium,
1495 336 115 51 sic
1561 336 181 51 corpora
1692 336 230 51 reproborum
1856 336 280 51 resuscitabuntur

1255 381 103 54 ad
1306 381 275 54 percipiendum
1530 381 189 54 maximam
1667 381 189 54 poenam,
1805 381 137 54 quae
1890 381 241 54 communiter
2062 381 69 54 pe

1270 422 87 54 na
1313 422 130 54 ignis
1400 422 130 54 solet
1472 422 174 54 appellari.

1284 454 77 59 1
1314 454 138 59 Forte
1407 454 169 59 dicetur
1530 454 154 59 contra
1637 454 138 59 istam
1729 454 261 59 conclusionem,
1945 454 123 59 quod
2021 454 92 59 in
2052 454 77 59 es-

1265 494 220 56 sentialiter
1442 494 206 56 ordinatis,
1603 494 176 56 cessante
1736 494 147 56 primo,
1838 494 73 56 &
1868 494 206 56 superiori,
2015 494 132 56 necesse

1263 545 108 42 est
1324 545 123 42 omne
1401 545 200 42 inferius,
1555 545 77 42 &
1586 545 200 42 posterius
1740 545 77 42 a
1771 545 108 42 sua
1832 545 216 42 operatione
1986 545 154 42 cessare,

1271 579 108 45 Sed
1332 579 139 45 motus
1425 579 139 45 coeli
1517 579 108 45 est
1579 579 154 45 ordine
1687 579 216 45 essentiali
1856 579 139 45 prior
1949 579 170 45 omnibus
2057 579 92 45 moti

1272 621 108 43 bus
1333 621 170 43 istorum
1457 621 232 43 inferiorum,
1642 621 108 43 qui
1704 621 155 43 quidem
1812 621 139 43 motus
1905 621 139 43 coeli
1982 621 155 43 cessabit

1278 658 85 47 in
1320 658 99 47 die
1377 658 155 47 extremi
1489 658 155 47 iudicij
1602 658 141 47 igitur
1701 658 113 47 post
1771 658 127 47 illum
1856 658 127 47 diem,
1941 658 127 47 ignis
2025 658 99 47 non
2068 658 71 47 po-

1275 699 129 43 terit
1361 699 129 43 agere
1447 699 86 43 in
1490 699 158 43 corpora
1604 699 215 43 reproborum.
1777 699 129 43 Maior
1863 699 143 43 patet,
1963 699 115 43 quia
2035 699 86 43 si
2063 699 72 43 po-

1272 737 164 48 sterius
1391 737 149 48 posset
1496 737 119 48 suam
1570 737 223 48 operationem
1749 737 179 48 exercere
1883 737 119 48 sine
1957 737 164 48 priori,
2062 737 89 48 tume

1266 774 106 47 non
1326 774 212 47 dependeret
1493 774 91 47 ab
1539 774 106 47 eo,
1599 774 106 47 nec
1660 774 106 47 per
1721 774 212 47 consequens
1887 774 136 47 esset
1978 774 152 47 ordine
2069 774 76 47 es-

1274 814 190 43 sentiali
1416 814 205 43 posterius
1574 814 111 43 eo.
1638 814 142 43 Minor
1732 814 174 43 quantum
1859 814 95 43 ad
1906 814 158 43 primam
2017 814 158 43 partem

1271 849 237 53 conceditur,
1461 849 79 53 &
1493 849 221 53 communiter
1667 849 174 53 ponitur
1793 849 111 53 tam
1856 849 79 53 a
1888 849 221 53 theologis,
2046 849 95 53 quam

1274 890 79 47 a
1306 890 252 47 philosophis.
1511 890 110 47 Sed
1574 890 174 47 quantum
1700 890 95 47 ad
1748 890 189 47 secundam
1890 890 174 47 partem,
2016 890 79 47 a
2032 890 110 47 theo-

1278 931 133 49 logis
1367 931 207 49 communiter
1529 931 103 49 est
1588 931 192 49 concessa,
1736 931 74 49 &
1766 931 177 49 trahitur
1899 931 74 49 a
1928 931 133 49 sacra
2002 931 133 49 scripti

1276 969 100 51 ra,
1333 969 100 51 vbi
1390 969 158 51 iurauit
1505 969 158 51 Angelus
1620 969 100 51 per
1678 969 172 51 viuentem
1807 969 86 51 in
1850 969 158 51 saecula
1950 969 187 51 saeculorum.

1279 1007 126 56 quia
1358 1007 158 56 tempus
1469 1007 174 56 amplius
1595 1007 110 56 non
1658 1007 142 56 erit,
1753 1007 110 56 nec
1816 1007 110 56 per
1879 1007 237 56 consequens,
2052 1007 95 56 erit

1282 1049 174 47 motus;
1404 1049 122 47 cum
1473 1049 157 47 omnis
1578 1049 157 47 motus
1683 1049 174 47 factus
1805 1049 87 47 a
1840 1049 227 47 creatura,
1997 1049 157 47 tempore

1248 1089 242 48 mensuretur.

1301 1127 76 45 2
1331 1127 212 45 Praeterea,
1498 1127 136 45 ignis
1589 1127 167 45 inferni
1710 1127 106 45 non
1771 1127 106 45 est
1832 1127 227 45 corporalis:
2014 1127 121 45 ergo
2074 1127 76 45 non

1280 1167 111 46 est
1343 1167 174 46 actiuus
1470 1167 95 46 in
1518 1167 174 46 corpora
1644 1167 237 46 reproborum.
1834 1167 253 46 Consequentia
2024 1167 111 46 patet

1276 1206 131 44 quia
1357 1206 196 44 actiuum,
1504 1206 82 44 &
1537 1206 212 44 passiuum,
1700 1206 163 44 debent
1814 1206 245 44 communicare
2010 1206 98 44 in
2043 1206 98 44 mate

1277 1253 125 39 ria:
1355 1253 109 39 sed
1418 1253 125 39 quod
1496 1253 109 39 non
1558 1253 109 39 est
1620 1253 218 39 corporale,
1792 1253 109 39 non
1854 1253 218 39 communicat
2025 1253 93 39 in
2057 1253 93 39 mate

1269 1283 118 50 ria
1337 1283 118 50 cum
1404 1283 202 50 coxpore.
1555 1283 236 50 Antecedens
1741 1283 185 50 habetur
1876 1283 253 50 auctoritate
2061 1283 84 50 Au-

1283 1327 179 47 gustini,
1417 1327 104 47 qui
1477 1327 134 47 super
1566 1327 119 47 Qen.
1640 1327 119 47 ait.
1715 1327 223 47 Substantiam
1893 1327 208 47 inferiorum
2042 1327 119 47 spiri-

1286 1359 159 49 tualem
1397 1359 127 49 esse
1477 1359 207 49 arbitror,
1636 1359 111 49 non
1700 1359 239 49 corporalem.
1891 1359 95 49 Et
1938 1359 127 49 idem
2002 1359 159 49 Augusti-

1280 1405 118 48 nus,
1354 1405 88 48 in
1398 1405 103 48 lib
1457 1405 88 48 de
1501 1405 177 48 spiritu,
1634 1405 74 48 &
1664 1405 147 48 anima,
1767 1405 118 48 ait,
1840 1405 103 48 Non
1899 1405 118 48 sunt
1958 1405 192 48 corporalia,

1278 1442 110 42 sed
1341 1442 220 42 corporibus
1514 1442 188 42 similia,
1655 1442 157 42 quibus
1765 1442 157 42 animae
1875 1442 236 42 defunctorum
2048 1442 94 42 exu-

1281 1484 102 48 tae
1340 1484 232 48 afficiuntur,
1528 1484 102 48 Sed
1586 1484 131 48 eodem
1673 1484 116 48 igne
1746 1484 218 48 afficiuntur
1920 1484 145 48 animae
2007 1484 131 48 exutae.

1284 1520 78 52 &
1316 1520 219 52 corporibus
1472 1520 204 52 coniunctae.

1326 1540 120 64 Idem
1401 1540 135 64 patet
1491 1540 105 64 per
1551 1540 150 64 Damas:
1656 1540 105 64 qui
1716 1540 90 64 in
1760 1540 120 64 libs
1835 1540 150 64 quarto
1940 1540 120 64 ait.
2000 1540 150 64 Tradetur

1284 1592 205 52 diabolus,
1442 1592 79 52 &
1473 1592 157 52 Angeli
1583 1592 126 52 eius
1662 1592 94 52 in
1709 1592 142 52 ignem
1804 1592 205 52 aeternum,
1961 1592 110 52 non
2008 1592 142 52 materia

1280 1635 125 45 lem,
1358 1635 156 45 qualis
1468 1635 109 45 est
1530 1635 125 45 apud
1608 1635 125 45 nos,
1686 1635 109 45 sed
1748 1635 156 45 qualem
1858 1635 156 45 vtique
1967 1635 125 45 Deus
2029 1635 125 45 nouit,

1280 1676 118 59 Item
1354 1676 191 59 Oregorius
1501 1676 88 59 in
1545 1676 103 59 lib
1604 1676 221 59 dialogorum,
1781 1676 118 59 ait;
1855 1676 133 59 lgnis
1943 1676 133 59 iste,
2031 1676 103 59 cum
2075 1676 74 59 sit

1283 1715 233 48 incorporeus
1470 1715 93 48 in
1517 1715 202 48 semetipso
1672 1715 187 48 reprobos
1796 1715 187 48 cruciabit.

1330 1755 93 46 Ad
1376 1755 155 46 primum
1484 1755 201 46 dicendum,
1639 1755 124 46 quod
1716 1755 139 46 licet
1809 1755 139 46 maior
1902 1755 108 46 sit
1964 1755 139 46 vera,
2041 1755 124 46 manete

1284 1794 107 49 hoc
1345 1794 152 49 ordine
1451 1794 152 49 rerum,
1558 1794 76 49 &
1588 1794 137 49 cursu
1680 1794 198 49 naturali,
1832 1794 137 49 tamen
1924 1794 152 49 mutato
2030 1794 122 49 isto
2091 1794 61 49 on

1281 1838 137 50 dine,
1372 1838 122 50 tunc
1448 1838 106 50 non
1509 1838 106 50 est
1569 1838 137 50 vera.
1661 1838 91 50 Ad
1706 1838 228 50 probationem
1889 1838 198 50 dicendum,
2040 1838 122 50 qued
2101 1838 61 50 in

1292 1872 199 42 punitione
1445 1872 215 42 reproborum
1614 1872 138 42 ignis
1706 1872 215 42 infernalis
1874 1872 215 42 absoluitur
2043 1872 107 42 per
2089 1872 61 42 di

1286 1914 144 44 uinam
1382 1914 208 44 potentiam
1543 1914 96 44 ab
1591 1914 128 44 isto
1671 1914 176 44 ordine,
1799 1914 80 44 &
1831 1914 96 44 ab
1879 1914 208 44 huiusmodi
2024 1914 128 44 depen-

1287 1953 167 46 dentia,
1408 1953 106 46 qua
1469 1953 91 46 in
1515 1953 106 46 sua
1576 1953 213 46 operatione
1743 1953 76 46 a
1773 1953 122 46 motu
1849 1953 137 46 coeli
1940 1953 198 46 dependet:
2077 1953 76 46 non

1288 1992 127 57 enim,
1372 1992 99 57 quo
1429 1992 85 57 ad
1471 1992 169 57 hoclagit
1598 1992 113 57 ipse
1669 1992 127 57 ignis
1753 1992 85 57 in
1796 1992 155 57 virtute
1908 1992 141 57 cctli,
2007 1992 99 57 sed
2063 1992 85 57 in
2092 1992 56 57 vu

1283 2032 131 49 tute
1348 2032 98 49 Dei.

1326 2072 97 48 Ad
1374 2072 211 48 secundum,
1537 2072 130 48 nego
1618 2072 243 48 antecedens.
1812 2072 97 48 Ad
1861 2072 243 48 probationem
2039 2072 114 48 dicen

1279 2115 108 49 dum,
1347 2115 108 49 qued
1415 2115 122 49 ignis
1496 2115 203 49 infernalis,
1659 2115 95 49 vel
1713 2115 176 49 infernus,
1849 2115 136 49 potest
1944 2115 190 49 dupliciter
2079 2115 68 49 con

1284 2151 196 41 siderari.
1435 2151 105 41 Vno
1495 2151 136 41 modo,
1585 2151 181 41 secundum
1721 2151 105 41 se,
1781 2151 75 41 &
1811 2151 90 41 in
1857 2151 166 41 propria
1977 2151 105 41 sua
2022 2151 136 41 substan

1292 2189 116 52 tia,
1365 2189 73 52 &
1394 2189 102 52 sic
1453 2189 116 52 vere
1525 2189 102 52 est
1583 2189 218 52 corporalis.
1758 2189 116 52 Alio
1831 2189 131 52 modo,
1918 2189 160 52 quantum
2035 2189 87 52 ad
2064 2189 87 52 pas-

1281 2227 164 51 sionem,
1400 2227 119 51 quam
1475 2227 179 51 infligit
1609 2227 119 51 his,
1684 2227 104 51 qui
1743 2227 89 51 ex
1788 2227 149 51 ordine
1892 2227 164 51 diuinae
1997 2227 149 51 iustitis

1282 2267 112 48 suae
1352 2267 154 48 actioni
1464 2267 238 48 subijciuntur.
1660 2267 70 48 &
1688 2267 98 48 sic
1744 2267 154 48 dicitur
1856 2267 224 48 spiritualis,
2038 2267 112 48 quia
2094 2267 56 48 ut

1281 2307 214 55 communiter
1449 2307 183 55 dicitur,
1586 2307 198 55 huiusmodi
1738 2307 198 55 passionem
1891 2307 107 55 non
1952 2307 153 55 infert
2043 2307 107 55 actio

1284 2346 88 40 ne
1328 2346 146 40 reali,
1431 2346 102 40 sed
1489 2346 205 40 intentione
1650 2346 190 40 naturali.
1797 2346 88 40 Et
1841 2346 102 40 per
1899 2346 102 40 hoc
1958 2346 132 40 patet
2046 2346 88 40 ad
2075 2346 73 40 au-

1287 2388 211 45 ctoritates
1453 2388 196 45 Augustini
1604 2388 75 45 &
1634 2388 196 45 Oregorij,
1785 2388 121 45 quia
1860 2388 121 45 ipsi
1936 2388 106 45 non
1981 2388 166 45 loquuntur

1290 2426 79 46 de
1329 2426 106 46 isto
1395 2426 119 46 igne,
1474 2426 158 46 secundum
1593 2426 119 46 quoed
1672 2426 119 46 habet
1751 2426 106 46 esse
1817 2426 79 46 in
1857 2426 92 46 se,
1910 2426 92 46 sed
1962 2426 158 46 secundum
2068 2426 79 46 quod

1280 2459 132 47 habet
1369 2459 118 47 esse
1442 2459 88 47 in
1486 2459 118 47 ipso
1560 2459 177 47 patente,
1692 2459 74 47 &
1722 2459 103 47 hoc
1780 2459 118 47 esse
1854 2459 103 47 est
1913 2459 250 47 intentionale,
2119 2459 74 47 &

1289 2502 115 53 per
1354 2502 231 53 consequens
1519 2502 198 53 spirituale

1322 2542 98 44 Ad
1371 2542 164 44 dictum
1485 2542 164 44 Damas:
1600 2542 213 44 dicendum,
1763 2542 131 44 quod
1845 2542 131 44 ipse
1927 2542 115 44 non
1992 2542 147 44 negat
2074 2542 82 44 sim

1284 2580 182 52 pliciter
1421 2580 137 52 illum
1512 2580 137 52 ignem
1603 2580 122 52 esse
1679 2580 228 52 materialem,
1861 2580 106 52 sed
1922 2580 137 52 solum
2013 2580 137 52 negat
2089 2580 61 52 eo

1291 2630 130 43 modo,
1377 2630 101 43 quo
1435 2630 130 43 iuste
1522 2630 130 43 ignis
1609 2630 101 43 est
1667 2630 217 43 materialis,
1841 2630 101 43 qui
1898 2630 101 43 est
1956 2630 116 43 apud
2029 2630 101 43 nos
2072 2630 87 43 quia

1282 2660 139 48 ignis
1374 2660 170 48 inferni
1498 2660 139 48 habet
1591 2660 186 48 materiam
1730 2660 201 48 stabilem,
1885 2660 108 48 ita
1947 2660 124 48 quod
2024 2660 108 48 non
2071 2660 77 48 in-

1286 2698 140 47 diget
1380 2698 187 47 quotidie
1520 2698 125 47 nouo
1598 2698 140 47 cibo,
1692 2698 109 47 seu
1754 2698 187 47 fomento,
1894 2698 140 47 sicut
1988 2698 156 47 ignis,
2081 2698 78 47 qui

1283 2736 111 52 est
1347 2736 127 52 apud
1410 2736 96 52 nos,

1325 2777 207 50 Conclusio
1484 2777 175 50 secunda
1612 2777 127 50 est,
1691 2777 127 50 quod
1771 2777 175 50 corpora
1898 2777 223 50 reproborum
2057 2777 96 50 poss

1274 2820 147 55 diem
1365 2820 202 55 iudicij
1512 2820 202 55 numquam
1659 2820 312 55 corrumpentur,
1916 2820 165 55 licet
2008 2820 147 55 maxime

1262 2854 204 53 affligantur

1302 2896 77 50 1
1332 2896 124 50 Quia
1410 2896 124 50 pena
1487 2896 139 50 eorum
1580 2896 124 50 erit
1658 2896 186 50 aeterna:
1797 2896 124 50 ergo
1874 2896 124 50 ipsa
1952 2896 108 50 non
2014 2896 139 50 erunt
2091 2896 62 50 vm

1283 2934 125 47 quam
1361 2934 203 47 corrupta,
1517 2934 249 47 Consequentia
1720 2934 156 47 patet,
1829 2934 125 47 quia
1907 2934 109 47 cum
1969 2934 125 47 pena
2047 2934 109 47 sit
2094 2934 62 47 ac

1289 2976 139 48 cidens
1386 2976 194 48 patientis,
1539 2976 111 48 ipsa
1608 2976 97 48 non
1664 2976 139 48 potest
1761 2976 208 48 perpetuari,
1928 2976 111 48 nisi
1997 2976 111 48 ipso
2053 2976 97 48 patio

1289 3016 79 44 t
1321 3016 79 44 e
1353 3016 190 44 perpetuo
1495 3016 190 44 manente.
1638 3016 222 44 Antecedens
1812 3016 174 44 habetur
1938 3016 143 44 Matt.
2033 3016 111 44 35.
2081 3016 79 44 vbi

1293 3053 90 46 de
1338 3053 180 46 reprobis
1473 3053 180 46 dicitur,
1608 3053 135 46 Ibunt
1698 3053 90 46 hi
1744 3053 90 46 in
1789 3053 210 46 supplicium
1954 3053 195 46 aeternum.
2089 3053 60 46 E-

1291 3092 119 62 Isa.
1366 3092 149 62 vltimo
1470 3092 119 62 cap.
1544 3092 179 62 dicitur,
1678 3092 134 62 lgnis
1768 3092 134 62 eorum
1857 3092 104 62 non
1902 3092 208 62 extinguetur.
