2390 3520
366 327 542 79 RESOLVTI
727 327 181 79 O.

220 421 161 68 Pertremi
340 421 134 68 quidem
434 421 161 68 iuditij,
555 421 107 68 quod
622 421 80 68 in
662 421 121 68 valle
742 421 161 68 lolaphat
863 421 161 68 creditur
970 421 94 68 consu

262 476 122 56 mari,
344 476 82 56 in
385 476 95 56 qua
439 476 150 56 Dominus
548 476 122 56 Tesus
630 476 163 56 christus
752 476 163 56 vtramque
875 476 150 56 electus
970 476 109 56 specie

264 515 152 47 demonstr
378 515 101 47 abit
441 515 114 47 nulla
517 515 101 47 sane
580 515 164 47 creatura,
707 515 114 47 anima
782 515 139 47 christi
883 515 152 47 excepta,
985 515 88 47 absqu

270 558 169 41 peculiari
400 558 91 41 Dei
452 558 195 41 veuelatione
607 558 117 41 diem,
685 558 91 41 aut
737 558 117 41 horam
815 558 117 41 certo
892 558 117 41 scire
957 558 117 41 potest,

267 597 87 55 quo
316 597 137 55 peracto
416 597 137 55 coelest
516 597 75 55 es
554 597 112 55 orbes
629 597 150 55 nonnulla
741 597 137 55 perfici
841 597 187 55 alteratione
991 597 87 55 non
1028 597 50 55 in

274 631 168 54 ongruum
381 631 107 54 erit.

330 720 630 59 ARTICVLVS
766 720 145 59 I

348 799 118 87 Sub
416 799 118 87 qua
483 799 152 87 forma
584 799 185 87 christu
719 799 219 87 apparebit
871 799 67 87 in

571 864 197 70 iudicio.

238 953 223 57 SVANTVM
400 953 122 57 ad
461 953 203 57 primum
602 953 142 57 est
683 953 263 57 sciendum,
886 953 162 57 quod
967 953 101 57 cum

291 999 77 42 R
321 999 184 42 Christus
460 999 154 42 fuerit
567 999 138 42 verus
659 999 138 42 Deus,
751 999 77 42 &
782 999 138 42 verus
874 999 138 42 homo,
951 999 123 42 habens

231 1037 143 41 veram
327 1037 255 41 humanitatem,
534 1037 80 41 &
566 1037 143 41 veram
662 1037 207 41 deitatem:
821 1037 159 41 igitur
917 1037 159 41 querere,

226 1070 101 51 sub
283 1070 101 51 qua
341 1070 130 51 forma
428 1070 174 51 appareat
559 1070 87 51 in
602 1070 174 51 indicio,
732 1070 101 51 est
790 1070 188 51 quaerere,
935 1070 130 51 vtrum
1008 1070 72 51 vi-

228 1111 153 52 deatur
335 1111 92 52 in
380 1111 183 52 iudicio,
518 1111 183 52 secundum
655 1111 153 52 formam
762 1111 198 52 deitatis,
914 1111 107 52 vel
960 1111 122 52 secun-

219 1160 107 45 dum
280 1160 153 45 formam
387 1160 245 45 humanitatis.
586 1160 138 45 Item,
678 1160 122 45 quia
755 1160 92 45 in
800 1160 122 45 illo
877 1160 168 45 iudicio
984 1160 92 45 ali-

219 1189 100 49 qui
276 1189 114 49 sunt
347 1189 142 49 beati,
447 1189 114 49 alsi
518 1189 114 49 vero
589 1189 185 49 nonbeati,
731 1189 100 49 sed
788 1189 142 49 potius
888 1189 157 49 danati:
988 1189 85 49 ideo

226 1229 184 49 ponendae
364 1229 123 49 sunt
440 1229 123 49 duae
501 1229 230 49 conclusioues.

259 1270 135 45 Prima
349 1270 120 45 est,
424 1270 120 45 quod
499 1270 90 45 in
544 1270 120 45 illo
619 1270 165 45 iudicio
739 1270 180 45 Christus
874 1270 105 45 sub
919 1270 150 45 vtraquae

219 1306 131 54 forma
307 1306 189 54 apparebit
452 1306 131 54 ipsis
524 1306 131 54 beatis.

268 1347 133 51 Quod
352 1347 133 51 enim
435 1347 200 51 appareat
585 1347 183 51 beatis,
718 1347 200 51 secundum
868 1347 167 51 formam
968 1347 100 51 huma

225 1388 165 51 nitatis
345 1388 180 51 apparet:
480 1388 120 51 quia
555 1388 180 51 obiectum
689 1388 240 51 cognoscibile
884 1388 180 51 praesens
1004 1388 60 51 po

222 1428 153 48 tentiae
333 1428 195 48 cognitiuae
486 1428 167 48 persecte
611 1428 209 48 dispositae,
778 1428 70 48 &
806 1428 97 48 non
861 1428 195 48 impeditae,
1001 1428 70 48 ve-

230 1467 87 44 re
273 1467 159 44 apparet
388 1467 115 44 illi
460 1467 202 44 potentiae,
619 1467 72 44 &
648 1467 216 44 cognoscitur
821 1467 87 44 ab
864 1467 101 44 ea.
922 1467 101 44 Sed
965 1467 101 44 huma-

224 1505 129 43 nitas
309 1505 157 43 Christi
424 1505 100 43 est
481 1505 172 43 praesens
610 1505 186 43 potentiae
753 1505 200 43 cognitiuae
895 1505 172 43 cuiuslibet

218 1543 145 51 beati,
320 1543 116 51 quae
393 1543 174 51 potentia
524 1543 87 51 in
567 1543 174 51 quolibet
698 1543 131 51 beato
785 1543 102 51 est
843 1543 174 51 perfecte
959 1543 102 51 dispo

220 1583 129 47 sita,
306 1583 72 47 &
334 1583 100 47 non
391 1583 186 47 impedita.
535 1583 100 47 Nam
592 1583 86 47 si
635 1583 129 47 esset
721 1583 86 47 in
763 1583 200 47 dispofita,
921 1583 100 47 vel
964 1583 100 47 imped

223 1624 101 49 ta,
280 1624 115 49 tunc
352 1624 101 49 non
410 1624 129 49 esset
496 1624 144 49 beata:
596 1624 115 49 ergo
668 1624 173 49 cuilibet
798 1624 129 49 beato
884 1624 158 49 apparet
985 1624 86 49 Chri

218 1665 131 42 stus
299 1665 98 42 in
348 1665 196 42 iudicio,
496 1665 196 42 secundum
643 1665 131 42 suam
725 1665 262 42 humanitatem.
937 1665 131 42 Quod
1003 1665 65 42 au

224 1701 112 44 tem
288 1701 160 44 beatis
400 1701 192 44 appareat
544 1701 208 44 Christus,
705 1701 192 44 secundum
849 1701 128 44 suam
913 1701 160 44 deitatem

231 1741 144 47 patet.
331 1741 115 47 Quia
403 1741 115 47 ille
475 1741 101 47 non
532 1741 101 47 est
590 1741 158 47 beatus,
705 1741 101 47 cui
762 1741 101 47 non
820 1741 158 47 apparet
920 1741 144 47 proprium

225 1779 181 44 obiectum
361 1779 121 44 vere
436 1779 257 44 beatitudinis,
647 1779 106 44 Sed
708 1779 151 44 deitas
813 1779 166 44 Christi
934 1779 106 44 est
979 1779 91 44 pro-

230 1819 134 38 prium
319 1819 179 38 obiectum
454 1819 119 38 vere
528 1819 253 38 beatitudinis:
736 1819 119 38 ergo
811 1819 89 38 si
856 1819 179 38 Christus
990 1819 89 38 in
1019 1819 60 38 iu

214 1862 138 45 dicio
305 1862 153 45 alicui
412 1862 138 45 beato
504 1862 107 45 non
565 1862 229 45 apppareret,
749 1862 107 45 &c.
810 1862 122 45 tunc
887 1862 122 45 ille
948 1862 122 45 beatus

222 1898 105 46 non
282 1898 135 46 esset
372 1898 165 46 Deatus,
492 1898 120 46 quod
566 1898 105 46 est
611 1898 225 46 contradictio.

252 1936 136 45 Forte
342 1936 181 45 dicetur,
478 1936 121 45 quod
553 1936 151 45 Deatus
659 1936 151 45 potest
764 1936 121 45 frui
840 1936 106 45 vna
900 1936 151 45 diuina
991 1936 75 45 por

223 1977 137 47 sona,
314 1977 106 47 non
375 1977 167 47 fruendo
496 1977 167 47 altera:
618 1977 122 47 ergo
694 1977 137 47 dato,
785 1977 122 47 quod
861 1977 182 47 Christus
998 1977 106 47 non

219 2018 189 44 appareat
361 2018 158 44 alicui
472 2018 158 44 beato,
582 2018 174 44 secudum
708 2018 126 44 suam
787 2018 174 44 diuinam
913 2018 189 44 naturam,

222 2059 140 42 tamen
316 2059 124 42 ille
393 2059 155 42 potest
502 2059 124 42 esse
579 2059 155 42 Deatus
688 2059 171 42 fruendo
812 2059 140 42 eadem
905 2059 155 42 diuina
998 2059 78 42 na-

214 2096 134 44 tura,
303 2096 178 44 secundum
437 2096 119 44 quod
511 2096 193 44 fruibilis
659 2096 104 44 est
719 2096 89 44 in
763 2096 119 44 alia
822 2096 134 44 persona

254 2130 234 47 Respondeo,
438 2130 184 47 negando
572 2130 234 47 antecedens
756 2130 167 47 Causas
873 2130 151 47 autem
957 2130 117 47 nega-

196 2173 131 56 tionis
288 2173 171 56 assignaui
419 2173 105 56 lib.
485 2173 79 56 1.
524 2173 118 56 dist.
603 2173 79 56 1:
642 2173 118 56 q4.5.
721 2173 105 56 art.
786 2173 79 56 4.
826 2173 79 56 Et
865 2173 131 56 ibidem
944 2173 131 56 respondi

216 2216 92 44 ad
262 2216 229 44 probationes
445 2216 153 44 istius
536 2216 229 44 antecedentis.

251 2253 203 50 Conclusio
408 2253 172 50 secunda
533 2253 125 50 est,
611 2253 125 50 quod
689 2253 188 50 damnatis
830 2253 188 50 Christus
955 2253 109 50 appa-

218 2290 147 47 rebit
316 2290 98 47 in
365 2290 196 47 iudicio,
512 2290 196 47 secundum
660 2290 180 47 humanam
774 2290 164 47 naturam.

279 2327 107 53 uia
340 2327 107 53 non
401 2327 199 53 apparebit
554 2327 122 53 eis,
630 2327 168 53 secudum
753 2327 168 53 diuinam
875 2327 184 53 naturam:
998 2327 76 53 er-

217 2372 99 49 go
267 2372 198 49 secundum
416 2372 182 49 humanam
548 2372 264 49 Consequentia
762 2372 149 49 patet
861 2372 99 49 ex
894 2372 182 49 sufficie-

220 2415 82 44 ti
261 2415 192 44 diuisione,
412 2415 96 44 cum
467 2415 96 44 non
522 2415 110 44 sint
590 2415 82 44 in
631 2415 164 44 Christo,
755 2415 110 44 nisi
823 2415 96 44 hae
878 2415 110 44 duae
933 2415 137 44 naturae,

219 2447 209 44 Antecedens
383 2447 134 44 etiam
473 2447 134 44 patet
562 2447 105 44 per
622 2447 149 44 illud,
727 2447 119 44 quod
801 2447 134 44 dicit
891 2447 119 44 lsa.
951 2447 119 44 Tolla-

211 2488 141 44 tur
291 2488 222 44 impius,
453 2488 121 44 ne
513 2488 201 44 videat
654 2488 242 44 gloriam.
815 2488 121 44 Dei.

266 2527 105 47 bed
326 2527 150 47 contra
431 2527 135 47 istud
521 2527 210 47 antecedens
686 2527 150 47 quidam
791 2527 165 47 arguunt
911 2527 120 47 sic

255 2562 167 47 Damnati
376 2562 91 47 in
422 2562 106 47 die
482 2562 182 47 iudiciij
618 2562 197 47 euidenter
770 2562 227 47 cognoscent,
952 2562 76 47 &
967 2562 106 47 vide-

217 2606 131 49 bunt
299 2606 197 49 Christum
446 2606 131 49 esse
528 2606 148 49 Deum:
627 2606 131 49 ergo
709 2606 230 49 euidenter,
889 2606 82 49 &
906 2606 164 49 manifest

223 2651 192 40 videbunt
367 2651 128 40 eius
448 2651 209 40 deitatem:
608 2651 225 40 Antecedens
784 2651 225 40 conceditur
961 2651 96 40 ab
993 2651 80 40 om-

219 2689 134 47 nibus
309 2689 209 47 doctoribus
473 2689 224 47 theologiae.
652 2689 179 47 Probatio
786 2689 268 47 consequentiae:
994 2689 75 47 qud

216 2725 114 49 esse
287 2725 100 49 Dei
344 2725 114 49 idem
415 2725 114 49 est,
486 2725 114 49 quod
557 2725 156 49 deitas.
671 2725 100 49 Nam
728 2725 85 49 si
770 2725 114 49 esse
841 2725 100 49 Dei
898 2725 171 49 differet
1012 2725 57 49 al

223 2763 113 44 eius
294 2763 184 44 essentia,
435 2763 113 44 tunc
506 2763 113 44 Deus
577 2763 99 44 non
634 2763 128 44 esset
719 2763 128 44 purus
804 2763 142 44 actus,
903 2763 71 44 &
931 2763 128 44 esset
1002 2763 71 44 rea

222 2800 139 46 liter
314 2800 231 46 compositus.
499 2800 108 46 Sed
561 2800 108 46 qui
623 2800 201 46 manifeste
777 2800 139 46 videt
869 2800 170 46 aliquem
977 2800 93 46 essi

228 2838 139 49 Deum,
320 2838 124 49 ille
398 2838 139 49 videt
491 2838 124 49 esse
568 2838 124 49 Dei:
646 2838 124 49 quia
723 2838 124 49 esse
800 2838 139 49 Deum,
893 2838 77 49 &
924 2838 124 49 esse
986 2838 93 49 Dei,

214 2883 117 45 sunt
287 2883 117 45 idem
360 2883 88 45 in
404 2883 102 45 re,
463 2883 73 45 &
492 2883 277 45 significatione,
726 2883 161 45 quamuis
842 2883 190 45 differant
988 2883 88 45 in
1018 2883 58 45 mo

219 2916 88 51 do
263 2916 250 51 significandi:
469 2916 117 51 ergo
542 2916 88 51 si
586 2916 162 51 damnati
704 2916 191 51 manifeste
851 2916 147 51 vident
939 2916 132 51 Christi

222 2955 117 52 esse
296 2955 132 52 Deum:
384 2955 191 52 sequitur,
531 2955 117 52 quod
604 2955 191 52 manifeste
751 2955 162 52 videant
868 2955 117 52 eius
927 2955 147 52 deitatem

258 2997 77 49 2
288 2997 216 49 Praeterea,
458 2997 154 49 contra
566 2997 246 49 conclusionem
766 2997 154 49 potest
874 2997 139 49 argui
966 2997 123 49 sic.
1028 2997 46 49 S

232 3032 179 47 Christus
366 3032 164 47 apparet
486 3032 179 47 damnatis
620 3032 89 47 in
665 3032 134 47 forma
754 3032 224 47 humanitatis
933 3032 134 47 suae,
1007 3032 75 47 vel

224 3074 109 51 illa
292 3074 177 51 humanitas
428 3074 190 51 apparebit,
578 3074 81 51 vt
618 3074 95 51 est
673 3074 217 51 glorificata,
849 3074 95 51 vel
903 3074 81 51 vt
944 3074 95 51 est
985 3074 95 51 infit

232 3113 98 59 ma,
288 3113 70 59 &
316 3113 98 59 non
371 3113 223 59 glorificata.
553 3113 98 59 Sed
608 3113 98 59 nec
664 3113 111 59 sic,
734 3113 98 59 nec
789 3113 111 59 sic:
859 3113 111 59 ergo
929 3113 139 59 impiis
1012 3113 70 59 non

1111 266 197 76 apparebit
1263 266 91 76 in
1308 266 137 76 forma
1399 266 243 76 humanitatis.
1597 266 137 76 Maior
1688 266 152 76 patet.
1794 266 137 76 Minor
1870 266 91 76 pro-

1113 341 114 43 bat:
1184 341 114 43 quia
1255 341 143 43 nullus
1355 341 157 43 danatus
1470 341 143 43 potest
1570 341 143 43 videre
1669 341 171 43 Christum
1798 341 157 43 vrsione
1898 341 57 43 de

1100 372 217 45 lectabili:
1271 372 124 45 quia
1349 372 186 45 damnatus
1488 372 109 45 est
1551 372 186 45 perpetuo
1690 372 202 45 separatus
1845 372 93 45 ab
1876 372 78 45 omn

1100 412 108 50 eo,
1161 412 124 50 quod
1239 412 201 50 delectat.
1393 412 108 50 Sed
1455 412 155 50 videre
1563 412 170 50 Christi
1687 412 232 50 humanitatem
1857 412 108 50 glori

1107 447 168 51 ficatam,
1233 447 98 51 est
1289 447 126 51 valde
1373 447 224 51 delectabile.
1554 447 112 51 Ipse
1624 447 112 51 enim
1694 447 112 51 est,
1764 447 84 51 in
1806 447 112 51 quem
1862 447 98 51 desi-

1110 485 144 48 derant
1210 485 144 48 Angeli
1311 485 216 48 prospicere,
1483 485 86 48 vt
1527 485 173 48 habetur.
1656 485 86 48 1.
1699 485 129 48 Petr.
1785 485 115 48 ergo
1843 485 115 48 nullus

1106 526 182 55 damnatus
1242 526 151 55 potest
1348 526 151 55 videre
1454 526 333 55 humanitatemChristi
1726 526 227 55 glorifficatam

1103 564 140 46 Etiam
1197 564 109 46 non
1259 564 156 46 potest
1368 564 109 46 eam
1431 564 156 46 videre
1540 564 109 46 non
1602 564 265 46 glorificatam,
1821 564 125 46 quia
1883 564 78 46 na-

1113 609 119 55 tura
1188 609 149 55 humana
1292 609 164 55 Christi
1411 609 104 55 non
1470 609 104 55 est
1530 609 238 55 glorificata,
1723 609 119 55 ergo
1797 609 104 55 non
1842 609 119 55 potest

1107 653 153 50 videri
1214 653 107 50 non
1275 653 245 50 glorificata.
1474 653 214 50 Antecedens
1642 653 183 50 quilibet
1764 653 199 50 Christianus

1111 683 135 57 fateri
1205 683 162 57 tenetur.
1326 683 81 57 Et
1367 683 216 57 consequentia
1542 683 135 57 patet,
1636 683 108 57 quia
1704 683 108 57 esse
1771 683 162 57 visibile
1879 683 81 57 prae

1104 724 183 57 supponit
1241 724 137 57 esse.
1333 724 107 57 Nam
1394 724 122 57 quod
1470 724 107 57 non
1531 724 122 57 est,
1607 724 107 57 hoc
1668 724 153 57 videri
1775 724 107 57 non
1821 724 137 57 potest;

1105 770 122 50 ergo
1181 770 122 50 quod
1257 770 106 50 non
1318 770 106 50 est
1378 770 106 50 non
1439 770 258 50 glorificatum,
1652 770 106 50 hoc
1713 770 106 50 non
1774 770 152 50 potest
1865 770 91 50 abs-

1120 803 85 44 ue
1162 803 199 44 illusione,
1319 803 71 44 &
1347 803 170 44 veridica
1475 803 156 44 visione
1588 803 142 44 videri
1688 803 99 44 non
1730 803 213 44 glorificatum.

1125 845 112 50 Sed
1189 845 128 50 ista
1269 845 112 50 non
1333 845 239 50 concludunt.
1524 845 128 50 Quia
1604 845 192 50 congruum
1748 845 112 50 est
1795 845 160 50 Christum

1103 882 194 53 apparere
1249 882 97 53 in
1297 882 194 53 iudicio,
1443 882 194 53 secundum
1589 882 146 53 illam
1686 882 178 53 formam,
1799 882 162 53 secundum

1105 922 124 51 quam
1183 922 140 51 datum
1277 922 109 51 est
1339 922 93 51 ei
1385 922 187 51 iudicium
1525 922 171 51 facere,
1650 922 124 51 haec
1728 922 140 51 autem
1821 922 109 51 est
1868 922 93 51 huma

1110 965 136 49 nitas,
1206 965 82 49 vt
1247 965 136 49 patet,
1342 965 82 49 in
1383 965 109 49 loan
1451 965 95 49 vbi
1505 965 163 49 dicitur.
1628 965 123 49 Sicut
1710 965 123 49 pater
1792 965 123 49 habet
1860 965 95 49 vitam

1106 999 90 55 in
1151 999 209 55 semetipso,
1315 999 104 55 sic
1375 999 134 55 dedit
1464 999 75 55 &
1494 999 134 55 filio
1584 999 149 55 habere
1688 999 134 55 vitam
1778 999 90 55 in
1808 999 134 55 semetip

1105 1037 101 56 so,
1162 1037 72 56 &
1191 1037 203 56 potestatem
1350 1037 130 56 dedit
1437 1037 87 56 ei
1481 1037 174 56 iudicium
1611 1037 159 56 facere,
1727 1037 116 56 quia
1799 1037 145 56 filius
1886 1037 72 56 ho-

1111 1080 127 50 minis
1195 1080 113 50 est.
1266 1080 84 50 Et
1308 1080 113 50 quod
1378 1080 98 50 ibi
1434 1080 169 50 loquatur
1561 1080 84 50 de
1603 1080 113 50 isto
1674 1080 155 50 iudicio
1786 1080 141 50 patet,
1871 1080 84 50 quia

1109 1117 202 39 immediate
1265 1117 202 39 sequitur.
1420 1117 155 39 Nolite
1529 1117 155 39 mirari
1638 1117 124 39 hoc,
1715 1117 124 39 quia
1793 1117 140 39 venit
1871 1117 93 39 hora

1093 1152 95 55 in
1141 1152 110 55 qua
1204 1152 142 55 omnes
1298 1152 110 55 qui
1361 1152 95 55 in
1409 1152 221 55 monumentis
1582 1152 142 55 sunt,
1677 1152 174 55 audient
1803 1152 142 55 vocem
1882 1152 79 55 fi-

1100 1192 104 55 lii
1160 1192 119 55 Dei,
1234 1192 74 55 &
1263 1192 208 55 procedent,
1427 1192 104 55 qui
1486 1192 119 55 bona
1560 1192 178 55 fecerunt
1694 1192 89 55 in
1724 1192 237 55 resurrectionem

1107 1233 141 42 vitae,
1206 1233 99 42 qui
1262 1233 113 42 vero
1333 1233 113 42 mala
1404 1233 170 42 egerunt,
1531 1233 85 42 in
1573 1233 254 42 resurrectionem
1785 1233 170 42 iudicii.
1898 1233 57 42 Et

1100 1277 238 49 confirmatur
1291 1277 127 49 ista
1370 1277 159 49 minor,
1481 1277 127 49 quia
1560 1277 190 49 secundum
1703 1277 143 49 illam
1798 1277 159 49 formam
1894 1277 63 49 da

1109 1314 118 41 tum,
1183 1314 104 41 est
1242 1314 177 41 Christo,
1375 1314 89 41 vt
1420 1314 133 41 iuste
1508 1314 177 41 iudicet,
1642 1314 177 41 secundum
1775 1314 118 41 quam
1849 1314 118 41 ipse
1908 1314 44 41 a

1113 1351 151 55 Pilato
1219 1351 121 55 fuit
1295 1351 167 55 iniuste
1416 1351 212 55 iudicatus.
1582 1351 106 55 Sed
1643 1351 182 55 secundum
1764 1351 182 55 humanitate

1101 1390 117 49 fuit
1175 1390 176 49 Christus
1307 1390 161 49 iniuste
1424 1390 205 49 iudicatus;
1586 1390 117 49 ergo
1659 1390 103 49 &c.
1718 1390 132 49 Minor
1806 1390 132 49 patet
1894 1390 103 49 ex.
1938 1390 44 49 l

1107 1433 216 48 euangelica
1276 1433 200 48 Veritate.
1430 1433 108 48 Sed
1492 1433 169 48 maiorem
1615 1433 169 48 habemus
1738 1433 92 48 ex
1785 1433 154 48 glosa,
1877 1433 77 48 su-

1114 1470 83 53 er
1156 1470 110 53 illo
1224 1470 138 53 verbo.
1321 1470 124 53 Causa
1404 1470 110 53 tua,
1473 1470 124 53 sicut
1555 1470 138 53 impui,
1652 1470 165 53 iudicata
1776 1470 96 53 est
1831 1470 110 53 ideo
1886 1470 69 53 cau

1098 1506 122 44 sam,
1174 1506 228 44 iudiciumque
1341 1506 167 44 recipies.

1131 1547 100 49 Ad
1181 1547 166 49 primum
1297 1547 166 49 igitur
1413 1547 216 49 dicendum,
1579 1547 133 49 quod
1662 1547 265 49 consequentia
1878 1547 116 49 non

1101 1582 104 64 est
1161 1582 134 64 vera,
1250 1582 179 64 loquendo
1384 1582 89 64 de
1428 1582 193 64 intuitiua
1577 1582 164 64 notitia
1696 1582 119 64 Dei,
1771 1582 89 64 de
1815 1582 104 64 qua
1860 1582 89 64 pro-

1093 1631 151 41 cedit
1194 1631 251 41 argumentum.
1395 1631 101 41 Ad
1445 1631 268 41 probationem,
1663 1631 201 41 dicendum
1814 1631 101 41 ad
1847 1631 101 41 mino

1101 1668 110 46 rem,
1170 1668 110 46 quod
1239 1668 179 46 manifeste
1376 1668 138 46 videre
1473 1668 165 46 Christum
1596 1668 110 46 esse
1665 1668 124 46 Deum,
1748 1668 138 46 potest
1830 1668 124 46 duplici

1098 1707 104 50 ter
1157 1707 222 50 contingere.
1335 1707 104 50 Vno
1394 1707 133 50 modo,
1483 1707 207 50 intuitiue,
1645 1707 74 50 &
1675 1707 104 50 sic
1734 1707 133 50 minor
1823 1707 104 50 est
1867 1707 89 50 vera

1110 1741 120 54 Alio
1185 1741 135 54 modo,
1275 1741 210 54 deductiue,
1440 1741 120 54 puta
1515 1741 150 54 quando
1619 1741 90 54 ex
1664 1741 165 54 signis,
1784 1741 75 54 &
1799 1741 150 54 operibus

1102 1780 153 44 Christi
1213 1780 180 44 euidenter
1352 1780 139 44 alique
1449 1780 166 44 deducit,
1574 1780 83 44 ad
1615 1780 111 44 hoc,
1685 1780 111 44 quod
1754 1780 180 44 cognoscit
1879 1780 69 44 hac

1101 1825 201 45 ppositonem
1259 1825 115 45 esse
1331 1825 144 45 veram,
1431 1825 101 45 qua
1489 1825 86 45 dr
1532 1825 173 45 Christus
1661 1825 101 45 est
1719 1825 129 45 Deus,
1805 1825 72 45 &
1834 1825 101 45 sic
1877 1825 72 45 mi-

1095 1863 106 37 nor
1155 1863 106 37 non
1216 1863 106 37 est
1276 1863 136 37 vera.
1366 1863 90 37 Et
1411 1863 121 37 isto
1487 1863 166 37 secundo
1607 1863 136 37 modo,
1698 1863 166 37 damnati
1818 1863 90 37 in
1849 1863 106 37 iudi-

1095 1903 112 53 cio
1159 1903 224 53 cognoscent
1335 1903 192 53 Christum
1479 1903 128 53 esse
1558 1903 144 53 Deum,
1654 1903 80 53 &
1686 1903 128 53 ideo
1766 1903 96 53 in
1798 1903 160 53 proposi-

1104 1942 90 44 to
1149 1942 135 44 minor
1239 1942 105 44 est
1299 1942 150 44 falsa.
1403 1942 90 44 Ad
1448 1942 224 44 probationem
1628 1942 150 44 illius
1733 1942 165 44 minoris
1837 1942 120 44 dicen-

1107 1975 116 53 dum,
1180 1975 116 53 quod
1253 1975 131 53 licet
1340 1975 116 53 Deum
1412 1975 131 53 esse,
1499 1975 73 53 &
1528 1975 116 53 esse
1601 1975 102 53 Dei
1659 1975 116 53 sint
1732 1975 116 53 idem
1804 1975 189 53 realiter,

1101 2021 137 47 tamen
1192 2021 107 47 non
1253 2021 198 47 sequitur,
1406 2021 92 47 si
1452 2021 168 47 aliquis
1574 2021 198 47 deductiue
1726 2021 198 47 cognoscit
1863 2021 92 47 Deum

1105 2056 131 53 esse,
1193 2056 116 53 quod
1265 2056 160 53 propter
1382 2056 102 53 hoc
1440 2056 189 53 intuitiue
1585 2056 189 53 cognoscat
1730 2056 116 53 esse
1803 2056 116 53 Dei,
1876 2056 73 53 &
1890 2056 73 53 per

1108 2100 221 50 consequens,
1285 2100 133 50 etiam
1374 2100 103 50 non
1432 2100 192 50 sequitur,
1580 2100 118 50 quod
1654 2100 192 50 intuitiue
1786 2100 177 50 cognoscat.

1084 2132 187 49 deitatem.

1126 2174 102 49 Ad
1177 2174 205 49 secundum
1330 2174 222 49 dicendum,
1501 2174 136 49 quod
1586 2174 222 49 humanitas
1757 2174 187 49 Christi
1876 2174 85 49 ap-

1112 2214 130 53 aret
1193 2214 195 53 damnatis
1340 2214 260 53 glorificata.
1551 2214 98 53 Ad
1600 2214 260 53 probationem,
1795 2214 163 53 dicendum

1100 2255 91 50 ad
1145 2255 182 50 minorem,
1282 2255 121 50 quod
1358 2255 167 50 quamuis
1479 2255 152 50 videre
1585 2255 212 50 humanitate
1752 2255 167 50 Christi
1873 2255 121 50 glo

1102 2292 197 51 rificatam
1253 2292 106 51 sit
1314 2292 151 51 amicis
1420 2292 166 51 Christi
1541 2292 242 51 delectabile,
1737 2292 136 51 tamen
1813 2292 151 51 inimicis

1115 2329 154 47 Christi
1227 2329 98 47 non
1283 2329 98 47 est
1340 2329 225 47 delectabile,
1522 2329 98 47 sed
1578 2329 140 47 potius
1676 2329 225 47 afflictiuum,
1859 2329 70 47 &
1873 2329 84 47 con-

1111 2370 217 49 ristabile.
1281 2370 108 49 Nuc
1343 2370 139 49 autem
1436 2370 108 49 ita
1498 2370 124 49 est,
1575 2370 124 49 quod
1652 2370 170 49 damnati
1776 2370 124 49 sunt
1838 2370 124 49 maxime

1107 2411 157 43 inimici
1221 2411 172 43 Christi:
1350 2411 114 43 ergo
1421 2411 100 43 non
1479 2411 215 43 delectantur
1650 2411 86 43 in
1693 2411 114 43 illa
1765 2411 172 43 visione,
1879 2411 86 43 quia

1101 2448 169 53 naturale
1227 2448 98 53 est
1284 2448 169 53 cuilibet
1410 2448 126 53 malo,
1494 2448 70 53 &
1522 2448 169 53 peruerso
1649 2448 169 53 tristari
1775 2448 70 53 i
1803 2448 141 53 gloria
1888 2448 70 53 sui

1108 2487 177 45 inimici.
1241 2487 89 45 Et
1286 2487 89 45 si
1330 2487 163 45 aliquis
1448 2487 118 45 homo
1522 2487 89 45 in
1567 2487 104 45 hoc
1626 2487 222 45 delectatur,
1803 2487 104 45 hoc
1848 2487 104 45 magi-

1110 2528 213 50 mputandum
1273 2528 114 50 est
1339 2528 196 50 gratiae,
1486 2528 131 50 quam
1568 2528 196 50 naturae.
1715 2528 131 50 Quod
1796 2528 147 50 autem
1878 2528 82 50 dam

1107 2567 135 43 natis
1197 2567 180 43 appareat
1332 2567 90 43 in
1377 2567 165 43 iudicio
1497 2567 195 43 humanitas
1646 2567 165 43 Christi
1751 2567 195 43 glorificata

1101 2602 103 48 hoc
1160 2602 177 48 expresse
1293 2602 133 48 ponit
1382 2602 163 48 August.
1500 2602 133 48 primo
1589 2602 89 48 de
1633 2602 133 48 trin.
1722 2602 118 48 Dei.
1796 2602 133 48 Visio
1870 2602 103 48 clari

1107 2650 129 42 tatis
1193 2650 129 42 eius,
1278 2650 172 42 communis
1407 2650 114 42 erit
1479 2650 143 42 bonis,
1579 2650 72 42 &
1608 2650 143 42 malis.

1132 2685 87 50 Et
1175 2685 87 50 si
1219 2685 203 50 obbiicitur
1378 2685 102 50 per
1436 2685 131 50 illud
1523 2685 131 50 loan.
1610 2685 174 50 Videbunt
1741 2685 87 50 in
1784 2685 116 50 quem
1842 2685 116 50 trams-

1110 2717 176 57 nxerunt,
1242 2717 132 57 super
1330 2717 103 57 quo
1389 2717 132 57 verbo
1477 2717 132 57 dicit
1565 2717 147 57 glosa,
1668 2717 117 57 quod
1741 2717 88 57 in
1785 2717 88 57 ea
1829 2717 132 57 carne
1902 2717 59 57 ve

1116 2763 119 44 turus
1195 2763 106 44 est,
1261 2763 79 44 in
1301 2763 93 44 qua
1354 2763 185 44 crucifixus
1487 2763 79 44 est.

1141 2800 221 43 Respondeo,
1315 2800 126 43 quod
1393 2800 158 43 vtique
1504 2800 205 43 videbunt,
1661 2800 95 43 in
1709 2800 126 43 quem
1772 2800 189 43 transfixe-

1106 2843 136 53 runt:
1196 2843 106 53 sed
1257 2843 106 53 non
1317 2843 181 53 videbunt
1453 2843 106 53 eum
1513 2843 106 53 sub
1573 2843 211 53 apparentia
1739 2843 256 53 infirmitatis,

1110 2878 107 45 sed
1171 2878 92 45 ad
1217 2878 183 45 terrorem
1354 2878 138 45 eorum
1446 2878 183 45 videbunt
1584 2878 107 45 eum
1645 2878 92 45 in
1691 2878 229 45 apparentia,
1874 2878 76 45 &
1890 2878 76 45 exi

1100 2921 166 44 stentia
1221 2921 227 44 claritatis,
1402 2921 76 44 &
1433 2921 227 44 maiestatis.
1614 2921 136 44 Etiam
1705 2921 166 44 quamuis
1826 2921 91 44 in
1856 2921 106 44 eadem

1101 2954 141 56 carne
1196 2954 188 56 venturus
1337 2954 126 56 sit,
1415 2954 173 56 quantum
1541 2954 94 56 ad
1588 2954 251 56 substantiam,
1792 2954 110 56 non
1839 2954 126 56 tamen,

1124 2995 153 43 uantum
1231 2995 92 43 ad
1277 2995 138 43 easde
1369 2995 230 43 qualitates,
1553 2995 123 43 quia
1629 2995 168 43 quamuis
1752 2995 123 43 illa
1828 2995 123 43 caro
1889 2995 77 43 ha-

1117 3039 137 47 puerit
1213 3039 191 47 qualitates
1363 3039 191 47 passibilis
1514 3039 178 47 corporis,
1651 3039 137 47 quando
1746 3039 109 47 fuit
1801 3039 164 47 crucifixa,

1117 3079 128 40 tamen
1202 3079 86 40 in
1245 3079 157 40 iudicio
1359 3079 157 40 habebit
1473 3079 200 40 qualitates
1630 3079 228 40 impassibilis
1801 3079 157 40 corporis.
