2386 3573
210 313 120 64 noua
285 313 210 64 substantia
450 313 150 64 genita
555 313 90 64 ex
600 313 120 64 illa
674 313 270 64 transmutatione
899 313 120 64 erit
959 313 120 64 subie-

211 364 115 49 ctum
282 364 144 49 illius
383 364 144 49 totius
483 364 129 49 nouae
570 364 230 49 quantitatis,
756 364 115 49 puta
828 364 86 49 si
871 364 215 49 rarefactio,
1029 364 43 49 u

207 407 221 47 calefactio
381 407 190 47 intantum
523 407 253 47 intenduntur,
728 407 126 47 quod
807 407 95 47 ex
855 407 142 47 terra
934 407 142 47 genera-

205 452 101 41 tur
262 452 144 41 ignis,
363 452 115 41 tunc
435 452 87 41 ex
479 452 202 41 quantitate
637 452 130 41 vnius
724 452 159 41 pugilli
839 452 144 41 terrae
926 452 144 41 generan-

210 481 109 50 tur
273 481 140 50 mille
366 481 171 50 pugilli
491 481 156 50 ignis,
600 481 187 50 secundum
740 481 265 50 proportionem,
958 481 125 50 quam
1021 481 62 50 fa

218 528 106 46 cit
278 528 166 46 Aristo.
399 528 91 46 In
444 528 121 46 libs
520 528 241 46 maeteororum,
716 528 75 46 &
746 528 121 46 tunc
821 528 196 46 subiectum
957 528 121 46 illius

211 555 236 53 quantitatis,
403 555 118 53 puta
476 555 133 53 mille
565 555 206 53 pugillorum
727 555 118 53 erit
800 555 206 53 substantia
962 555 147 53 ignis,

210 601 116 49 quae
283 601 87 49 ex
327 601 102 49 vno
385 601 160 49 pugillo
501 601 145 49 tertae
603 601 145 49 genita
704 601 116 49 est.
777 601 87 49 Si
821 601 116 49 vero
893 601 116 49 pars
951 601 131 49 transmu

211 641 147 51 tatur,
314 641 117 51 tunc
387 641 147 51 illud,
490 641 117 51 quod
563 641 88 51 ex
607 641 117 51 illa
680 641 132 51 parte
768 641 205 51 generatur,
929 641 117 51 erit
988 641 88 51 sub-

198 680 150 54 lectum
303 680 150 54 illius
408 680 135 54 nouae
499 680 150 54 partis
604 680 150 54 ipsius
709 680 241 54 quantitatis.
905 680 150 54 Semper
995 680 90 54 enim

209 720 94 47 in
256 720 125 47 omni
335 720 250 47 rarefactione
538 720 172 47 aliquid
663 720 235 47 corrumpitur
851 720 94 47 de
898 720 125 47 ipso
961 720 125 47 corpo-

212 766 94 45 re
259 766 157 45 denso,
369 766 94 45 ex
416 766 110 45 quo
479 766 219 45 genetantur
651 766 125 45 ipsa
729 766 172 45 corpora
855 766 204 45 subtilia,
996 766 78 45 qui

209 791 246 53 ingrediuntur
408 791 230 53 porositates
593 791 184 53 corporis
731 791 169 53 prioris
854 791 138 53 ipsum
931 791 138 53 dilatan

196 836 111 51 do,
260 836 95 51 in
307 836 159 51 quibus
418 836 222 51 subtilibus
593 836 222 51 corporibus
768 836 222 51 subiectiue
926 836 159 51 fundatur

203 884 130 48 pars
284 884 243 48 quantitatis
479 884 97 48 de
527 884 130 48 nouo
608 884 178 48 genita.
738 884 97 48 Et
787 884 211 48 quocumque
933 884 146 48 istorum

212 922 138 52 dato,
304 922 108 52 non
365 922 200 52 sequitur,
519 922 123 52 quod
596 922 123 52 duae
673 922 231 52 quantitates
858 922 123 52 sint
935 922 138 52 simul
1011 922 62 52 in

209 962 135 49 eodem
299 962 196 49 subiecto,
450 962 90 49 vt
495 962 135 49 patet
585 962 90 49 ex
630 962 105 49 iam
676 962 135 49 dictis.

205 1007 95 40 Ad
253 1007 95 40 8.
300 1007 205 40 dicendum,
458 1007 126 40 quod
537 1007 142 40 licet
631 1007 142 40 illud
726 1007 110 40 sit
789 1007 221 40 quantitas,
963 1007 95 40 de
994 1007 79 40 quo

200 1042 238 44 praedicantur
393 1042 238 44 proprietates
586 1042 223 44 quantitatis
764 1042 104 44 per
824 1042 104 44 se,
883 1042 74 44 &
913 1042 148 44 primo:
1002 1042 74 44 ta-

213 1081 112 44 men
277 1081 112 44 non
341 1081 192 44 oportet,
485 1081 128 44 quod
565 1081 144 44 illud
662 1081 112 44 sit
726 1081 224 44 quantitas,
902 1081 96 44 de
950 1081 112 44 quo
998 1081 80 44 non

204 1122 243 43 praedicantur
401 1122 198 43 huiusmodi
553 1122 258 43 proprietates,
766 1122 122 43 nisi
842 1122 182 43 mediante
964 1122 106 43 quan-

210 1155 141 57 titate
309 1155 113 57 tali
379 1155 99 57 rei
436 1155 198 57 formaliter
591 1155 198 57 inherente:
747 1155 127 57 sicut
832 1155 99 57 est
888 1155 85 57 in
917 1155 155 57 proposito

211 1195 103 45 Et
262 1195 155 45 eodem
366 1195 138 45 modo
452 1195 138 45 dico
538 1195 103 45 ad
590 1195 103 45 9.
624 1195 224 45 argumentum.

219 1232 167 50 Secunda
340 1232 198 50 conclusio
492 1232 122 50 est,
568 1232 122 50 quod
644 1232 152 50 corpus
751 1232 167 50 Christi
872 1232 198 50 terminans
1009 1232 61 50 si

218 1268 213 56 pradictam
382 1268 148 56 panis
480 1268 262 56 conuersionem
693 1268 115 56 non
759 1268 115 56 est
824 1268 164 56 corbus
922 1268 148 56 secundo

208 1309 134 48 modo
292 1309 185 48 dictum,
427 1309 202 48 scilicet
578 1309 168 48 corpus
696 1309 235 48 compositum
880 1309 101 48 ex
914 1309 168 48 materia,

208 1350 72 42 &
236 1350 129 42 forma
323 1350 244 42 substantiali.
524 1350 115 42 Quia
596 1350 86 42 si
639 1350 115 42 sic,
711 1350 115 42 tunc
783 1350 129 42 anima
869 1350 158 42 Christi
969 1350 101 42 essei

205 1388 94 50 in
252 1388 219 50 sacramento
424 1388 94 50 ex
471 1388 94 50 vi
518 1388 235 50 sacramenti:
706 1388 110 50 sed
769 1388 219 50 consequens
941 1388 110 50 est
988 1388 78 50 fal

207 1431 119 47 sum:
282 1431 119 47 quia
356 1431 164 47 quamuis
476 1431 149 47 corpus
580 1431 164 47 Christi
700 1431 105 47 sit
759 1431 105 47 sub
819 1431 194 47 speciebus
954 1431 119 47 hostia

212 1477 96 42 ex
260 1477 96 42 vi
308 1477 241 42 sacramenti:
501 1477 160 42 tamen,
613 1477 96 42 vt
661 1477 225 42 communiter
837 1477 192 42 ponitur,
966 1477 112 42 anima

208 1506 173 51 Christi
334 1506 142 51 solum
429 1506 110 51 est
492 1506 110 51 ibi
555 1506 268 51 concomitanter
776 1506 189 51 Probatur
902 1506 173 51 consequen

213 1555 123 45 tia:
290 1555 123 45 quia
367 1555 108 45 cum
428 1555 93 45 in
475 1555 170 45 Christo
598 1555 139 45 sicut
691 1555 93 45 in
737 1555 185 45 quolibet
876 1555 123 45 alio
937 1555 139 45 homine,

211 1596 101 41 non
268 1596 101 41 sit
326 1596 116 41 nisi
398 1596 101 41 vna
456 1596 130 41 forma
543 1596 260 41 substantialis,
760 1596 116 41 quae
832 1596 101 41 est
890 1596 130 41 anima
962 1596 116 41 ratio-

214 1632 130 46 nalis
300 1632 72 46 :
329 1632 116 46 ergo
401 1632 87 46 si
445 1632 188 46 conuersio
589 1632 130 46 panis
676 1632 144 46 fieret
777 1632 87 46 in
820 1632 217 46 substantiam
979 1632 87 46 com-

203 1669 169 55 positam
325 1669 92 55 ex
371 1669 184 55 materia,
509 1669 77 55 &
540 1669 138 55 forma
632 1669 260 55 substantiali,
846 1669 123 55 tunc
907 1669 169 55 huiusmodi

212 1707 209 49 conuersio
373 1707 161 49 ficret
486 1707 209 49 immediate
647 1707 97 49 in
695 1707 161 49 animam
792 1707 145 49 Christi

253 1747 116 48 Sed
320 1747 165 48 contra
435 1747 132 48 ista
518 1747 116 48 est
584 1747 165 48 opinio
699 1747 165 48 omnium
815 1747 198 48 doctorum
963 1747 99 48 de
996 1747 83 48 An-

219 1780 144 50 glia,
315 1780 80 50 &
347 1780 144 50 etiam
443 1780 208 50 aliquorum
603 1780 208 50 Parisien.
764 1780 112 50 qui
828 1780 176 50 ponunt,
956 1780 128 50 quod
1020 1780 64 50 in

227 1824 190 51 christo,
370 1824 79 51 &
401 1824 95 51 in
449 1824 190 51 quolibet
591 1824 127 51 alio
670 1824 158 51 homine
781 1824 127 51 sint
860 1824 158 51 plures
955 1824 111 51 forma

216 1861 251 56 ubstantiales,
423 1861 74 56 &
453 1861 103 56 per
512 1861 207 56 consequens
674 1861 162 56 ponunt,
792 1861 118 56 quod
866 1861 177 56 predicta
984 1861 89 56 con-

216 1913 142 40 uersio
315 1913 100 40 fit
372 1913 85 40 in
415 1913 142 40 corpus
515 1913 171 40 Christi,
643 1913 85 40 vt
686 1913 100 40 est
743 1913 100 40 res
799 1913 185 40 composita
942 1913 85 40 ex
970 1913 100 40 mate-

218 1949 123 49 ria,
294 1949 77 49 &
325 1949 138 49 forma
417 1949 261 49 substantiali,
632 1949 123 49 quam
709 1949 153 49 formam
816 1949 199 49 appellant
954 1949 123 49 formam

211 1980 279 51 corporeitatis.
444 1980 155 51 Primum
553 1980 155 51 dictum
661 1980 124 51 ipsi
739 1980 171 51 probant
847 1980 78 51 sic

229 2017 78 54 1
261 2017 156 54 Embrio
370 2017 141 54 primo
464 2017 141 54 viuit
557 2017 125 54 vita
636 2017 234 54 vegetatiua,
823 2017 156 54 deinde
932 2017 125 54 vita
995 2017 78 54 sen

208 2067 175 43 sitiua,
335 2067 79 43 &
367 2067 159 43 vltimo
478 2067 127 43 vita
558 2067 175 43 humana:
685 2067 127 43 ergo
764 2067 191 43 antequam
891 2067 175 43 infundatu

205 2106 143 40 anima
300 2106 269 40 intellectiua,
522 2106 127 40 tunc
601 2106 95 40 in
649 2106 190 40 embrione
791 2106 111 40 est
854 2106 143 40 anima
934 2106 143 40 vegeta-

219 2147 140 45 tiua,
313 2147 78 45 &
344 2147 140 45 anima
437 2147 202 45 sensitiua
592 2147 186 45 veniente
732 2147 155 45 igitur
840 2147 140 45 anima
918 2147 155 45 intelle-

215 2179 157 51 ctiua,
325 2179 126 51 tunc
404 2179 110 51 vel
467 2179 141 51 istae
561 2179 157 51 animae
671 2179 267 51 corrumpuntur,
891 2179 110 51 vel
953 2179 126 51 non.
1016 2179 63 51 Si

209 2217 124 50 non,
287 2217 124 50 tunc
365 2217 171 50 praeter
489 2217 155 50 formam
598 2217 264 50 corporeitatis
816 2217 124 50 erut
893 2217 93 50 in
925 2217 155 50 quolibet

214 2261 142 45 homine
313 2261 128 45 istae
398 2261 113 45 tres
469 2261 241 45 substantiales
667 2261 156 45 formae,
781 2261 170 45 scilicet
894 2261 184 45 vegetatiua,

214 2302 194 45 sensitiua,
367 2302 69 45 &
394 2302 235 45 intellectiua.
588 2302 83 45 Si
630 2302 166 45 dicitur,
754 2302 111 45 quod
824 2302 235 45 corrumpantur,
1004 2302 69 45 hoc

216 2335 104 53 est
275 2335 237 53 impossibile:
468 2335 118 53 quia
542 2335 192 53 disposito
690 2335 192 53 disponens
838 2335 89 53 ad
883 2335 163 53 aliquam
986 2335 89 53 for-

214 2383 114 45 mam
279 2383 114 45 non
344 2383 244 45 corrumpitur
539 2383 228 45 adueniente
718 2383 130 45 tali
800 2383 163 45 forma:
914 2383 114 45 sed
962 2383 98 45 vege

214 2427 192 41 tatiuum,
358 2427 80 41 &
390 2427 224 41 sensitiuum
566 2427 208 41 disponunt
726 2427 96 41 ad
774 2427 288 41 introductionem
998 2427 80 41 ani

218 2455 110 56 mae
281 2455 283 56 intellectiuae:
517 2455 126 56 ergo
595 2455 157 56 manent
706 2455 110 56 cum
768 2455 141 56 anima
847 2455 220 56 intellectiua

220 2501 79 44 2
252 2501 221 44 Praeterea,
426 2501 95 44 si
473 2501 95 44 in
521 2501 158 44 homine
631 2501 111 44 non
695 2501 142 44 esset
789 2501 158 44 aliqua
900 2501 142 44 forma
979 2501 95 44 sub-

212 2535 233 51 stantialis,
399 2535 124 51 quae
477 2535 202 51 remaneret
632 2535 124 51 post
710 2535 249 51 separationem
912 2535 155 51 animae
1005 2535 62 51 ra

210 2579 220 45 tionalis,
379 2579 135 45 tunc
464 2579 169 45 nullum
582 2579 203 45 accidens
735 2579 186 45 maneret
870 2579 135 45 idem
938 2579 135 45 numero

214 2616 94 47 in
261 2616 157 47 homine
371 2616 172 47 mortuo,
496 2616 78 47 &
528 2616 141 47 viuo:
622 2616 110 47 sed
684 2616 94 47 ad
731 2616 157 47 sensum
841 2616 172 47 apparet
951 2616 125 47 falsi-

217 2660 117 42 tas
284 2660 285 42 consequentis:
519 2660 151 42 manet
619 2660 134 42 enim
703 2660 101 42 in
754 2660 151 42 coruo
854 2660 168 42 mortuo
955 2660 117 42 eaden

210 2691 177 51 nigredo,
343 2691 118 51 quae
417 2691 118 51 fuit
490 2691 88 51 in
535 2691 133 51 viuo,
623 2691 74 51 &
653 2691 147 51 albedo
756 2691 88 51 in
800 2691 147 51 cigno,
903 2691 162 51 figura,
1006 2691 74 51 ci-

220 2737 185 47 tatrix,
355 2737 84 47 &
389 2737 219 47 magnitudo
557 2737 101 47 in
607 2737 185 47 homine.
742 2737 269 47 Consequentia
944 2737 135 47 patet.

220 2779 127 45 quia
300 2779 191 45 corrupto
443 2779 207 45 subiecto,
602 2779 255 45 corrumpuntur
809 2779 159 45 omnia,
921 2779 127 45 quae
984 2779 96 45 sunt

214 2812 85 52 in
256 2812 99 52 eo:
313 2812 99 52 sed
369 2812 85 52 si
412 2812 99 52 vna
468 2812 113 52 sola
539 2812 127 52 forma
624 2812 127 52 esset
709 2812 85 52 in
751 2812 155 52 homine,
864 2812 113 52 tunc
935 2812 113 52 illa
991 2812 85 52 cor-

216 2856 160 45 rupta,
328 2856 112 45 vel
392 2856 192 45 separata
537 2856 112 45 non
601 2856 176 45 maneret
729 2856 176 45 aliquod
857 2856 208 45 subiectum
1002 2856 80 45 in-

219 2888 223 51 corruptum:
394 2888 127 51 ergo
474 2888 111 51 nec
538 2888 175 51 aliquod
665 2888 207 51 accidens,
824 2888 143 51 cuius
904 2888 175 51 oppositum

215 2930 188 49 expresse
357 2930 141 49 ponit
451 2930 173 49 Auicen.
576 2930 94 49 in
624 2930 94 49 t.
671 2930 126 49 libs
749 2930 157 49 suorum
859 2930 220 49 naturalium
1016 2930 63 49 di

227 2969 123 47 Quae
303 2969 123 47 vero
380 2969 215 47 accidentia
549 2969 246 47 consequuntur
749 2969 169 47 ratione
872 2969 184 47 materiae
995 2969 92 47 ali-

227 3007 153 50 quando
334 3007 183 50 remanent
471 3007 122 50 post
547 3007 168 50 formam,
670 3007 137 50 sicut
761 3007 214 50 cicatrices
914 3007 168 50 vulnerum,

207 3050 92 54 &
243 3050 202 54 nigredo
390 3050 238 54 Aethiopum
573 3050 147 54 post
646 3050 147 54 mortem

227 3086 79 49 3
259 3086 220 49 Praeterea,
432 3086 189 49 loquendo
573 3086 94 49 de
620 3086 141 49 causa
715 3086 204 49 naturali,
872 3086 126 49 tunc
950 3086 126 49 vera
1013 3086 63 49 es

221 3127 131 43 illa
302 3127 213 43 proposito
466 3127 164 43 Arist.
581 3127 98 43 2.
630 3127 98 43 de
679 3127 262 43 generatione.
892 3127 131 43 Idem
957 3127 115 43 manen

227 3165 124 58 idem
304 3165 155 58 semper
412 3165 139 58 facit
505 3165 139 58 idem,
598 3165 124 58 seda
675 3165 186 58 materia,
814 3165 77 58 &
845 3165 139 58 forma
922 3165 155 58 substan

1109 321 140 58 tiali
1203 321 202 58 causantur
1358 321 187 58 diuersae
1498 321 249 58 proprietates
1700 321 78 58 &
1731 321 233 58 accidentia.
1902 321 78 58 Nam

1118 366 181 44 materia
1249 366 115 44 cum
1315 366 148 44 forma
1414 366 115 44 est
1479 366 148 44 causa
1578 366 165 44 omnium
1693 366 263 44 accidentium,
1891 366 82 44 qua

1120 403 126 53 fiunt
1204 403 84 53 in
1246 403 98 53 ea,
1301 403 70 53 &
1329 403 195 53 manifestum
1483 403 112 53 est,
1553 403 112 53 quod
1622 403 126 53 aliae
1706 403 223 53 proprietates
1873 403 112 53 conue-

1118 441 143 48 niunt
1213 441 175 48 homini,
1341 441 95 48 vt
1388 441 143 48 homo,
1484 441 79 48 &
1515 441 95 48 vt
1563 441 175 48 animal,
1690 441 79 48 &
1722 441 95 48 vt
1770 441 159 48 corpus
1881 441 79 48 :
1897 441 95 48 ergo

1119 484 131 51 alia,
1207 484 73 51 &
1236 484 117 51 alia
1309 484 131 51 forma
1396 484 131 51 erit,
1484 484 102 51 per
1542 484 117 51 quam
1615 484 102 51 est
1673 484 131 51 homo,
1760 484 160 51 animal,
1877 484 73 51 &
1892 484 87 51 coo-

1126 525 117 49 us:
1193 525 168 49 maxime
1311 525 117 49 cum
1378 525 218 49 huiusmodi
1545 525 268 49 diuersitatem
1763 525 117 49 non
1813 525 168 49 possimus

1110 569 190 50 reducere
1253 569 95 50 in
1300 569 254 50 diuersitatem
1506 569 206 50 materiae,
1665 569 190 50 oportet,
1792 569 190 50 qreducamus

1114 606 109 46 eam
1177 606 93 46 in
1223 606 249 46 diuersitatem
1410 606 140 46 formae.

1122 615 79 80 4
1154 615 220 80 Praeterea,
1327 615 94 80 si
1374 615 94 80 in
1421 615 157 80 homine
1532 615 110 80 non
1594 615 157 80 essent
1705 615 157 80 plures
1815 615 157 80 formae
1909 615 79 80 sub

1110 680 231 51 stantiales,
1295 680 123 51 tunc
1372 680 108 51 vel
1433 680 123 51 homo
1510 680 108 51 non
1572 680 170 51 poterit
1695 680 123 51 vere
1773 680 123 51 dici
1834 680 139 51 genitus

1110 719 107 49 vel
1171 719 138 49 anima
1263 719 245 49 intellectiua
1462 719 107 49 non
1524 719 123 49 erit
1601 719 138 49 forma
1693 719 261 49 substantialis
1892 719 92 49 homi

1107 761 122 49 nis,
1183 761 107 49 sed
1244 761 184 49 falsitas
1382 761 245 49 consequentis
1581 761 168 49 quantum
1704 761 92 49 ad
1749 761 168 49 primam,
1857 761 122 49 partem

1115 804 153 44 patet.
1222 804 92 44 2.
1268 804 153 44 physi.
1375 804 107 44 vbi
1436 804 184 44 dicitur,
1574 804 122 44 quod
1651 804 122 44 nomo
1727 804 168 44 generat
1834 804 138 44 hominum

1105 845 85 48 &
1139 845 136 48 Sol.
1224 845 153 48 Patet
1326 845 153 48 etiam
1427 845 187 48 quantum
1563 845 102 48 ad
1614 845 204 48 secundam
1767 845 187 48 partem:
1885 845 102 48 quia

1107 877 92 51 in
1153 877 108 51 hoc
1214 877 108 51 est
1276 877 138 51 error
1368 877 154 51 Auer,.
1475 877 123 51 quem
1552 877 123 51 ipse
1629 877 154 51 posuit
1736 877 92 51 3.
1782 877 92 51 de
1828 877 154 51 anima,
1936 877 77 51 &

1113 915 125 49 est,
1191 915 140 49 error
1285 915 234 49 condemnatus
1472 915 265 49 vniuersaliter
1690 915 93 49 ab
1736 915 171 49 omnibus
1845 915 125 49 catho-

1114 952 143 60 licis,
1214 952 86 60 vt
1256 952 128 60 patet
1342 952 86 60 in
1385 952 285 60 constitutionibus
1627 952 228 60 Clementinis.
1812 952 128 60 Patet
1883 952 100 60 etiam

1103 994 277 49 consequentia:
1331 994 130 49 quia
1412 994 179 49 genitum
1542 994 179 49 accipit
1673 994 163 49 formam
1770 994 212 49 substantia-

1108 1032 99 43 lem
1164 1032 71 43 a
1193 1032 198 43 generante:
1348 1032 99 43 sed
1405 1032 156 43 posito,
1518 1032 113 43 quod
1589 1032 113 43 sola
1660 1032 127 43 anima
1744 1032 226 43 intellectiua
1914 1032 71 43 sit

1111 1075 145 49 forma
1208 1075 274 49 substantialis
1434 1075 194 49 hominis,
1579 1075 129 49 tunc
1659 1075 129 49 homo
1740 1075 113 49 per
1805 1075 145 49 actum
1885 1075 97 49 homi

1105 1117 121 50 nis,
1181 1117 106 50 vel
1241 1117 136 50 Solis
1332 1117 151 50 nullam
1438 1117 151 50 formam
1544 1117 257 50 substantialem
1755 1117 212 50 acciperet,
1907 1117 61 50 ci

1102 1150 145 59 anima
1198 1150 257 59 intellectiua
1407 1150 80 59 a
1440 1150 129 59 solo
1520 1150 113 59 Deo
1584 1150 177 59 crectur
1713 1150 80 59 :
1745 1150 129 59 ergo
1825 1150 129 59 homo
1890 1150 80 59 non

1104 1192 150 55 posset
1209 1192 120 55 dici
1284 1192 165 55 genitus
1404 1192 90 55 ab
1450 1192 165 55 homine,
1570 1192 105 55 vel
1630 1192 75 55 a
1645 1192 105 55 Sole-

1186 1206 219 76 Praeterea,
1358 1206 141 76 causa
1452 1206 125 76 mere
1530 1206 203 76 priuatiua
1687 1206 109 76 non
1749 1206 172 76 inducit
1859 1206 109 76 imme-

1108 1267 145 44 diate
1205 1267 194 44 effectum
1350 1267 210 44 posituum,
1511 1267 113 44 sed
1576 1267 194 44 diuidens
1721 1267 145 44 caput
1818 1267 81 44 a
1834 1267 145 44 corpore

1106 1306 151 55 humano
1212 1306 121 55 est,
1288 1306 91 55 vt
1333 1306 121 55 sic,
1409 1306 136 55 causa
1500 1306 121 55 mere
1575 1306 212 55 priuatiua:
1742 1306 121 55 ergo
1818 1306 106 55 per
1863 1306 106 55 solum

1112 1353 141 51 actum
1206 1353 219 51 diuisionis
1378 1353 110 51 non
1441 1353 172 51 inducit
1566 1353 172 51 aliquam
1691 1353 172 51 formam,
1817 1353 78 51 &
1848 1353 110 51 per
1895 1353 78 51 co-

1105 1388 167 47 sequens
1226 1388 121 47 illa
1302 1388 136 47 forma
1393 1388 273 47 corporeitatis,
1620 1388 121 47 quae
1695 1388 197 47 immediate
1847 1388 106 47 ibi
1892 1388 76 47 ap-

1115 1435 156 47 paret,
1224 1435 156 47 occiso
1333 1435 156 47 homine
1442 1435 125 47 mere
1520 1435 125 47 fuit
1598 1435 93 47 in
1645 1435 125 47 illo
1723 1435 156 47 homine
1832 1435 109 47 cum
1879 1435 93 47 ani-

1109 1475 92 46 ma
1155 1475 246 46 intellectiua
1355 1475 108 46 iam
1417 1475 108 46 per
1478 1475 216 46 occisionem
1632 1475 154 46 separata

1117 1512 79 43 4
1149 1512 222 43 Praeterea,
1324 1512 143 43 anima
1419 1512 254 43 intellectiua
1625 1512 254 43 praesupponit
1816 1512 159 43 corporis

1102 1540 187 54 humani
1233 1540 299 54 formationem,
1476 1540 93 54 &
1513 1540 243 54 membrorum
1681 1540 280 54 dispositionem

1110 1586 106 49 seu
1170 1586 288 49 organixationem:
1413 1586 106 49 sed
1473 1586 136 49 talis
1564 1586 242 49 organixatio,
1761 1586 106 49 cum
1822 1586 106 49 sit
1867 1586 91 49 acci

1104 1631 136 42 dens,
1195 1631 242 42 praesupponit
1392 1631 212 42 necessario
1558 1631 151 42 formam
1664 1631 273 42 substantialem:
1876 1631 91 42 ergo

1114 1657 166 59 praeter
1235 1657 151 59 animam
1340 1657 257 59 intellectiuam
1552 1657 121 59 erit
1627 1657 121 59 alia
1702 1657 136 59 forma
1778 1657 196 59 substantia-

1110 1700 104 50 lis
1170 1700 89 50 in
1214 1700 163 50 homine.
1333 1700 134 50 Maior
1422 1700 148 50 patet,
1526 1700 119 50 quia
1600 1700 134 50 anima
1689 1700 104 50 est
1748 1700 134 50 actus
1823 1700 148 50 corporis

1110 1749 177 43 organici
1243 1749 177 43 physici,
1376 1749 89 43 vt
1420 1749 162 43 dicitur
1538 1749 89 43 2.
1582 1749 89 43 de
1627 1749 148 43 anima.
1730 1749 118 43 Vnde
1804 1749 162 43 propter
1907 1749 59 43 eo

1120 1781 201 47 lementum
1271 1781 218 47 huiusmodi
1438 1781 251 47 formationis
1639 1781 117 47 non
1706 1781 234 47 infunditur
1873 1781 84 47 ani

1109 1814 91 54 ma
1154 1814 242 54 intellectiua
1351 1814 121 54 ante
1427 1814 106 54 4o.
1487 1814 121 54 diem
1563 1814 182 54 secundum
1699 1814 151 54 Arist.
1805 1814 91 54 in
1851 1814 121 54 lib.
1911 1814 61 54 2.

1107 1856 105 52 de
1159 1856 122 52 gen
1229 1856 244 52 animalium,
1421 1856 122 52 vel
1491 1856 140 52 ante
1578 1856 122 52 48.
1648 1856 140 52 diem
1735 1856 210 52 secundum
1875 1856 87 52 Aug

1112 1890 142 59 Patet
1207 1890 142 59 etiam
1301 1890 157 59 minor:
1411 1890 126 59 quia
1490 1890 142 59 actus
1584 1890 189 59 secundum
1726 1890 126 59 quid
1789 1890 173 59 praesuppe

1113 1946 104 44 nit
1173 1946 134 44 actum
1262 1946 239 44 simpliciter:
1456 1946 104 44 sed
1516 1946 239 44 organixatio,
1710 1946 104 44 cum
1769 1946 104 44 sit
1814 1946 149 44 accidens

1112 1983 109 47 est
1175 1983 140 47 actus
1268 1983 187 47 secundum
1408 1983 140 47 quid:
1502 1983 125 47 ergo
1580 1983 249 47 praesupponit
1782 1983 156 47 formam
1876 1983 93 47 sub-

1111 2014 213 54 stantialem,
1281 2014 114 54 quae
1352 2014 99 54 est
1409 2014 128 54 actus
1480 2014 185 54 simpliciter

1121 2027 80 80 3
1153 2027 208 80 Preterea,
1313 2027 128 80 vna,
1392 2027 80 80 &
1424 2027 144 80 eadem
1520 2027 144 80 forma
1616 2027 112 80 non
1680 2027 160 80 potest
1791 2027 144 80 simul
1871 2027 96 80 esse

1110 2093 231 53 corporalis,
1294 2093 77 53 &
1325 2093 246 53 spiritualis,
1525 2093 108 53 sed
1587 2093 154 53 forma,
1695 2093 108 53 per
1756 2093 123 53 quam
1833 2093 123 53 homo
1895 2093 77 53 est

1110 2133 155 56 corpus,
1222 2133 98 56 est
1279 2133 211 56 corporalis:
1448 2133 113 56 quia
1518 2133 141 56 qualis
1616 2133 98 56 est
1673 2133 141 56 forma,
1771 2133 113 56 tale
1841 2133 98 56 dat
1884 2133 98 56 esse,

1111 2180 75 46 &
1141 2180 135 46 forma
1231 2180 105 46 per
1291 2180 120 46 quam
1366 2180 105 46 est
1426 2180 225 46 rationalis,
1607 2180 105 46 est
1667 2180 240 46 spiritualis:
1862 2180 120 46 ergo
1922 2180 60 46 &c

1182 2219 212 47 Praeterea,
1348 2219 91 47 si
1394 2219 106 47 non
1454 2219 151 47 essent
1560 2219 151 47 plures
1666 2219 151 47 formae
1756 2219 227 47 substantiales

1111 2251 89 54 in
1156 2251 178 54 animali,
1289 2251 118 54 tunc
1363 2251 118 54 vnus
1437 2251 133 54 motus
1526 2251 178 54 cotinuus
1659 2251 104 54 non
1718 2251 133 54 esset
1792 2251 178 54 continuus.

1114 2290 213 58 Consequens
1281 2290 106 58 est
1342 2290 167 58 falsum,
1463 2290 76 58 &
1493 2290 243 58 impossibile:
1691 2290 121 58 quia
1767 2290 182 58 implicat
1888 2290 76 58 con

1112 2335 96 52 tr
1160 2335 240 52 adictionem.
1352 2335 192 52 Probatio
1496 2335 272 52 consequentiae
1720 2335 80 52 :
1752 2335 192 52 ponatur,
1880 2335 96 52 quod

1107 2383 119 43 vnum
1182 2383 149 43 animal
1286 2383 134 43 valde
1376 2383 179 43 infirmum
1510 2383 224 43 proficiatur
1689 2383 90 43 de
1734 2383 194 43 altissima
1868 2383 105 43 turri

1103 2412 106 53 ita
1163 2412 121 53 quod
1239 2412 182 53 moriatur
1376 2412 91 53 in
1421 2412 136 53 medio
1512 2412 152 53 illius
1618 2412 258 53 descensionis,
1815 2412 152 53 antequam

1105 2457 154 40 tangat
1213 2457 170 40 terram,
1336 2457 123 40 tunc
1413 2457 93 40 si
1459 2457 139 40 nulla
1552 2457 139 40 forma
1644 2457 262 40 substantialis
1845 2457 123 40 manet,

1115 2497 116 46 quae
1188 2497 131 46 prius
1275 2497 131 46 erat,
1363 2497 203 46 necessario
1522 2497 160 46 oportet
1639 2497 160 46 dicere,
1755 2497 116 46 quod
1828 2497 131 46 motus
1900 2497 73 46 sit

1110 2531 288 46 discontinuatus:
1352 2531 121 46 quia
1428 2531 227 46 continuitas
1610 2531 136 46 motus
1701 2531 243 46 praesupponit
1883 2531 91 46 vni-

1119 2573 146 47 tatem
1216 2573 194 47 mobilis;
1361 2573 113 47 hic
1426 2573 146 47 autem
1523 2573 113 47 non
1588 2573 146 47 esset
1685 2573 129 47 vnum
1766 2573 178 47 mobile;
1879 2573 97 47 quia

1119 2612 150 44 primum
1224 2612 195 44 corruptum
1374 2612 120 44 est,
1449 2612 75 44 &
1479 2612 135 44 aliud
1568 2612 165 44 genitum
1688 2612 120 44 est.
1763 2612 105 44 Sed
1823 2612 90 44 ex
1853 2612 120 44 altera

1124 2655 128 51 parte
1209 2655 114 51 iste
1281 2655 128 51 motus
1366 2655 100 51 est
1423 2655 200 51 continuus:
1580 2655 114 51 quia
1652 2655 128 51 nulla
1737 2655 143 51 quiete
1837 2655 100 51 est
1880 2655 100 51 inter

1119 2692 169 46 ruptus,
1242 2692 123 46 ideo
1318 2692 138 46 simul
1411 2692 138 46 esset
1503 2692 215 46 continuus,
1672 2692 77 46 &
1703 2692 108 46 non
1749 2692 184 46 continuus.

1179 2728 199 49 Praeterea,
1335 2728 85 49 si
1377 2728 99 49 vna
1434 2728 113 49 sola
1505 2728 128 49 forma
1590 2728 241 49 substantialis
1789 2728 128 49 esset
1874 2728 85 49 in
1902 2728 71 49 ant

1119 2762 137 50 mali,
1210 2762 122 50 tunc
1286 2762 91 50 in
1332 2762 152 50 puncto
1438 2762 152 50 mortis
1544 2762 137 50 omnia
1636 2762 122 50 ossa
1712 2762 182 50 caderent
1848 2762 91 50 de
1879 2762 91 50 iun-

1115 2803 152 52 cturis
1221 2803 137 52 suis,
1313 2803 107 52 nec
1374 2803 183 52 manerent
1511 2803 213 52 ferramenta
1679 2803 91 52 in
1724 2803 168 52 pedibus
1831 2803 137 52 equorum

1118 2853 112 41 nec
1182 2853 160 41 vngues
1294 2853 96 41 in
1343 2853 176 41 digitis
1471 2853 192 41 hominum,
1615 2853 112 41 nec
1679 2853 160 41 digiti
1792 2853 96 41 in
1824 2853 144 41 manibus

1106 2890 107 45 nec
1167 2890 137 45 manus
1258 2890 92 45 in
1304 2890 183 45 brachus,
1442 2890 76 45 &
1472 2890 107 45 sic
1533 2890 92 45 de
1579 2890 137 45 aliis
1671 2890 183 45 membris,
1808 2890 137 45 omnia
1884 2890 92 45 ista

1116 2927 117 45 sunt
1190 2927 147 45 falsa,
1292 2927 132 45 sicut
1380 2927 88 45 ad
1424 2927 147 45 sensum
1527 2927 147 45 patet.
1630 2927 235 45 Consequentia
1821 2927 191 45 probatur,

1124 2968 126 49 quia
1203 2968 142 49 facta
1298 2968 237 49 resolutione
1487 2968 142 49 vsque
1582 2968 95 49 ad
1629 2968 158 49 primam
1739 2968 205 49 materiam,
1881 2968 95 49 tunc

1119 2999 147 54 omnia,
1222 2999 118 54 quae
1296 2999 132 54 prius
1384 2999 162 54 fuerunt
1502 2999 206 54 contuncta,
1664 2999 88 54 ab
1708 2999 162 54 inuicem
1811 2999 162 54 resoluum-

1111 3041 114 47 tur,
1182 3041 100 47 sed
1239 3041 86 47 si
1282 3041 100 47 vna
1339 3041 114 47 sola
1411 3041 129 47 forma
1496 3041 243 47 substantialis
1696 3041 100 47 est
1753 3041 86 47 in
1796 3041 171 47 quolibet
1911 3041 71 47 ani

1109 3079 144 46 mali,
1205 3079 128 46 tunc
1285 3079 96 46 in
1333 3079 257 46 corruptione,
1542 3079 112 46 seu
1606 3079 144 46 morte
1702 3079 225 46 cuiuslibet
1863 3079 128 46 anima-

1111 3122 106 43 lis
1171 3122 151 43 fieret
1277 3122 196 43 resolutio
1428 3122 136 43 vsque
1518 3122 91 43 ad
1564 3122 151 43 primam
1669 3122 181 43 materiam

1141 3152 75 69 o
1171 3152 196 69 Preterea,
1322 3152 211 69 diffinitio
1488 3152 136 69 habet
1578 3152 151 69 plures
1684 3152 151 69 partes
1789 3152 75 69 :
1819 3152 121 69 ergo
1880 3152 90 69 dif
