2412 3545
275 288 101 59 Ad
326 288 201 59 probatio
476 288 117 59 nem
544 288 218 59 dicendum,
711 288 134 59 quod
795 288 184 59 quamuis
929 288 151 59 ille,
1013 288 84 59 qui

233 342 118 46 apit
307 342 266 46 principaliter,
528 342 74 46 &
558 342 89 46 ex
602 342 162 46 propria
720 342 162 46 virtute
838 342 162 46 effiuit
956 342 162 46 aliquem

237 381 194 47 effectum,
386 381 104 47 sit
446 381 223 47 prestantior
624 381 194 47 patiente:
773 381 134 47 tamen
863 381 104 47 hoc
922 381 104 47 non
982 381 104 47 est
1026 381 60 47 ne

232 419 136 44 cesse
322 419 90 44 de
368 419 90 44 eo
413 419 196 44 loquendo,
564 419 106 44 qui
624 419 286 44 ministerialiter
865 419 196 44 dispeniat
1001 419 90 44 ali-

226 461 119 41 quem
301 461 193 41 effectum,
449 461 104 41 non
509 461 89 41 de
553 461 119 41 suo,
628 461 104 41 sed
687 461 89 41 de
732 461 164 41 alieno,
851 461 119 41 sibi
925 461 134 41 tamen
1000 461 89 41 con-

224 494 152 49 misso
326 494 220 49 thesauro,
495 494 152 49 saepe
597 494 136 49 enim
681 494 152 49 bonus
783 494 186 49 dominus
919 494 119 49 dat
969 494 119 49 bonum

230 535 148 42 donum
328 535 132 42 bono
411 535 181 42 subdito
542 535 115 42 per
608 535 148 42 manum
707 535 132 42 mali
789 535 214 42 ministri:
953 535 115 42 sed
1003 535 82 42 Pa-

240 577 94 39 a,
287 577 110 39 vel
350 577 204 39 Episcopus
507 577 126 39 dans
586 577 267 39 indulgentias,
806 577 110 39 non
869 577 110 39 dat
932 577 94 39 de
979 577 110 39 suo
1026 577 63 39 me

219 617 131 55 rito,
307 617 102 55 sed
365 617 102 55 dat
423 617 87 55 de
467 617 146 55 merito
569 617 175 55 Christi,
700 617 73 55 &
730 617 189 55 sanctorum
875 617 117 55 sibi
948 617 87 55 ad
977 617 117 55 dispen

223 653 173 55 sandum
344 653 225 55 commisso:
516 653 138 55 ergo
586 653 86 55 &c.

264 687 108 51 Ad
318 687 251 51 argumentum
515 687 251 51 principale
712 687 233 51 dicendum,
892 687 143 51 quod
963 687 126 51 licet

234 725 191 61 gnorantia
381 725 235 61 inuincibilis
572 725 161 61 excuset
689 725 73 61 a
718 725 176 61 peccato,
850 725 73 61 &
880 725 73 61 a
909 725 132 61 poena
982 725 103 61 aeter

235 777 100 47 a,
285 777 150 47 tamen
385 777 117 47 non
452 777 167 47 semper
569 777 183 47 excusat
702 777 83 47 a
735 777 150 47 poena
835 777 150 47 etiam
918 777 167 47 tempora-

218 808 110 58 li:
281 808 126 58 dato
360 808 126 58 enim
438 808 126 58 quod
516 808 126 58 homo
595 808 220 58 tradiderit
767 808 220 58 obliuioni,
940 808 78 58 &
956 808 141 58 ignoram

229 853 130 39 tiam
310 853 260 39 inuincibilem
522 853 163 39 habeat
635 853 98 39 de
684 853 163 39 multis
798 853 228 39 mortalibus
961 853 130 39 pecca-

221 889 122 51 tis,
297 889 122 51 quae
373 889 152 51 diebus
479 889 122 51 suis
555 889 198 51 commisit,
707 889 122 51 tunc
783 889 122 51 Deus
859 889 106 51 non
920 889 152 51 tradit
1011 889 76 51 eum

226 930 249 48 eternalibus
426 930 166 48 poenis
542 930 249 48 eternaliter
742 930 233 48 puniendum:
925 930 150 48 tamen
1008 930 83 48 non

225 972 212 42 obstante
384 972 230 42 huiusmodi
561 972 230 42 obliuione
738 972 141 42 Deus
826 972 177 42 puniet
950 972 124 42 eum
1003 972 88 42 pro

215 1007 203 45 huiusmodi
372 1007 188 45 peccatis
512 1007 94 45 in
559 1007 219 45 purgatorio
731 1007 141 45 poena
825 1007 219 45 temporali,
997 1007 94 45 si
1028 1007 63 45 in

220 1050 111 41 hoc
284 1050 143 41 mundo
379 1050 111 41 non
443 1050 254 41 satisfecerit
649 1050 111 41 per
713 1050 191 41 largitas
856 1050 127 41 sibi
919 1050 175 41 indulgen-

211 1092 128 54 tias,
296 1092 99 54 vel
353 1092 128 54 aliis
438 1092 184 54 virtuosis
580 1092 170 54 actibus,
707 1092 71 54 &
736 1092 170 54 operibus
849 1092 156 54 pietatis.

277 1203 680 85 DISTINCTIO.
775 1203 227 85 33.

262 1322 211 51 perspicua
424 1322 146 51 buius
521 1322 276 51 distinctionis
748 1322 195 51 diuisio,
894 1322 81 51 m
927 1322 113 51 qua
975 1322 65 51 de

367 1372 240 67 remissione
556 1372 257 67 peccatorum,
761 1372 120 67 quo
830 1372 103 67 ad
864 1372 86 67 fu-

459 1421 161 69 turam
567 1421 161 69 vitam
656 1421 215 69 peragitur.

462 1549 185 81 OLET
578 1549 208 81 etiam
717 1549 232 81 queri.
855 1549 232 81 Postquam

554 1605 198 45 Magister
702 1605 264 45 determinauit
916 1605 99 45 de
949 1605 148 45 peccato

550 1640 119 50 rum
618 1640 256 50 remissione,
823 1640 188 50 quantum
959 1640 102 50 ad
994 1640 102 50 sta-

556 1676 102 55 tum
615 1676 205 55 praesentis
776 1676 132 55 vite,
863 1676 117 55 nunc
936 1676 88 55 in
966 1676 132 55 ista:1.

556 1714 135 58 dist.
646 1714 165 58 incipit
766 1714 180 58 tractare
900 1714 90 58 de
945 1714 135 58 eadem
1020 1714 75 58 re-

548 1760 212 40 missione,
711 1760 180 40 quantum
842 1760 98 40 ad
891 1760 163 40 statum
989 1760 98 40 vita

558 1800 170 48 futurae.
685 1800 85 48 Et
728 1800 184 48 diuiditur
869 1800 85 48 in
912 1800 113 48 duas
969 1800 127 48 partes:

557 1837 110 45 nam
620 1837 141 45 primo
714 1837 188 45 ostendit
855 1837 94 45 in
902 1837 125 45 vita
965 1837 125 45 futura

218 1873 220 50 aliquorum
387 1873 237 50 peccatorum
573 1873 152 50 fieri
675 1873 271 50 remissionem.
895 1873 186 50 Secundo
1013 1873 85 50 de-

225 1920 158 43 clarat
336 1920 174 43 quaedam
463 1920 222 43 obseruanda
637 1920 95 43 in
684 1920 111 43 hac
748 1920 127 43 vita
827 1920 143 43 circa
906 1920 190 43 confessio-

231 1948 120 57 nem,
306 1948 120 57 ibi,
381 1948 120 57 Post
456 1948 120 57 haec
531 1948 255 57 considerandum
741 1948 120 57 est.
816 1948 135 57 Prima
906 1948 90 57 in
951 1948 135 57 duas:
1026 1948 75 57 nam

235 1995 167 43 primo,
352 1995 150 43 circa
452 1995 217 43 venialium
619 1995 233 43 peccatorum
802 1995 267 43 remissionem,
1002 1995 83 43 qua

218 2038 112 48 fit
282 2038 96 48 in
330 2038 128 48 alia
410 2038 144 48 vita,
507 2038 144 48 ponit
603 2038 128 48 suam
683 2038 321 48 determinationem.
940 2038 144 48 Secundo

229 2070 171 48 contra
349 2070 222 48 huiusmodi
520 2070 325 48 determinationem
793 2070 205 48 adducit,
947 2070 86 48 &
964 2070 120 48 tolli

218 2110 189 50 duplicem
360 2110 252 50 obiectionem,
565 2110 126 50 ibi,
644 2110 110 50 Hic
707 2110 158 50 obiici
817 2110 173 50 potest.
943 2110 142 50 Prima
1022 2110 63 50 in

221 2156 146 50 duas:
318 2156 114 50 nam
383 2156 146 50 primo
481 2156 211 50 ostendit,
643 2156 130 50 quod
724 2156 179 50 quaedam
854 2156 179 50 peccata
984 2156 97 50 in
1017 2156 81 50 vi-

216 2189 103 54 ta
267 2189 172 54 futura
387 2189 240 54 relaxantur
576 2189 189 54 Secudo,
713 2189 189 54 quomodo
851 2189 223 54 huiusmodi
1005 2189 86 54 pec

230 2235 176 52 ratorum
358 2235 176 52 quaedam
486 2235 80 52 i
518 2235 224 52 purgatorio
694 2235 176 52 citius,
822 2235 176 52 quaedam
950 2235 128 52 vero
1014 2235 80 52 tar

224 2277 121 42 dius
300 2277 243 42 expurgantur,
497 2277 121 42 ibi,
573 2277 91 42 In
618 2277 121 42 illo
694 2277 136 42 autem
785 2277 136 42 igne.
876 2277 182 42 Sequitur
997 2277 91 42 illa

226 2309 130 57 pars,
312 2309 101 57 Hio
370 2309 145 57 obiici
471 2309 159 57 potest.
587 2309 87 57 Et
630 2309 188 57 diuiditur
775 2309 87 57 in
818 2309 116 57 duas
891 2309 159 57 partes,
992 2309 101 57 secun

229 2351 121 49 dum
298 2351 138 49 quod
384 2351 190 49 adducit
522 2351 207 49 duplicem
677 2351 276 49 obiectionem,
901 2351 172 49 quarum
1005 2351 86 49 cui

218 2393 142 49 libet
313 2393 190 49 adiungit
455 2393 126 49 suam
534 2393 237 49 solutionem:
724 2393 174 49 Secunda
850 2393 126 49 ibi,
929 2393 111 49 Sed
976 2393 111 49 forte

218 2441 157 35 dices.
328 2441 125 35 Tunc
406 2441 188 35 sequitur
547 2441 125 35 illa
626 2441 141 35 pars,
720 2441 125 35 Post
798 2441 125 35 haec
861 2441 235 35 considerandum

227 2468 92 50 Et
273 2468 198 50 diuiditur
425 2468 92 50 in
471 2468 122 50 tres
547 2468 153 50 partes
654 2468 107 50 nam
715 2468 137 50 primo
806 2468 198 50 ostendit,
959 2468 122 50 quae
1020 2468 76 50 pec

231 2510 139 47 cata,
323 2510 77 47 &
354 2510 185 47 qualiter
493 2510 123 47 sint
570 2510 216 47 confitenda
739 2510 185 47 Secundo,
878 2510 93 47 de
924 2510 154 47 quibus
1017 2510 77 47 pec

231 2545 135 53 catis
321 2545 105 53 non
381 2545 105 53 est
441 2545 195 53 confessio
591 2545 195 53 facienda.
742 2545 90 53 Et
787 2545 165 53 tertio,
907 2545 165 53 quomodo
1012 2545 75 53 per

229 2585 113 49 cata
300 2585 184 49 sacerdoti
441 2585 170 49 confessa
568 2585 113 49 sunt
639 2585 85 49 ab
681 2585 85 49 eo
724 2585 99 49 sub
780 2585 155 49 sigillo
893 2585 155 49 secreti
992 2585 99 49 tenem

259 2626 109 48 da,
322 2626 78 48 &
353 2626 109 48 per
415 2626 140 48 petuo
508 2626 233 48 subticenda,
695 2626 124 48 puta
772 2626 109 48 nec
834 2626 155 48 signo,
928 2626 124 48 nutum,

310 2665 111 51 vel
374 2665 143 51 verbo
469 2665 207 51 prodenda.
628 2665 175 51 Secunda
755 2665 111 51 ibi
819 2665 143 51 Sicut
899 2665 111 51 auten

334 2704 209 58 poenitens
495 2704 177 58 Tertia,
623 2704 129 58 ibi,
704 2704 161 58 Caueat
816 2704 145 58 autem
897 2704 80 58 sa-

393 2746 165 44 cerdos.
513 2746 105 44 Hec
573 2746 105 44 est
633 2746 180 44 diuisio,
767 2746 75 44 &
782 2746 165 44 sententia

419 2783 143 57 istius
519 2783 243 57 distinctionis
719 2783 86 57 in
747 2783 143 57 generali

460 2822 155 56 circa
563 2822 138 56 quam
649 2822 103 56 in
684 2822 172 56 speciali

497 2863 184 57 quaero
625 2863 147 57 hanc
699 2863 128 57 quae

577 2900 179 57 stionem.

1404 341 319 87 Quaestio.
1649 341 74 87 1

1194 452 110 54 An
1249 452 128 54 ea,
1322 452 147 54 quae
1413 452 128 54 per
1487 452 293 54 confessionem
1707 452 201 54 audiuntur

1328 494 209 75 celanda
1480 494 190 75 semper
1594 494 171 75 fucrint

1156 1004 161 50 VTRVMI
1268 1004 193 50 sacerdos
1413 1004 161 50 illud,
1525 1004 128 50 quod
1606 1004 128 50 scit
1686 1004 112 50 per
1734 1004 241 50 confessionem,

1209 1048 186 61 teneatur
1348 1048 93 61 in
1394 1048 124 61 omni
1472 1048 124 61 casu
1549 1048 108 61 sub
1611 1048 170 61 secreto
1734 1048 170 61 tenere.
1858 1048 93 61 Et
1889 1048 93 61 vide

1115 1081 130 51 tur,
1196 1081 130 51 quod
1261 1081 98 51 non-

1142 1116 128 56 Quia
1222 1116 96 56 ad
1270 1116 112 56 hoc
1334 1116 112 56 non
1398 1116 208 56 obligatur
1558 1116 208 56 sacerdos,
1718 1116 128 56 quod
1798 1116 112 56 non
1846 1116 128 56 potess

1117 1166 198 46 obseruare
1269 1166 122 46 sine
1346 1166 168 46 mortali
1468 1166 183 46 peccato.
1605 1166 107 46 Sed
1666 1166 92 46 in
1712 1166 153 46 aliquo
1819 1166 122 46 casu
1880 1166 107 46 sacer

1119 1204 102 47 dos
1178 1204 204 47 mortaliter
1338 1204 190 47 peccaret,
1484 1204 88 47 si
1528 1204 146 47 illud,
1630 1204 117 47 quod
1703 1204 117 47 scit
1776 1204 102 47 per
1820 1204 160 47 consessio

1117 1244 127 53 nem,
1197 1244 111 53 non
1260 1244 222 53 reuelaret:
1435 1244 127 53 ergo
1498 1244 64 53 &c

1128 1282 133 55 Maior
1217 1282 147 55 patet,
1320 1282 118 55 quia
1394 1282 147 55 nullus
1497 1282 192 55 obligatur
1644 1282 88 55 de
1688 1282 221 55 necessitate
1850 1282 133 55 salutis

1112 1324 96 50 ad
1160 1324 160 50 illud,
1272 1324 128 50 quod
1352 1324 224 50 necessario
1528 1324 192 50 implicat
1673 1324 176 50 mortale
1785 1324 176 50 peccatum.

1118 1358 179 50 Minorem
1248 1358 146 50 probo
1345 1358 130 50 sic.
1427 1358 195 50 Ponatur,
1573 1358 130 50 quod
1654 1358 179 50 aliquis
1784 1358 195 50 Tvrannus
1914 1358 65 50 fa

1114 1406 125 41 ciat
1193 1406 220 41 solleniter
1365 1406 157 41 iurare
1475 1406 220 41 sacerdotem
1648 1406 94 41 de
1695 1406 173 41 dicenda
1804 1406 173 41 veritate,

1117 1443 118 49 quam
1191 1443 148 49 noscit
1295 1443 133 49 super
1383 1443 118 49 his,
1457 1443 118 49 quae
1531 1443 163 49 quaeret
1650 1443 89 49 ab
1694 1443 104 49 eo,
1753 1443 104 49 quo
1812 1443 148 49 facto,
1901 1443 74 49 que

1125 1484 106 41 ret
1185 1484 197 41 Tvrannus,
1337 1484 136 41 vtrum
1428 1484 121 41 ipse
1503 1484 151 41 sciat,
1610 1484 121 41 quis
1685 1484 242 41 interfecerit
1867 1484 106 41 homi-

1117 1519 118 43 nem,
1191 1519 103 43 qui
1250 1519 118 43 tali
1324 1519 118 43 dice
1397 1519 162 43 secrete
1515 1519 118 43 fuit
1589 1519 177 43 occisus.
1722 1519 118 43 Modo
1795 1519 162 43 posito,
1899 1519 88 43 quod

1123 1555 175 58 sacerdos
1254 1555 102 58 hoc
1313 1555 131 58 sciat
1400 1555 87 58 in
1444 1555 233 58 confessione,
1633 1555 87 58 si
1676 1555 102 58 non
1735 1555 175 58 reuelat,
1866 1555 116 58 tunc
1924 1555 58 58 e-

1118 1598 109 52 rit
1181 1598 202 52 periurus,
1336 1598 78 52 &
1368 1598 109 52 per
1430 1598 218 52 consequens
1601 1598 218 52 mortaliter
1757 1598 171 52 peccabit.

1156 1639 96 44 In
1204 1639 223 44 contrarium
1379 1639 111 44 est
1443 1639 191 44 magister
1586 1639 111 44 hic
1650 1639 96 44 in
1697 1639 191 44 littera,
1841 1639 80 44 &
1857 1639 127 44 commu-

1124 1675 113 54 nis
1188 1675 210 54 sanctorum
1350 1675 194 54 doctrina
1495 1675 113 54 Hic
1560 1675 145 54 primo
1656 1675 177 54 videdum
1785 1675 113 54 est
1850 1675 97 54 de
1882 1675 97 54 prin

1113 1717 156 38 cipali
1222 1717 202 38 quaesito.
1378 1717 187 38 Secundo,
1518 1717 93 38 ad
1565 1717 125 38 quid
1643 1717 156 38 valeat
1752 1717 202 38 generalis
1892 1717 93 38 con-

1114 1755 161 55 sessio.
1231 1755 161 55 Tertio,
1348 1755 161 55 videnda
1465 1755 117 55 sunt
1538 1755 146 55 aliqua
1640 1755 88 55 de
1684 1755 117 55 igne
1757 1755 219 55 purgatorio.
1918 1755 58 55 Ei

1119 1799 164 46 quarto
1233 1799 180 46 quomodo
1365 1799 164 46 aliqua
1479 1799 180 46 peccata
1611 1799 230 46 remittutur
1791 1799 98 46 in
1840 1799 131 46 alio
1906 1799 82 46 mu-

1119 1842 106 44 do.
1179 1842 91 44 De
1225 1842 106 44 his
1285 1842 121 44 enim
1360 1842 166 44 omnibus
1481 1842 91 44 in
1526 1842 121 44 ista
1602 1842 241 44 distinctione
1798 1842 106 44 fit
1843 1842 136 44 mentio-

1110 1873 151 57 modo
1205 1873 170 57 tamen
1299 1873 246 57 retrogrado.

1216 1993 586 59 RESOLVTIO.

1132 2065 142 80 Quamuis
1235 2065 90 80 ea,
1287 2065 103 80 quae
1351 2065 155 80 praecise
1467 2065 90 80 per
1518 2065 206 80 confestionem
1686 2065 219 80 cognoscuntur,
1866 2065 90 80 sib
1905 2065 77 80 pae-

1151 2126 76 55 na
1189 2126 101 55 mort
1252 2126 101 55 alis
1316 2126 139 55 peccati
1417 2126 114 55 nalli
1492 2126 164 55 renelanda
1619 2126 114 55 sint,
1694 2126 189 55 confitentis
1846 2126 114 55 tamen
1909 2126 76 55 ius-

1161 2173 68 58 u
1189 2173 149 58 mamifel
1297 2173 95 58 ari
1351 2173 162 58 possunt,
1472 2173 135 58 eoquae
1567 2173 203 58 potissimum,
1729 2173 135 58 quando
1824 2173 135 58 illius
1905 2173 81 58 pro-

1153 2216 150 55 lationis
1265 2216 112 55 causa
1340 2216 137 55 houesta
1427 2216 150 55 extiterit.

1235 2297 672 56 ARTICVLVS
1700 2297 207 56 I.

1173 2388 144 61 Vtrum
1269 2388 112 61 ea,
1333 2388 128 61 quae
1413 2388 112 61 per
1477 2388 256 61 confelsionem
1685 2388 224 61 audiuntur,
1845 2388 80 61 ce-

1360 2432 143 76 anda
1450 2432 179 76 semper
1557 2432 179 76 fuerint.

1168 2530 155 55 ANTVM
1271 2530 103 55 ad
1323 2530 172 55 primum
1443 2530 172 55 potest
1564 2530 224 55 distingui
1736 2530 121 55 sic
1805 2530 138 55 Quia
1874 2530 103 55 autm

1153 2587 74 41 a
1183 2587 177 41 sacerdos
1315 2587 147 41 illud,
1418 2587 88 41 de
1463 2587 103 41 quo
1521 2587 206 41 quaeritur,
1683 2587 177 41 praecise
1816 2587 147 41 noscit
1904 2587 74 41 per

1121 2618 272 53 sacramentalem
1345 2618 256 53 consessionem
1553 2618 128 53 sibi
1633 2618 176 53 factam,
1761 2618 112 53 aut
1825 2618 112 53 non
1873 2618 112 53 preci

1121 2655 105 46 se,
1181 2655 135 46 puta,
1271 2655 120 46 quia
1346 2655 150 46 noscit
1450 2655 105 46 per
1510 2655 254 46 confessionem,
1720 2655 75 46 &
1750 2655 135 46 etiam
1839 2655 120 46 alio
1899 2655 75 46 mo-

1125 2695 103 47 do.
1184 2695 89 47 Si
1229 2695 162 47 precise
1347 2695 103 47 per
1406 2695 251 47 confessionem,
1613 2695 118 47 tunc
1687 2695 103 47 aut
1746 2695 133 47 habet
1820 2695 162 47 licentiam

1121 2739 76 42 a
1151 2739 229 42 confitente,
1335 2739 122 42 quod
1411 2739 138 42 illud
1503 2739 153 42 possit
1610 2739 199 42 reuelare,
1763 2739 107 42 aut
1824 2739 107 42 non
1870 2739 107 42 habet

1121 2774 212 52 huiusmodi
1267 2774 196 52 litentiam.

1167 2815 89 50 Et
1212 2815 103 50 sic
1271 2815 133 50 iuxta
1359 2815 148 50 membra
1462 2815 148 50 istius
1566 2815 251 50 distinctionis
1772 2815 118 50 pono
1846 2815 118 50 tres
1905 2815 74 50 con

1106 2854 186 56 clusiones.

1178 2864 132 73 Prima
1266 2864 103 73 est
1325 2864 132 73 haec,
1413 2864 117 73 quod
1487 2864 147 73 illud,
1589 2864 117 73 quod
1663 2864 176 73 sacerdos
1795 2864 191 73 praecise,
1927 2864 44 73 &

1131 2935 111 44 non
1194 2935 158 44 aliter
1305 2935 174 44 noscit,
1432 2935 126 44 quam
1511 2935 111 44 per
1574 2935 269 44 confessionem,
1795 2935 111 44 hoc
1859 2935 111 44 non
1906 2935 79 44 pot

1114 2975 189 44 reuelare
1256 2975 126 44 sine
1335 2975 173 44 mortali
1445 2975 158 44 peccato.

1135 3010 137 48 Quia
1220 3010 171 48 quando
1340 3010 188 48 aliquid
1477 3010 120 48 est
1545 3010 171 48 contra
1665 3010 120 48 ius
1734 3010 205 48 naturae,
1870 3010 103 48 con-

1120 3054 105 47 tra
1180 3054 240 47 auctoritatem
1375 3054 135 47 legis
1465 3054 180 47 diuinae,
1601 3054 75 47 &
1631 3054 150 47 contra
1736 3054 180 47 statutum
1856 3054 120 47 sancta

1131 3092 154 46 mattis
1239 3092 216 46 ecclesiae,
1408 3092 108 46 hoc
1470 3092 154 46 nullus
1578 3092 154 46 potest
1686 3092 154 46 facere
1794 3092 123 46 iiae
1855 3092 139 46 mortali

1113 3128 177 58 peccato.
1246 3128 103 58 Sed
1305 3128 177 58 reuelare
1437 3128 147 58 illud,
1540 3128 118 58 quod
1614 3128 103 58 per
1673 3128 133 58 solas
1761 3128 118 58 trre
1820 3128 162 58 fessionem
