2436 3560
399 269 239 67 resistentiam
593 269 149 67 medii:
698 269 134 67 tamen
787 269 119 67 illa
862 269 134 67 maior
951 269 105 67 non
1011 269 105 67 est
1071 269 134 67 vera,
1146 269 119 67 loquen

405 328 90 42 do
450 328 90 42 de
495 328 121 42 motu
571 328 181 42 animali,
706 328 75 42 &
737 328 226 42 processiuo;
917 328 121 42 quia
993 328 136 42 etiam
1083 328 90 42 si
1128 328 136 42 esset
1204 328 60 42 da

395 366 102 45 re
446 366 187 45 vacuum,
582 366 119 45 per
650 366 136 45 quod
735 366 170 45 animal
854 366 136 45 motu
939 366 238 45 processiuo
1109 366 153 45 mouere-

399 408 127 50 tur,
478 408 143 50 adhuc
574 408 206 50 huiusmodi
732 408 143 50 motus
828 408 175 50 tempore
955 408 270 50 mensuraretur:
1161 408 95 50 quia

393 447 77 46 &
423 447 93 46 si
470 447 93 46 in
516 447 124 46 tali
594 447 124 46 motu
671 447 108 46 non
733 447 248 46 requireretur
934 447 155 46 tempus
1042 447 170 46 propter
1151 447 108 46 tesi-

395 484 197 50 stentiam
542 484 164 50 medii,
657 484 148 50 tamen
756 484 263 50 requireretur
969 484 181 50 propter
1084 484 181 50 resisten-

401 524 132 47 tiam
484 524 182 47 mobilis
616 524 99 47 ad
666 524 182 47 motore.
798 524 116 47 Cum
864 524 165 47 igitur
979 524 165 47 corpus
1078 524 182 47 gloriosum

409 569 102 41 er
460 569 136 41 alia
545 569 187 41 corpora
681 569 136 41 modo
766 569 238 41 supradicto
952 569 119 41 non
1020 569 204 41 moueatur
1156 569 102 41 motu

393 606 200 41 naturali,
547 606 108 41 sed
608 606 154 41 potius
716 606 185 41 animali,
855 606 77 41 &
886 606 247 41 proctessiuo:
1086 606 123 41 ideo
1148 606 108 41 motus

394 642 134 43 eius
478 642 184 43 tempore
612 642 285 43 mensurabitur,
847 642 134 43 dato
931 642 168 43 etiam,
1048 642 134 43 quod
1132 642 101 43 in
1165 642 101 43 tali

399 686 122 43 motu
475 686 137 43 nulla
566 686 106 43 sit
627 686 228 43 resistentia
809 686 91 43 ex
855 686 137 43 parte
931 686 106 43 medi.

396 726 149 46 Forte
496 726 199 46 dicetur,
645 726 133 46 quod
728 726 149 46 istud
827 726 116 46 non
893 726 182 46 valeat:
1026 726 133 46 quia
1092 726 166 46 secundum

402 757 141 51 dicta
497 757 204 51 sanctorum
654 757 141 51 sicut
748 757 141 51 anima
842 757 141 51 beata
936 757 188 51 perfecte
1078 757 157 51 obedit
1172 757 94 51 ipsi

399 798 119 54 Deo,
474 798 105 54 sic
533 798 149 54 eorpus
638 798 239 54 glorificatum
832 798 179 54 perfecte
966 798 149 54 obedit
1071 798 119 54 ipsi
1131 798 119 54 animae

392 836 76 43 &
422 836 106 43 est
483 836 181 43 perfecte
619 836 91 43 in
664 836 151 43 ipsius
770 836 151 43 animae
875 836 212 43 potestate:
1042 836 106 43 Sed
1102 836 121 43 quod
1162 836 91 43 per-

384 873 143 55 fecte
480 873 175 55 obedit,
607 873 111 55 hoc
670 873 159 55 nullam
782 873 111 55 dat
845 873 270 55 resistentiam:
1068 873 127 55 ergo
1148 873 143 55 etiam

392 917 102 41 in
443 917 136 41 motu
528 917 204 41 beatorum
681 917 187 41 hominum
817 917 255 41 progressiuo
1020 917 153 41 nulla
1105 917 153 41 videtur

392 954 134 48 esse
476 954 201 48 temporis
626 954 201 48 apposito
777 954 184 48 propter
911 954 268 48 resistentiam
1111 954 151 48 mobilis

388 996 121 50 ad
428 996 182 50 motorem

430 1029 110 50 Hic
493 1029 158 50 potest
604 1029 142 50 dici,
698 1029 126 50 quod
777 1029 205 50 huiusmodi
935 1029 189 50 perfecta
1061 1029 189 50 obedientis

398 1075 194 46 corporis
543 1075 97 46 ad
592 1075 162 46 animam
705 1075 259 46 intelligenda
915 1075 113 46 est
980 1075 178 46 quantum
1109 1075 97 46 ad
1142 1075 113 46 vires

387 1113 237 49 sensitiuas,
577 1113 126 49 quae
655 1113 158 49 nullam
766 1113 189 49 vlterius
908 1113 205 49 ostendent
1050 1113 205 49 rebellionem

398 1154 159 43 contra
509 1154 222 43 superiorem
684 1154 159 43 animae
795 1154 222 43 portionem.
970 1154 143 43 Etiam
1065 1154 95 43 si
1097 1154 159 43 attendi-

399 1196 109 49 tur
462 1196 125 49 ista
540 1196 219 49 obedientia
712 1196 203 49 corporis,
868 1196 109 49 quo
931 1196 94 49 ad
978 1196 156 49 molem,
1087 1196 78 49 &
1103 1196 156 49 grauita-

385 1236 117 45 tem
452 1236 234 45 corporalem
636 1236 100 45 in
687 1236 167 45 ordine
804 1236 100 45 ad
854 1236 167 45 motum,
971 1236 134 45 tunc
1055 1236 117 45 non
1122 1236 117 45 est
1172 1236 84 45 sic

380 1271 236 50 accipienda,
569 1271 126 50 quod
648 1271 142 50 nihil
742 1271 205 50 ponderis,
900 1271 79 50 &
931 1271 220 50 grauitatis
1105 1271 94 50 se
1136 1271 126 50 teneat

397 1312 99 42 ex
446 1312 148 42 parte
545 1312 214 42 corporis:
710 1312 165 42 Semper
825 1312 132 42 enim
908 1312 148 42 manet
1007 1312 181 42 aliquid
1122 1312 132 42 ponde-

390 1354 118 38 ris,
464 1354 162 38 ratione
582 1354 133 38 cuius
671 1354 148 38 corpus
774 1354 74 38 a
804 1354 162 38 virtute
922 1354 148 38 finita
1025 1354 103 38 non
1085 1354 148 38 potest
1173 1354 74 38 mo-

389 1389 90 44 tu
434 1389 225 44 progressiuo
614 1389 150 44 moueri
719 1389 90 44 in
764 1389 195 44 instanti:
914 1389 105 44 Sed
974 1389 105 44 pro
1034 1389 135 44 tanto
1124 1389 120 44 ista
1184 1389 75 44 obe

391 1431 156 45 dientia
504 1431 156 45 dicitur
618 1431 113 45 esse
689 1431 184 45 perfecta,
831 1431 71 45 &
859 1431 113 45 sine
930 1431 227 45 resistentia:
1114 1431 113 45 quia
1171 1431 85 45 tan-

386 1477 113 43 tum
451 1477 243 43 supereminet
645 1477 162 43 virtus
758 1477 162 43 animae
872 1477 146 43 super
969 1477 211 43 huiusmodi
1114 1477 130 43 corpo-

389 1512 111 49 ris
453 1512 238 49 grauitatem,
643 1512 127 49 quod
722 1512 95 49 in
770 1512 206 49 quacumque
928 1512 190 49 voluerit
1055 1512 190 49 velocitate

387 1553 243 47 mensurabili
581 1553 146 47 tamen
678 1553 178 47 tepore,
808 1553 178 47 poterit
937 1553 162 47 corpus
1051 1553 162 47 mouere
1148 1553 97 47 abs-

386 1589 109 49 que
449 1589 125 49 omni
527 1589 250 49 lassitudine,
730 1589 78 49 &
761 1589 234 49 fatigatione
948 1589 94 49 Et
995 1589 94 49 ex
1042 1589 109 49 hoc
1105 1589 94 49 ad
1136 1589 109 49 forma

388 1632 208 49 argumenti
548 1632 192 49 dicendum
692 1632 96 49 ad
740 1632 192 49 minorem,
885 1632 128 49 quod
965 1632 144 49 licet
1061 1632 160 49 illud,
1157 1632 96 49 quod

393 1667 187 39 perfecte
534 1667 172 39 obedit,
659 1667 156 39 nullam
768 1667 187 39 praebeat
909 1667 250 39 resistentiam
1096 1667 156 39 inducen-

386 1706 115 46 tem
451 1706 262 46 lassitudinem
664 1706 98 46 in
713 1706 115 46 suo
779 1706 180 46 motore,
910 1706 147 46 tamen
1008 1706 98 46 ex
1057 1706 115 46 hoc
1123 1706 115 46 non
1172 1706 82 46 ha-

388 1748 157 40 betur,
498 1748 125 40 quin
577 1748 141 40 talem
671 1748 188 40 praebeat
812 1748 267 40 resistentiam,
1031 1748 173 40 ratione
1141 1748 110 40 cuius

387 1785 145 47 motus
483 1785 129 47 eius
564 1785 129 47 fiet
644 1785 96 47 in
676 1785 145 47 tempore

425 1815 129 52 Sunt
506 1815 145 52 etiam
603 1815 162 52 quidam
716 1815 210 52 doctores,
877 1815 113 52 qui
942 1815 162 52 causam
1055 1815 162 52 istius
1152 1815 97 52 com-

398 1865 285 46 ossibilitatis
633 1865 168 46 duorum
750 1865 201 46 corporum
901 1865 101 46 in
951 1865 151 46 eodem
1052 1865 134 46 loco
1119 1865 134 46 dicunt

391 1906 132 44 dotem
480 1906 250 44 subtilitatis,
685 1906 132 44 prout
774 1906 88 44 ea
818 1906 176 44 mediante
950 1906 176 44 tollitur
1068 1906 176 44 grossicies

387 1947 194 48 torporis:
537 1947 120 48 Sed,
611 1947 120 48 quod
686 1947 135 48 istud
776 1947 105 48 non
835 1947 164 48 valeat,
955 1947 164 48 ostendi
1060 1947 194 48 incidenter,

386 1984 122 49 dist.
468 1984 95 49 1c.
522 1984 95 49 qu.
576 1984 149 49 tartic.
684 1984 68 49 1
711 1984 81 49 in
752 1984 203 49 responsione
914 1984 189 49 instantiae
1063 1984 135 49 ductae
1144 1984 108 49 contra

390 2029 158 50 primam
501 2029 206 50 rationem.
659 2029 142 50 Multi
754 2029 126 50 sunt
833 2029 142 50 etiam
928 2029 126 50 modi
1007 2029 174 50 dicendi
1133 2029 142 50 alio

379 2069 127 46 rum
451 2069 253 46 diuersorum
650 2069 235 46 doctorum,
832 2069 181 46 quorum
958 2069 290 46 recitationem
1176 2069 72 46 ad

389 2100 183 46 praesens
526 2100 137 46 causa
618 2100 214 46 breuitatis
770 2100 122 46 omitto

406 2142 110 50 Per
469 2142 204 50 praedicta
626 2142 141 50 etiam
720 2142 141 50 patet
814 2142 204 50 responsio
971 2142 94 50 ad
1018 2142 220 50 instantiam
1175 2142 63 50 fa

376 2176 126 55 ctam
455 2176 158 55 contra
566 2176 268 55 conclusionem:
786 2176 126 55 quia
865 2176 221 55 subtilitas
1039 2176 110 55 non
1086 2176 158 55 conuenit

387 2223 170 46 corpori
510 2223 232 46 glorificato
696 2223 108 46 per
757 2223 201 46 carentiam
912 2223 201 46 materiae,
1067 2223 108 46 sed
1128 2223 108 46 per
1175 2223 77 46 com

394 2267 287 47 ossibilitatem
630 2267 186 47 essendi
765 2267 118 47 cum
833 2267 135 47 alio
917 2267 203 47 corpore,
1069 2267 135 47 quam
1137 2267 101 47 modo

394 2303 201 48 praedicto
548 2303 139 48 habet
641 2303 77 48 a
672 2303 108 48 Deo
734 2303 216 48 effectiue,
904 2303 77 48 &
935 2303 93 48 ab
981 2303 139 48 anima
1058 2303 186 48 meritorie,

389 2341 101 42 ic
440 2341 169 42 aliquo
558 2341 135 42 modo
642 2341 287 42 determinatiue
879 2341 118 42 per
946 2341 186 42 liberum
1081 2341 135 42 suum
1149 2341 101 42 vel-

390 2383 101 43 le,
447 2383 87 43 vt
491 2383 101 43 iam
548 2383 144 43 dictum
650 2383 101 43 est
707 2383 87 43 in
751 2383 217 43 responsione
924 2383 144 43 primae
1025 2383 202 43 instantiae
1170 2383 72 43 hic

372 2420 154 50 dductae.

419 2459 115 50 Ad
476 2459 192 50 primum
611 2459 269 50 argumentum
822 2459 192 50 factum
956 2459 192 50 contra
1071 2459 173 50 minorem

380 2502 207 44 dicendum,
539 2502 128 44 quod
619 2502 271 44 consequentiam
842 2502 159 44 Arist.
954 2502 143 44 credo
1050 2502 128 44 esse
1113 2502 128 44 veram,

376 2541 106 42 nec
436 2541 212 42 consequens
603 2541 106 42 est
664 2541 152 42 contra
770 2541 106 42 me:
831 2541 121 42 Quia
906 2541 136 42 sicut
997 2541 121 42 sola
1073 2541 167 42 virtute
1179 2541 61 42 di

382 2586 124 40 uina
459 2586 108 40 duo
521 2586 170 40 corpora
645 2586 170 40 possunt
769 2586 139 40 simul
861 2586 124 40 esse
939 2586 93 40 in
985 2586 139 40 eodem
1078 2586 139 40 loco,
1156 2586 77 40 sic

374 2616 92 51 si
420 2616 123 51 Deus
496 2616 169 51 vellet,
619 2616 184 51 infinita
757 2616 169 51 corpora
879 2616 153 51 absque
987 2616 230 51 repugnantia
1155 2616 92 51 pos-

379 2656 115 45 sent
451 2656 115 45 esse
523 2656 86 45 in
566 2656 130 45 eodem
652 2656 130 45 loco,
738 2656 86 45 vt
782 2656 158 45 apparet
897 2656 86 45 ex
940 2656 115 45 his,
1012 2656 115 45 quae
1084 2656 158 45 dixili.
1184 2656 58 45 2.

375 2695 110 54 dist.
448 2695 73 54 1.
485 2695 73 54 q.
521 2695 61 54 2
546 2695 85 54 art
582 2695 49 54 4.

415 2735 99 50 Ad
465 2735 215 50 secundum,
630 2735 132 50 nego
713 2735 248 50 antecedens:
911 2735 132 50 quia
993 2735 215 50 oppositum
1142 2735 99 50 eius

372 2777 159 52 probaui
487 2777 116 52 dist
560 2777 87 52 10
603 2777 101 52 qud
661 2777 145 52 itart.
763 2777 87 52 1.
806 2777 72 52 &
835 2777 145 52 ibidem
937 2777 203 52 rationibus
1082 2777 159 52 contrarie

371 2814 213 43 opinionis
534 2814 115 43 est
600 2814 229 43 responsum.
780 2814 147 43 Etiam
878 2814 196 43 communis
1025 2814 196 43 doctrina
1156 2814 82 43 ne-

372 2854 154 52 garet
457 2854 274 52 consequentiam.

421 2892 98 54 Ad
470 2892 195 54 tertium,
616 2892 130 54 nego
698 2892 244 54 antecedens,
893 2892 195 54 loquendo
1040 2892 98 54 de
1072 2892 163 54 potentia

378 2929 130 46 Dei:
459 2929 130 46 quia
541 2929 114 46 per
606 2929 212 46 absolutam
769 2929 114 46 Dei
834 2929 212 46 potentiam
997 2929 179 46 posset,
1127 2929 98 46 si
1160 2929 81 46 Deo

379 2970 215 51 placeret,
545 2970 133 51 vtum
628 2970 166 51 corpus
744 2970 215 51 gloriosum
910 2970 149 51 simul
1009 2970 133 51 esse
1092 2970 99 51 in
1125 2970 116 51 eodem

376 3015 123 35 loco
452 3015 107 35 cum
514 3015 153 35 altero
621 3015 169 35 corpore
744 3015 199 35 glorioso:
897 3015 123 35 Vnde
974 3015 92 35 si
1020 3015 138 35 istud
1097 3015 138 35 antece-

386 3053 125 43 lens
464 3053 234 43 inueniretur
652 3053 156 43 dictum
761 3053 94 43 ab
808 3053 156 43 aliquo
917 3053 218 43 sanctorum,
1089 3053 125 43 tunc
1151 3053 78 43 de-

386 3100 95 43 et
434 3100 206 43 intelligi
592 3100 95 43 de
640 3100 190 43 potentia
782 3100 111 43 Dei
846 3100 206 43 ordinata,
1004 3100 111 43 qua
1068 3100 127 43 Deus
1131 3100 111 43 solum

376 3128 156 70 dicitur
489 3128 113 70 illa
560 3128 142 70 posse,
659 3128 113 70 quae
730 3128 85 70 ab
773 3128 156 70 aeterno
886 3128 128 70 fieri
972 3128 199 70 ordinauit,
1128 3128 85 70 de
1156 3128 85 70 quo

1293 266 111 63 rum
1357 266 159 63 numero
1468 266 111 63 non
1531 266 190 63 treditur
1674 266 127 63 esse
1753 266 159 63 illud,
1864 266 190 63 scilicet
2006 266 127 63 quod
2070 266 95 63 vnum

1291 322 169 46 corpus
1409 322 220 46 gloriosum
1578 322 152 46 simul
1680 322 118 46 sit
1747 322 101 46 in
1798 322 152 46 eodem
1900 322 135 46 loco
1984 322 118 46 cum
2035 322 135 46 altero

1295 361 179 52 corpore
1425 361 212 52 glorioso:
1588 361 130 52 Sed,
1669 361 130 52 quod
1750 361 212 52 quandoque
1913 361 163 52 corpus
2011 361 146 52 glorio-

1297 409 95 38 um
1345 409 111 38 sit
1408 409 111 38 cum
1471 409 174 38 corpore
1598 409 111 38 non
1661 409 206 38 glorioso,
1820 409 111 38 hoc
1883 409 95 38 ab
1930 409 174 38 aeterne
2041 409 127 38 credi-

1293 441 112 45 mus
1357 441 80 45 a
1389 441 112 45 Deo
1453 441 128 45 esse
1533 441 288 45 infallibiliter
1772 441 224 45 ordinatum:
1948 441 96 45 Et
1996 441 128 45 ideo
2060 441 112 45 istud

1292 479 199 50 communius
1445 479 168 50 dicitur
1567 479 122 50 esse
1644 479 214 50 possibile:
1812 479 122 50 quia
1889 479 122 50 eius
1950 479 214 50 possibilitas

1297 517 225 49 reducitur
1470 517 104 49 ad
1522 517 225 49 potentiam
1695 517 121 49 Dei
1764 517 242 49 ordinatam.
1954 517 121 49 Sed
2006 517 156 49 inquan-

1301 564 111 41 tum
1364 564 127 41 ista
1444 564 301 41 compossibilitas
1697 564 190 41 corporis
1840 564 238 41 glorificati
2030 564 111 41 cum
2077 564 95 41 alio

1290 595 194 48 corpore
1432 595 230 48 reducitur
1608 595 106 48 ad
1661 595 177 48 animam
1785 595 194 48 beatam,
1926 595 141 48 tunc
1997 595 159 48 neganda

1291 641 120 47 est
1360 641 292 47 consequentia.
1600 641 138 47 Ista
1686 641 138 47 enim
1772 641 327 47 compossibilitas
2030 641 138 47 duorum

1287 677 214 44 corporum,
1451 677 181 44 quamuis
1583 677 115 44 sit
1648 677 214 44 effectiue
1813 677 82 44 a
1846 677 132 44 Deo,
1928 677 148 44 tamen
2026 677 99 44 ab
2059 677 99 44 ani-

1289 726 98 35 ma
1338 726 115 35 est
1403 726 246 35 ineritorie,
1600 726 82 35 &
1633 726 148 35 etiam
1732 726 164 35 aliquo
1846 726 131 35 modo
1912 726 246 35 determinatiue

1284 756 74 49 a
1314 756 133 49 velle
1402 756 148 49 ipsius
1506 756 163 49 animae,
1624 756 133 49 prout
1713 756 148 49 virtus
1816 756 148 49 diuina
1920 756 89 49 ad
1964 756 103 49 hoc
2023 756 89 49 se
2053 756 103 49 deter

1280 797 213 42 minauit,
1440 797 142 42 quod
1529 797 178 42 quando
1653 797 142 42 vult
1742 797 178 42 anima,
1866 797 142 42 quod
1955 797 178 42 corpus
2061 797 107 42 suum

1296 836 114 43 sit
1361 836 114 43 cum
1426 836 130 43 alio
1507 836 195 43 corpore,
1654 836 130 43 tunc
1736 836 212 43 immediate
1898 836 228 43 cooperatur
2061 836 98 43 sibi

1290 877 147 53 virtus
1393 877 162 53 diuina,
1511 877 118 53 quod
1584 877 103 53 hoc
1643 877 132 53 fiat:
1731 877 103 53 Sed
1790 877 118 53 nunc
1864 877 103 53 est
1923 877 118 53 ita,
1996 877 118 53 quod
2055 877 103 53 quam-

1286 914 110 46 uis
1349 914 141 46 anima
1443 914 204 46 meruerit,
1599 914 125 46 quod
1678 914 157 46 corpus
1787 914 125 46 suum
1866 914 125 46 esse
1944 914 157 46 possit
2053 914 94 46 in
2085 914 78 46 eo-

1292 954 118 43 dem
1360 954 135 43 loco
1444 954 118 43 cum
1512 954 186 43 corpore
1647 954 118 43 non
1714 954 270 43 glorificato,
1934 954 152 43 tamen
2035 954 118 43 non
2085 954 68 43 me

1280 999 141 51 ruit,
1374 999 125 51 quod
1453 999 157 51 corpus
1562 999 125 51 suum
1641 999 125 51 esse
1719 999 157 51 possit
1829 999 110 51 cum
1892 999 172 51 corpore
2017 999 125 51 alio
2080 999 78 51 glo

1290 1033 181 46 rificato
1426 1033 91 46 in
1471 1033 136 46 eodem
1562 1033 136 46 loco,
1652 1033 106 46 nec
1712 1033 106 46 hoc
1773 1033 136 46 vult:
1863 1033 121 46 quia
1939 1033 196 46 huiusmodi
2075 1033 75 46 vel

1285 1074 95 41 le
1333 1074 142 41 esset
1427 1074 253 41 inordinatum,
1633 1074 79 41 &
1664 1074 111 41 per
1728 1074 221 41 consequens
1901 1074 111 41 non
1964 1074 158 41 potest
2059 1074 95 41 cade

1283 1115 94 52 re
1330 1115 94 52 in
1377 1115 156 52 animam
1486 1115 172 52 beatam,
1611 1115 140 52 cuius
1705 1115 156 52 nullus
1814 1115 140 52 actus
1907 1115 156 52 potest
2017 1115 125 52 esse
2079 1115 78 52 in

1270 1153 193 44 ordinatus.

1314 1181 107 58 Ad
1368 1181 268 58 probationem
1582 1181 304 58 consequentiae
1832 1181 232 58 dicendum,
2011 1181 143 58 quod
2083 1181 71 58 ma

1279 1228 111 50 ior
1343 1228 95 50 in
1390 1228 207 50 proposito
1549 1228 111 50 non
1613 1228 111 50 est
1676 1228 143 50 vera:
1772 1228 127 50 quia
1851 1228 222 50 similitudo
2026 1228 111 50 non
2074 1228 79 50 est

1292 1275 130 40 causa
1378 1275 202 40 praedictae
1537 1275 318 40 compossibilitatis:
1812 1275 116 40 quia
1884 1275 202 40 causaliter
2043 1275 101 40 est
2087 1275 72 40 re-

1290 1311 172 42 ducenda
1416 1311 94 42 in
1463 1311 204 42 potentiam
1619 1311 125 42 Dei,
1698 1311 78 42 &
1729 1311 94 42 in
1776 1311 188 42 meritum,
1917 1311 78 42 &
1948 1311 141 42 velle
2027 1311 125 42 ipsius

1277 1357 157 39 animae
1387 1357 173 39 beatae.
1513 1357 142 39 Etiam
1608 1357 94 39 in
1655 1357 142 39 aliis
1750 1357 142 39 rebus
1844 1357 205 39 quandoque
1986 1357 173 39 similitu-

1275 1391 96 40 do
1323 1391 144 40 magis
1419 1391 112 40 est
1483 1391 144 40 causa
1578 1391 383 40 incompossibilitatis,
1914 1391 128 40 quam
1977 1391 176 40 compossia

1284 1429 229 45 bilitatis:
1463 1429 114 45 Nam
1529 1429 163 45 albedo
1643 1429 114 45 cum
1708 1429 196 45 albedine
1855 1429 180 45 maiorem
1986 1429 147 45 habet
2067 1429 82 45 si-

1279 1470 268 44 militudinem,
1497 1470 134 44 quam
1581 1470 117 44 cum
1648 1470 235 44 dulcedine,
1832 1470 84 44 &
1866 1470 151 44 tamen
1967 1470 168 44 albedo
2067 1470 84 44 cum

1284 1509 201 40 dulcedine
1438 1509 155 40 potest
1547 1509 124 40 esse
1624 1509 139 40 simul
1717 1509 93 40 in
1764 1509 139 40 eodem
1857 1509 201 40 subiecto;
2012 1509 124 40 duae
2074 1509 77 40 au-

1273 1549 117 47 tem
1340 1549 217 47 albedines
1507 1549 117 47 non
1574 1549 184 47 possunt
1708 1549 134 47 esse
1775 1549 117 47 simul

1312 1577 103 57 Ad
1363 1577 189 57 quartum
1501 1577 189 57 concedo
1638 1577 309 57 consequentiam,
1896 1577 86 57 &
1931 1577 138 57 nego
1999 1577 155 57 falsita

1271 1627 112 45 tem
1335 1627 272 45 consequentis,
1559 1627 192 45 loquendo
1703 1627 96 45 de
1750 1627 224 45 superficie
1926 1627 192 45 corporis
2054 1627 96 45 con-

1275 1667 204 51 tinentis,
1432 1667 94 51 de
1479 1667 110 51 qua
1541 1667 188 51 procedit
1682 1667 157 51 ratio,
1792 1667 94 51 vt
1839 1667 141 51 patet
1933 1667 94 51 in
1964 1667 188 51 probatione

1274 1706 157 52 ipsius
1368 1706 235 52 consequentiae

1304 1748 98 45 Ad
1353 1748 244 45 probationem
1548 1748 228 45 falsitatis
1726 1748 163 45 ipsius
1840 1748 260 45 consequentis
2035 1748 114 45 dicen

1267 1792 127 41 dum,
1346 1792 127 41 quod
1426 1792 79 41 &
1458 1792 95 41 Si
1505 1792 111 41 sit
1569 1792 238 41 impossibile
1759 1792 143 41 plura
1854 1792 175 41 corpora
1965 1792 175 41 terminari

1268 1827 105 47 ad
1320 1827 175 47 eundem
1442 1827 210 47 terminum
1600 1827 280 47 intrinsecum:
1827 1827 157 47 tamen
1932 1827 122 47 hoc
2002 1827 122 47 non
2055 1827 87 47 est

1277 1867 249 43 impossibile,
1480 1867 187 43 loquendo
1619 1867 93 43 de
1666 1867 171 43 termino
1790 1867 233 43 extrinseco:
1977 1867 109 43 sed
2024 1867 124 43 vltima

1267 1907 235 50 superficies
1455 1907 188 50 corporis
1596 1907 235 50 continentis
1785 1907 110 50 est
1847 1907 188 50 terminus
1973 1907 172 50 extrinse-

1272 1946 117 46 cus
1339 1946 200 46 corporum
1489 1946 150 46 infra
1589 1946 150 46 ipsam
1689 1946 367 46 contentorum:igitur
1989 1946 67 46 &c

1315 1983 105 56 Ad
1367 1983 209 56 quintum,
1524 1983 139 56 nego
1611 1983 296 56 consequentiam

1313 2024 104 54 Ad
1365 2024 260 54 probationem
1572 2024 225 54 dicendum,
1746 2024 139 54 quod
1832 2024 139 54 illo
1919 2024 139 54 casu
1988 2024 156 54 posito,

1270 2068 120 41 tunc
1345 2068 135 41 illae
1435 2068 150 41 lineae
1539 2068 135 41 erunt
1629 2068 135 41 duae,
1719 2068 75 41 &
1749 2068 105 41 non
1809 2068 105 41 vna
1869 2068 165 41 tantum.
1988 2068 90 41 Et
2033 2068 105 41 cum
2078 2068 60 41 di

1270 2109 153 47 citur,
1377 2109 138 47 inter
1469 2109 107 47 duo
1530 2109 153 47 puncta
1637 2109 107 47 &c.
1698 2109 138 47 dico,
1790 2109 122 47 quod
1867 2109 122 47 illa
1943 2109 153 47 regula
2050 2109 122 47 Qeo

1281 2147 164 38 netriae
1401 2147 135 38 debet
1490 2147 194 38 intelligi
1640 2147 90 38 de
1685 2147 164 38 punctis
1804 2147 209 38 intrinsece
1969 2147 149 38 lineam
2058 2147 90 38 ter-

1278 2184 227 41 minantibus:
1459 2184 106 41 sed
1520 2184 196 41 praedicto
1671 2184 121 41 casu
1746 2184 166 41 posito,
1867 2184 121 41 tunc
1943 2184 121 41 illa
2018 2184 106 41 duo
2063 2184 76 41 pun

1269 2223 105 41 cta
1329 2223 165 41 signata
1449 2223 90 41 in
1494 2223 135 41 loco,
1585 2223 105 41 non
1645 2223 120 41 sunt
1720 2223 165 41 termini
1840 2223 210 41 intrinseci
1991 2223 150 41 alicuius

1278 2263 146 50 lineae
1381 2263 175 50 fundatae
1512 2263 88 50 in
1556 2263 204 50 corporibus
1716 2263 204 50 contentis,
1876 2263 102 50 seu
1935 2263 175 50 locatis,
2066 2263 102 50 eo,

1278 2309 123 47 quod
1355 2309 216 47 subiectiue
1525 2309 123 47 illa
1602 2309 154 47 puncta
1710 2309 262 47 distinguantur
1926 2309 77 47 a
1957 2309 185 47 qualibet
2080 2309 62 47 li

1271 2343 110 45 nea
1334 2343 220 45 subiectiue
1507 2343 94 45 in
1555 2343 220 45 corporibus
1728 2343 173 45 locatis
1854 2343 220 45 existente:
2027 2343 79 45 &
2043 2343 94 45 ideo

1274 2384 146 47 posito
1377 2384 190 47 praedicto
1523 2384 132 47 casu,
1611 2384 117 47 tunc
1684 2384 132 47 illis
1772 2384 146 47 duabus
1875 2384 146 47 lineis
1962 2384 176 47 reipondent

1287 2423 172 48 uattuor
1412 2423 172 48 puncta,
1537 2423 156 48 quibus
1647 2423 203 48 huiusmodi
1803 2423 156 48 lineae
1913 2423 219 48 intrinsece
2069 2423 78 48 ter

1269 2466 214 46 minantur,
1433 2466 132 46 quae
1516 2466 165 46 puncta
1631 2466 115 46 non
1697 2466 214 46 fundantur
1862 2466 231 46 subiectiue
2043 2466 99 46 in
2076 2466 66 46 su

1282 2503 181 49 perficie
1418 2503 166 49 concaua
1538 2503 181 49 corporis
1674 2503 196 49 locantis,
1824 2503 121 49 quae
1900 2503 226 49 superficies
2066 2503 75 49 est

1272 2544 121 49 ipse
1348 2544 151 49 locus,
1454 2544 106 49 sed
1514 2544 197 49 fundantur
1666 2544 91 49 in
1711 2544 257 49 superficiebus
1923 2544 182 49 conuexis
2044 2544 91 49 eor-

1268 2583 144 44 porum
1364 2583 224 44 locatorum.
1540 2583 112 44 vel
1604 2583 160 44 potest
1715 2583 144 44 dici,
1811 2583 128 44 quod
1891 2583 96 44 Si
1939 2583 128 44 Deus
2003 2583 128 44 tollit

1265 2625 98 42 ab
1314 2625 115 42 vno
1379 2625 180 42 istorum
1510 2625 196 42 corperum
1657 2625 245 42 positionem,
1854 2625 131 42 quae
1936 2625 147 42 dicit
2017 2625 115 42 ordi-

1269 2656 111 49 nem
1332 2656 174 49 partium
1459 2656 95 49 in
1506 2656 142 49 loco,
1601 2656 126 49 tunc
1680 2656 205 49 praedicto
1838 2656 126 49 casu
1917 2656 174 49 posito,
2027 2656 111 49 solum

1271 2698 124 40 erit
1349 2698 109 40 ibi
1411 2698 109 40 vna
1473 2698 155 40 linea,
1582 2698 78 40 &
1613 2698 109 40 non
1675 2698 171 40 plures;
1799 2698 78 40 &
1830 2698 124 40 tunc
1908 2698 93 40 ad
1939 2698 202 40 probationem

1278 2741 95 43 le
1326 2741 205 43 dualitate
1483 2741 236 43 subiectorum
1672 2741 142 43 dico,
1767 2741 126 43 quod
1845 2741 110 43 hic
1908 2741 110 43 non
1971 2741 142 43 erunt
2050 2741 79 43 duo

1274 2777 177 48 subiecta
1407 2777 148 48 illius
1511 2777 162 48 lineae,
1629 2777 118 48 quia
1703 2777 162 48 proprie
1821 2777 192 48 loquendo,
1969 2777 118 48 tunc
2028 2777 103 48 linea

1274 2818 110 45 lla
1337 2818 141 45 solum
1431 2818 203 45 transiret
1587 2818 141 45 illud
1681 2818 172 45 corpus,
1806 2818 125 45 quod
1885 2818 172 45 haberet
1994 2818 141 45 positio

1270 2858 121 52 nem,
1345 2858 136 52 sicut
1436 2858 121 52 enim
1511 2858 136 52 linea
1602 2858 151 52 tracta
1707 2858 106 52 per
1767 2858 226 52 quantitatem
1948 2858 151 52 panis,
2039 2858 90 52 quae

1266 2898 107 41 est
1327 2898 91 41 in
1372 2898 213 41 sacramento
1540 2898 183 41 altaris,
1677 2898 107 41 non
1737 2898 107 41 est
1798 2898 213 41 subiectiue
1966 2898 91 41 in
1996 2898 137 41 corpore

1269 2935 178 46 Christi,
1403 2935 163 46 quamuis
1522 2935 149 46 corpus
1626 2935 163 46 Christi
1745 2935 104 46 sit
1804 2935 134 46 simul
1893 2935 104 46 cum
1953 2935 134 46 illis
2027 2935 104 46 accin

1267 2974 203 47 dentibus;
1423 2974 78 47 &
1455 2974 109 47 hoc
1517 2974 109 47 pro
1579 2974 156 47 tanto,
1688 2974 125 47 quia
1766 2974 156 47 corpus
1876 2974 172 47 Christi
2000 2974 109 47 non
2047 2974 78 47 est

1272 3015 95 49 ub
1320 3015 143 49 illis
1415 3015 254 49 accidentibus
1622 3015 191 49 secundum
1765 3015 222 49 positionem
1939 3015 127 49 quae
2019 3015 111 49 di.
2066 3015 64 49 it

1267 3059 175 43 ordinem
1394 3059 175 43 partium
1521 3059 95 43 in
1569 3059 143 43 loco,
1664 3059 111 43 sic
1727 3059 95 43 in
1775 3059 206 43 proposito
1918 3059 63 43 &c

1304 3088 220 50 Argumenta,
1477 3088 126 50 quae
1556 3088 157 50 adduxi
1666 3088 157 50 contra
1776 3088 142 50 istos
1870 3088 189 50 curiosos
1996 3088 126 50 philo-

1268 3133 179 54 sophos,
1398 3133 179 54 quamuis
1527 3133 114 54 non
1592 3133 243 54 concludant,
1787 3133 146 54 tamen
1885 3133 114 54 pro
1949 3133 130 54 nunc
2031 3133 97 54 ad
2063 3133 65 54 ea
