<?xml version="1.0" encoding="UTF-8"?>
<alto xmlns:xsi="http://www.w3.org/2001/XMLSchema-instance"
      xmlns="http://www.loc.gov/standards/alto/ns-v2#"
      xmlns:page="http://schema.primaresearch.org/PAGE/gts/pagecontent/2013-07-15"
      xsi:schemaLocation="http://www.loc.gov/standards/alto/ns-v2# http://www.loc.gov/standards/alto/alto.xsd">
   <Description>
      <MeasurementUnit>pixel</MeasurementUnit>
      <OCRProcessing ID="IdOcr">
         <ocrProcessingStep>
            <processingDateTime>2020-10-28T20:25:25.514-04:00</processingDateTime>
            <processingSoftware>
               <softwareCreator>READ COOP</softwareCreator>
               <softwareName>Transkribus</softwareName>
            </processingSoftware>
         </ocrProcessingStep>
      </OCRProcessing>
   </Description>
   <Tags/>
   <Layout>
      <Page ID="Page1" PHYSICAL_IMG_NR="1" HEIGHT="3545" WIDTH="2391">
         <TopMargin HEIGHT="0" WIDTH="2391" VPOS="0" HPOS="0"/>
         <LeftMargin HEIGHT="3545" WIDTH="0" VPOS="0" HPOS="0"/>
         <RightMargin HEIGHT="3545" WIDTH="0" VPOS="0" HPOS="2391"/>
         <BottomMargin HEIGHT="0" WIDTH="2391" VPOS="3545" HPOS="0"/>
         <PrintSpace HEIGHT="3545" WIDTH="2391" VPOS="0" HPOS="0">
            <TextBlock ID="r3" HEIGHT="2940" WIDTH="890" VPOS="246" HPOS="228">
               <Shape>
                  <Polygon POINTS="228,246 228,3186 1118,3186 1118,246"/>
               </Shape>
               <TextLine ID="r3l2"
                         BASELINE="353"
                         HEIGHT="59"
                         WIDTH="854"
                         VPOS="294"
                         HPOS="256">
                  <String HEIGHT="59"
                          WIDTH="206"
                          VPOS="294"
                          HPOS="241"
                          CONTENT="stiunculae"/>
                  <SP HEIGHT="59" WIDTH="15" VPOS="294" HPOS="447"/>
                  <String HEIGHT="59"
                          WIDTH="162"
                          VPOS="294"
                          HPOS="403"
                          CONTENT="tertiam"/>
                  <SP HEIGHT="59" WIDTH="15" VPOS="294" HPOS="565"/>
                  <String HEIGHT="59"
                          WIDTH="265"
                          VPOS="294"
                          HPOS="521"
                          CONTENT="praesupponunt,"/>
                  <SP HEIGHT="59" WIDTH="15" VPOS="294" HPOS="786"/>
                  <String HEIGHT="59"
                          WIDTH="177"
                          VPOS="294"
                          HPOS="742"
                          CONTENT="scilicet"/>
                  <SP HEIGHT="59" WIDTH="15" VPOS="294" HPOS="919"/>
                  <String HEIGHT="59"
                          WIDTH="133"
                          VPOS="294"
                          HPOS="874"
                          CONTENT="vtrum"/>
                  <SP HEIGHT="59" WIDTH="15" VPOS="294" HPOS="1007"/>
                  <String HEIGHT="59"
                          WIDTH="133"
                          VPOS="294"
                          HPOS="963"
                          CONTENT="verum"/>
                  <SP HEIGHT="59" WIDTH="15" VPOS="294" HPOS="1095"/>
                  <String HEIGHT="59" WIDTH="74" VPOS="294" HPOS="1036" CONTENT="sit"/>
               </TextLine>
               <TextLine ID="r3l3"
                         BASELINE="400"
                         HEIGHT="57"
                         WIDTH="872"
                         VPOS="343"
                         HPOS="246">
                  <String HEIGHT="57"
                          WIDTH="164"
                          VPOS="343"
                          HPOS="228"
                          CONTENT="istum"/>
                  <SP HEIGHT="57" WIDTH="18" VPOS="343" HPOS="391"/>
                  <String HEIGHT="57"
                          WIDTH="164"
                          VPOS="343"
                          HPOS="337"
                          CONTENT="ignem"/>
                  <SP HEIGHT="57" WIDTH="18" VPOS="343" HPOS="500"/>
                  <String HEIGHT="57"
                          WIDTH="236"
                          VPOS="343"
                          HPOS="446"
                          CONTENT="quandoque"/>
                  <SP HEIGHT="57" WIDTH="18" VPOS="343" HPOS="682"/>
                  <String HEIGHT="57"
                          WIDTH="145"
                          VPOS="343"
                          HPOS="628"
                          CONTENT="esse"/>
                  <SP HEIGHT="57" WIDTH="18" VPOS="343" HPOS="773"/>
                  <String HEIGHT="57"
                          WIDTH="236"
                          VPOS="343"
                          HPOS="718"
                          CONTENT="venturum."/>
                  <SP HEIGHT="57" WIDTH="18" VPOS="343" HPOS="955"/>
                  <String HEIGHT="57" WIDTH="109" VPOS="343" HPOS="900" CONTENT="Et"/>
                  <SP HEIGHT="57" WIDTH="18" VPOS="343" HPOS="1009"/>
                  <String HEIGHT="57"
                          WIDTH="182"
                          VPOS="343"
                          HPOS="936"
                          CONTENT="secundum"/>
               </TextLine>
               <TextLine ID="r3l4"
                         BASELINE="445"
                         HEIGHT="62"
                         WIDTH="859"
                         VPOS="383"
                         HPOS="253">
                  <String HEIGHT="62"
                          WIDTH="118"
                          VPOS="383"
                          HPOS="238"
                          CONTENT="hoc,"/>
                  <SP HEIGHT="62" WIDTH="15" VPOS="383" HPOS="357"/>
                  <String HEIGHT="62"
                          WIDTH="118"
                          VPOS="383"
                          HPOS="312"
                          CONTENT="pono"/>
                  <SP HEIGHT="62" WIDTH="15" VPOS="383" HPOS="431"/>
                  <String HEIGHT="62"
                          WIDTH="118"
                          VPOS="383"
                          HPOS="386"
                          CONTENT="tres"/>
                  <SP HEIGHT="62" WIDTH="15" VPOS="383" HPOS="505"/>
                  <String HEIGHT="62"
                          WIDTH="252"
                          VPOS="383"
                          HPOS="460"
                          CONTENT="conclusiones,"/>
                  <SP HEIGHT="62" WIDTH="15" VPOS="383" HPOS="712"/>
                  <String HEIGHT="62" WIDTH="104" VPOS="383" HPOS="668" CONTENT="his"/>
                  <SP HEIGHT="62" WIDTH="15" VPOS="383" HPOS="771"/>
                  <String HEIGHT="62"
                          WIDTH="148"
                          VPOS="383"
                          HPOS="727"
                          CONTENT="tribus"/>
                  <SP HEIGHT="62" WIDTH="15" VPOS="383" HPOS="875"/>
                  <String HEIGHT="62"
                          WIDTH="252"
                          VPOS="383"
                          HPOS="831"
                          CONTENT="quaestionibus"/>
                  <SP HEIGHT="62" WIDTH="15" VPOS="383" HPOS="1082"/>
                  <String HEIGHT="62" WIDTH="89" VPOS="383" HPOS="1023" CONTENT="cor"/>
               </TextLine>
               <TextLine ID="r3l5"
                         BASELINE="467"
                         HEIGHT="50"
                         WIDTH="211"
                         VPOS="417"
                         HPOS="252">
                  <String HEIGHT="50"
                          WIDTH="246"
                          VPOS="417"
                          HPOS="217"
                          CONTENT="respondentes"/>
               </TextLine>
               <TextLine ID="r3l6"
                         BASELINE="514"
                         HEIGHT="58"
                         WIDTH="836"
                         VPOS="456"
                         HPOS="267">
                  <String HEIGHT="58"
                          WIDTH="139"
                          VPOS="456"
                          HPOS="252"
                          CONTENT="Prima"/>
                  <SP HEIGHT="58" WIDTH="15" VPOS="456" HPOS="391"/>
                  <String HEIGHT="58"
                          WIDTH="124"
                          VPOS="456"
                          HPOS="344"
                          CONTENT="est,"/>
                  <SP HEIGHT="58" WIDTH="15" VPOS="456" HPOS="468"/>
                  <String HEIGHT="58"
                          WIDTH="124"
                          VPOS="456"
                          HPOS="422"
                          CONTENT="quod"/>
                  <SP HEIGHT="58" WIDTH="15" VPOS="456" HPOS="546"/>
                  <String HEIGHT="58"
                          WIDTH="155"
                          VPOS="456"
                          HPOS="499"
                          CONTENT="quidam"/>
                  <SP HEIGHT="58" WIDTH="15" VPOS="456" HPOS="654"/>
                  <String HEIGHT="58"
                          WIDTH="139"
                          VPOS="456"
                          HPOS="608"
                          CONTENT="ignis"/>
                  <SP HEIGHT="58" WIDTH="15" VPOS="456" HPOS="747"/>
                  <String HEIGHT="58" WIDTH="108" VPOS="456" HPOS="700" CONTENT="est"/>
                  <SP HEIGHT="58" WIDTH="15" VPOS="456" HPOS="809"/>
                  <String HEIGHT="58"
                          WIDTH="201"
                          VPOS="456"
                          HPOS="762"
                          CONTENT="venturus,"/>
                  <SP HEIGHT="58" WIDTH="15" VPOS="456" HPOS="964"/>
                  <String HEIGHT="58" WIDTH="108" VPOS="456" HPOS="917" CONTENT="qui"/>
                  <SP HEIGHT="58" WIDTH="15" VPOS="456" HPOS="1026"/>
                  <String HEIGHT="58" WIDTH="108" VPOS="456" HPOS="979" CONTENT="est"/>
                  <SP HEIGHT="58" WIDTH="15" VPOS="456" HPOS="1088"/>
                  <String HEIGHT="58" WIDTH="77" VPOS="456" HPOS="1026" CONTENT="mur"/>
               </TextLine>
               <TextLine ID="r3l7"
                         BASELINE="544"
                         HEIGHT="47"
                         WIDTH="849"
                         VPOS="497"
                         HPOS="251">
                  <String HEIGHT="47" WIDTH="104" VPOS="497" HPOS="236" CONTENT="dum"/>
                  <SP HEIGHT="47" WIDTH="15" VPOS="497" HPOS="340"/>
                  <String HEIGHT="47"
                          WIDTH="223"
                          VPOS="497"
                          HPOS="296"
                          CONTENT="purgaturus."/>
                  <SP HEIGHT="47" WIDTH="15" VPOS="497" HPOS="519"/>
                  <String HEIGHT="47"
                          WIDTH="119"
                          VPOS="497"
                          HPOS="474"
                          CONTENT="Ista"/>
                  <SP HEIGHT="47" WIDTH="15" VPOS="497" HPOS="594"/>
                  <String HEIGHT="47"
                          WIDTH="194"
                          VPOS="497"
                          HPOS="549"
                          CONTENT="conclusio"/>
                  <SP HEIGHT="47" WIDTH="15" VPOS="497" HPOS="743"/>
                  <String HEIGHT="47"
                          WIDTH="134"
                          VPOS="497"
                          HPOS="698"
                          CONTENT="patet"/>
                  <SP HEIGHT="47" WIDTH="15" VPOS="497" HPOS="832"/>
                  <String HEIGHT="47"
                          WIDTH="223"
                          VPOS="497"
                          HPOS="787"
                          CONTENT="auctoritate"/>
                  <SP HEIGHT="47" WIDTH="15" VPOS="497" HPOS="1011"/>
                  <String HEIGHT="47"
                          WIDTH="134"
                          VPOS="497"
                          HPOS="966"
                          CONTENT="beati"/>
                  <SP HEIGHT="47" WIDTH="15" VPOS="497" HPOS="1100"/>
                  <String HEIGHT="47" WIDTH="60" VPOS="497" HPOS="1040" CONTENT="Py"/>
               </TextLine>
               <TextLine ID="r3l8"
                         BASELINE="592"
                         HEIGHT="46"
                         WIDTH="855"
                         VPOS="546"
                         HPOS="251">
                  <String HEIGHT="46"
                          WIDTH="114"
                          VPOS="546"
                          HPOS="237"
                          CONTENT="tri,"/>
                  <SP HEIGHT="46" WIDTH="14" VPOS="546" HPOS="351"/>
                  <String HEIGHT="46" WIDTH="100" VPOS="546" HPOS="308" CONTENT="qui"/>
                  <SP HEIGHT="46" WIDTH="14" VPOS="546" HPOS="408"/>
                  <String HEIGHT="46" WIDTH="86" VPOS="546" HPOS="365" CONTENT="in"/>
                  <SP HEIGHT="46" WIDTH="14" VPOS="546" HPOS="451"/>
                  <String HEIGHT="46"
                          WIDTH="157"
                          VPOS="546"
                          HPOS="408"
                          CONTENT="secunda"/>
                  <SP HEIGHT="46" WIDTH="14" VPOS="546" HPOS="565"/>
                  <String HEIGHT="46" WIDTH="100" VPOS="546" HPOS="522" CONTENT="sua"/>
                  <SP HEIGHT="46" WIDTH="14" VPOS="546" HPOS="622"/>
                  <String HEIGHT="46"
                          WIDTH="171"
                          VPOS="546"
                          HPOS="579"
                          CONTENT="Epistola"/>
                  <SP HEIGHT="46" WIDTH="14" VPOS="546" HPOS="750"/>
                  <String HEIGHT="46"
                          WIDTH="114"
                          VPOS="546"
                          HPOS="707"
                          CONTENT="ait,"/>
                  <SP HEIGHT="46" WIDTH="14" VPOS="546" HPOS="821"/>
                  <String HEIGHT="46"
                          WIDTH="171"
                          VPOS="546"
                          HPOS="778"
                          CONTENT="Adueniet"/>
                  <SP HEIGHT="46" WIDTH="14" VPOS="546" HPOS="949"/>
                  <String HEIGHT="46"
                          WIDTH="128"
                          VPOS="546"
                          HPOS="907"
                          CONTENT="autem"/>
                  <SP HEIGHT="46" WIDTH="14" VPOS="546" HPOS="1035"/>
                  <String HEIGHT="46"
                          WIDTH="114"
                          VPOS="546"
                          HPOS="992"
                          CONTENT="dies"/>
                  <SP HEIGHT="46" WIDTH="14" VPOS="546" HPOS="1106"/>
                  <String HEIGHT="46" WIDTH="57" VPOS="546" HPOS="1049" CONTENT="do"/>
               </TextLine>
               <TextLine ID="r3l9"
                         BASELINE="636"
                         HEIGHT="51"
                         WIDTH="856"
                         VPOS="585"
                         HPOS="248">
                  <String HEIGHT="51"
                          WIDTH="135"
                          VPOS="585"
                          HPOS="233"
                          CONTENT="mini,"/>
                  <SP HEIGHT="51" WIDTH="15" VPOS="585" HPOS="368"/>
                  <String HEIGHT="51" WIDTH="90" VPOS="585" HPOS="323" CONTENT="vt"/>
                  <SP HEIGHT="51" WIDTH="15" VPOS="585" HPOS="413"/>
                  <String HEIGHT="51"
                          WIDTH="120"
                          VPOS="585"
                          HPOS="368"
                          CONTENT="fur,"/>
                  <SP HEIGHT="51" WIDTH="15" VPOS="585" HPOS="488"/>
                  <String HEIGHT="51" WIDTH="90" VPOS="585" HPOS="443" CONTENT="in"/>
                  <SP HEIGHT="51" WIDTH="15" VPOS="585" HPOS="533"/>
                  <String HEIGHT="51" WIDTH="105" VPOS="585" HPOS="488" CONTENT="quo"/>
                  <SP HEIGHT="51" WIDTH="15" VPOS="585" HPOS="593"/>
                  <String HEIGHT="51"
                          WIDTH="135"
                          VPOS="585"
                          HPOS="548"
                          CONTENT="coeli"/>
                  <SP HEIGHT="51" WIDTH="15" VPOS="585" HPOS="684"/>
                  <String HEIGHT="51"
                          WIDTH="135"
                          VPOS="585"
                          HPOS="638"
                          CONTENT="magno"/>
                  <SP HEIGHT="51" WIDTH="15" VPOS="585" HPOS="774"/>
                  <String HEIGHT="51"
                          WIDTH="150"
                          VPOS="585"
                          HPOS="729"
                          CONTENT="impetu"/>
                  <SP HEIGHT="51" WIDTH="15" VPOS="585" HPOS="879"/>
                  <String HEIGHT="51"
                          WIDTH="210"
                          VPOS="585"
                          HPOS="834"
                          CONTENT="transient;"/>
                  <SP HEIGHT="51" WIDTH="15" VPOS="585" HPOS="1044"/>
                  <String HEIGHT="51"
                          WIDTH="120"
                          VPOS="585"
                          HPOS="984"
                          CONTENT="elemen"/>
               </TextLine>
               <TextLine ID="r3l10"
                         BASELINE="670"
                         HEIGHT="49"
                         WIDTH="850"
                         VPOS="621"
                         HPOS="242">
                  <String HEIGHT="49" WIDTH="82" VPOS="621" HPOS="228" CONTENT="ta"/>
                  <SP HEIGHT="49" WIDTH="14" VPOS="621" HPOS="311"/>
                  <String HEIGHT="49"
                          WIDTH="110"
                          VPOS="621"
                          HPOS="269"
                          CONTENT="vero"/>
                  <SP HEIGHT="49" WIDTH="14" VPOS="621" HPOS="379"/>
                  <String HEIGHT="49"
                          WIDTH="137"
                          VPOS="621"
                          HPOS="338"
                          CONTENT="calorc"/>
                  <SP HEIGHT="49" WIDTH="14" VPOS="621" HPOS="475"/>
                  <String HEIGHT="49"
                          WIDTH="192"
                          VPOS="621"
                          HPOS="434"
                          CONTENT="soluentur;"/>
                  <SP HEIGHT="49" WIDTH="14" VPOS="621" HPOS="626"/>
                  <String HEIGHT="49" WIDTH="69" VPOS="621" HPOS="585" CONTENT="&amp;"/>
                  <SP HEIGHT="49" WIDTH="14" VPOS="621" HPOS="653"/>
                  <String HEIGHT="49"
                          WIDTH="137"
                          VPOS="621"
                          HPOS="612"
                          CONTENT="terra,"/>
                  <SP HEIGHT="49" WIDTH="14" VPOS="621" HPOS="749"/>
                  <String HEIGHT="49" WIDTH="69" VPOS="621" HPOS="708" CONTENT="&amp;"/>
                  <SP HEIGHT="49" WIDTH="14" VPOS="621" HPOS="777"/>
                  <String HEIGHT="49" WIDTH="96" VPOS="621" HPOS="736" CONTENT="ea,"/>
                  <SP HEIGHT="49" WIDTH="14" VPOS="621" HPOS="832"/>
                  <String HEIGHT="49"
                          WIDTH="110"
                          VPOS="621"
                          HPOS="790"
                          CONTENT="quae"/>
                  <SP HEIGHT="49" WIDTH="14" VPOS="621" HPOS="900"/>
                  <String HEIGHT="49" WIDTH="82" VPOS="621" HPOS="859" CONTENT="in"/>
                  <SP HEIGHT="49" WIDTH="14" VPOS="621" HPOS="941"/>
                  <String HEIGHT="49"
                          WIDTH="110"
                          VPOS="621"
                          HPOS="900"
                          CONTENT="ipsa"/>
                  <SP HEIGHT="49" WIDTH="14" VPOS="621" HPOS="1010"/>
                  <String HEIGHT="49"
                          WIDTH="123"
                          VPOS="621"
                          HPOS="969"
                          CONTENT="sunt,"/>
                  <SP HEIGHT="49" WIDTH="14" VPOS="621" HPOS="1092"/>
                  <String HEIGHT="49" WIDTH="55" VPOS="621" HPOS="1037" CONTENT="on"/>
               </TextLine>
               <TextLine ID="r3l11"
                         BASELINE="717"
                         HEIGHT="54"
                         WIDTH="849"
                         VPOS="663"
                         HPOS="248">
                  <String HEIGHT="54" WIDTH="108" VPOS="663" HPOS="233" CONTENT="nia"/>
                  <SP HEIGHT="54" WIDTH="15" VPOS="663" HPOS="341"/>
                  <String HEIGHT="54"
                          WIDTH="216"
                          VPOS="663"
                          HPOS="294"
                          CONTENT="exurentur."/>
                  <SP HEIGHT="54" WIDTH="15" VPOS="663" HPOS="510"/>
                  <String HEIGHT="54"
                          WIDTH="139"
                          VPOS="663"
                          HPOS="464"
                          CONTENT="Super"/>
                  <SP HEIGHT="54" WIDTH="15" VPOS="663" HPOS="603"/>
                  <String HEIGHT="54" WIDTH="108" VPOS="663" HPOS="557" CONTENT="quo"/>
                  <SP HEIGHT="54" WIDTH="15" VPOS="663" HPOS="665"/>
                  <String HEIGHT="54"
                          WIDTH="139"
                          VPOS="663"
                          HPOS="618"
                          CONTENT="verbo"/>
                  <SP HEIGHT="54" WIDTH="15" VPOS="663" HPOS="757"/>
                  <String HEIGHT="54"
                          WIDTH="139"
                          VPOS="663"
                          HPOS="711"
                          CONTENT="dicit"/>
                  <SP HEIGHT="54" WIDTH="15" VPOS="663" HPOS="850"/>
                  <String HEIGHT="54"
                          WIDTH="154"
                          VPOS="663"
                          HPOS="804"
                          CONTENT="glosa,"/>
                  <SP HEIGHT="54" WIDTH="15" VPOS="663" HPOS="958"/>
                  <String HEIGHT="54"
                          WIDTH="123"
                          VPOS="663"
                          HPOS="912"
                          CONTENT="ergo"/>
                  <SP HEIGHT="54" WIDTH="15" VPOS="663" HPOS="1035"/>
                  <String HEIGHT="54"
                          WIDTH="123"
                          VPOS="663"
                          HPOS="974"
                          CONTENT="mundus"/>
               </TextLine>
               <TextLine ID="r3l12"
                         BASELINE="751"
                         HEIGHT="46"
                         WIDTH="483"
                         VPOS="705"
                         HPOS="245">
                  <String HEIGHT="46" WIDTH="117" VPOS="705" HPOS="228" CONTENT="per"/>
                  <SP HEIGHT="46" WIDTH="17" VPOS="705" HPOS="345"/>
                  <String HEIGHT="46"
                          WIDTH="150"
                          VPOS="705"
                          HPOS="295"
                          CONTENT="ignem"/>
                  <SP HEIGHT="46" WIDTH="17" VPOS="705" HPOS="445"/>
                  <String HEIGHT="46"
                          WIDTH="250"
                          VPOS="705"
                          HPOS="395"
                          CONTENT="purgabitur,"/>
                  <SP HEIGHT="46" WIDTH="17" VPOS="705" HPOS="645"/>
                  <String HEIGHT="46"
                          WIDTH="133"
                          VPOS="705"
                          HPOS="595"
                          CONTENT="ideo"/>
                  <SP HEIGHT="46" WIDTH="17" VPOS="705" HPOS="728"/>
                  <String HEIGHT="46" WIDTH="67" VPOS="705" HPOS="661" CONTENT="&amp;c"/>
               </TextLine>
               <TextLine ID="r3l13"
                         BASELINE="791"
                         HEIGHT="51"
                         WIDTH="778"
                         VPOS="740"
                         HPOS="322">
                  <String HEIGHT="51"
                          WIDTH="202"
                          VPOS="740"
                          HPOS="308"
                          CONTENT="Praeterea,"/>
                  <SP HEIGHT="51" WIDTH="14" VPOS="740" HPOS="509"/>
                  <String HEIGHT="51"
                          WIDTH="216"
                          VPOS="740"
                          HPOS="466"
                          CONTENT="rationabile"/>
                  <SP HEIGHT="51" WIDTH="14" VPOS="740" HPOS="682"/>
                  <String HEIGHT="51"
                          WIDTH="115"
                          VPOS="740"
                          HPOS="639"
                          CONTENT="esse"/>
                  <SP HEIGHT="51" WIDTH="14" VPOS="740" HPOS="754"/>
                  <String HEIGHT="51"
                          WIDTH="173"
                          VPOS="740"
                          HPOS="711"
                          CONTENT="videtur,"/>
                  <SP HEIGHT="51" WIDTH="14" VPOS="740" HPOS="884"/>
                  <String HEIGHT="51" WIDTH="86" VPOS="740" HPOS="841" CONTENT="vt"/>
                  <SP HEIGHT="51" WIDTH="14" VPOS="740" HPOS="927"/>
                  <String HEIGHT="51"
                          WIDTH="130"
                          VPOS="740"
                          HPOS="884"
                          CONTENT="mudus"/>
                  <SP HEIGHT="51" WIDTH="14" VPOS="740" HPOS="1014"/>
                  <String HEIGHT="51"
                          WIDTH="115"
                          VPOS="740"
                          HPOS="970"
                          CONTENT="iste"/>
                  <SP HEIGHT="51" WIDTH="14" VPOS="740" HPOS="1086"/>
                  <String HEIGHT="51" WIDTH="72" VPOS="740" HPOS="1028" CONTENT="mul"/>
               </TextLine>
               <TextLine ID="r3l15"
                         BASELINE="833"
                         HEIGHT="56"
                         WIDTH="852"
                         VPOS="777"
                         HPOS="249">
                  <String HEIGHT="56"
                          WIDTH="217"
                          VPOS="777"
                          HPOS="234"
                          CONTENT="tiplicibus"/>
                  <SP HEIGHT="56" WIDTH="15" VPOS="777" HPOS="450"/>
                  <String HEIGHT="56"
                          WIDTH="186"
                          VPOS="777"
                          HPOS="404"
                          CONTENT="infectus"/>
                  <SP HEIGHT="56" WIDTH="15" VPOS="777" HPOS="590"/>
                  <String HEIGHT="56"
                          WIDTH="201"
                          VPOS="777"
                          HPOS="543"
                          CONTENT="peccatis,"/>
                  <SP HEIGHT="56" WIDTH="15" VPOS="777" HPOS="745"/>
                  <String HEIGHT="56"
                          WIDTH="155"
                          VPOS="777"
                          HPOS="698"
                          CONTENT="saltem"/>
                  <SP HEIGHT="56" WIDTH="15" VPOS="777" HPOS="853"/>
                  <String HEIGHT="56" WIDTH="108" VPOS="777" HPOS="807" CONTENT="cum"/>
                  <SP HEIGHT="56" WIDTH="15" VPOS="777" HPOS="915"/>
                  <String HEIGHT="56"
                          WIDTH="139"
                          VPOS="777"
                          HPOS="869"
                          CONTENT="finem"/>
                  <SP HEIGHT="56" WIDTH="15" VPOS="777" HPOS="1008"/>
                  <String HEIGHT="56"
                          WIDTH="155"
                          VPOS="777"
                          HPOS="946"
                          CONTENT="habebunt"/>
               </TextLine>
               <TextLine ID="r3l16"
                         BASELINE="865"
                         HEIGHT="44"
                         WIDTH="848"
                         VPOS="821"
                         HPOS="256">
                  <String HEIGHT="44"
                          WIDTH="188"
                          VPOS="821"
                          HPOS="240"
                          CONTENT="peccata,"/>
                  <SP HEIGHT="44" WIDTH="16" VPOS="821" HPOS="429"/>
                  <String HEIGHT="44"
                          WIDTH="204"
                          VPOS="821"
                          HPOS="382"
                          CONTENT="purgetur."/>
                  <SP HEIGHT="44" WIDTH="16" VPOS="821" HPOS="586"/>
                  <String HEIGHT="44" WIDTH="110" VPOS="821" HPOS="539" CONTENT="Sed"/>
                  <SP HEIGHT="44" WIDTH="16" VPOS="821" HPOS="649"/>
                  <String HEIGHT="44"
                          WIDTH="141"
                          VPOS="821"
                          HPOS="601"
                          CONTENT="circa"/>
                  <SP HEIGHT="44" WIDTH="16" VPOS="821" HPOS="743"/>
                  <String HEIGHT="44"
                          WIDTH="188"
                          VPOS="821"
                          HPOS="696"
                          CONTENT="extremum"/>
                  <SP HEIGHT="44" WIDTH="16" VPOS="821" HPOS="884"/>
                  <String HEIGHT="44"
                          WIDTH="188"
                          VPOS="821"
                          HPOS="837"
                          CONTENT="iudicium"/>
                  <SP HEIGHT="44" WIDTH="16" VPOS="821" HPOS="1025"/>
                  <String HEIGHT="44"
                          WIDTH="141"
                          VPOS="821"
                          HPOS="963"
                          CONTENT="peccata"/>
               </TextLine>
               <TextLine ID="r3l17"
                         BASELINE="908"
                         HEIGHT="44"
                         WIDTH="864"
                         VPOS="864"
                         HPOS="236">
                  <String HEIGHT="44"
                          WIDTH="192"
                          VPOS="864"
                          HPOS="220"
                          CONTENT="habebunt"/>
                  <SP HEIGHT="44" WIDTH="16" VPOS="864" HPOS="412"/>
                  <String HEIGHT="44"
                          WIDTH="160"
                          VPOS="864"
                          HPOS="364"
                          CONTENT="finem,"/>
                  <SP HEIGHT="44" WIDTH="16" VPOS="864" HPOS="524"/>
                  <String HEIGHT="44" WIDTH="80" VPOS="864" HPOS="476" CONTENT="&amp;"/>
                  <SP HEIGHT="44" WIDTH="16" VPOS="864" HPOS="556"/>
                  <String HEIGHT="44"
                          WIDTH="144"
                          VPOS="864"
                          HPOS="508"
                          CONTENT="ignis"/>
                  <SP HEIGHT="44" WIDTH="16" VPOS="864" HPOS="652"/>
                  <String HEIGHT="44" WIDTH="112" VPOS="864" HPOS="604" CONTENT="est"/>
                  <SP HEIGHT="44" WIDTH="16" VPOS="864" HPOS="716"/>
                  <String HEIGHT="44"
                          WIDTH="160"
                          VPOS="864"
                          HPOS="668"
                          CONTENT="maxime"/>
                  <SP HEIGHT="44" WIDTH="16" VPOS="864" HPOS="828"/>
                  <String HEIGHT="44"
                          WIDTH="240"
                          VPOS="864"
                          HPOS="780"
                          CONTENT="purgatiuus,"/>
                  <SP HEIGHT="44" WIDTH="16" VPOS="864" HPOS="1020"/>
                  <String HEIGHT="44" WIDTH="112" VPOS="864" HPOS="972" CONTENT="cum"/>
                  <SP HEIGHT="44" WIDTH="16" VPOS="864" HPOS="1084"/>
                  <String HEIGHT="44" WIDTH="80" VPOS="864" HPOS="1020" CONTENT="sit"/>
               </TextLine>
               <TextLine ID="r3l18"
                         BASELINE="952"
                         HEIGHT="49"
                         WIDTH="849"
                         VPOS="903"
                         HPOS="246">
                  <String HEIGHT="49"
                          WIDTH="146"
                          VPOS="903"
                          HPOS="231"
                          CONTENT="maxime"/>
                  <SP HEIGHT="49" WIDTH="15" VPOS="903" HPOS="378"/>
                  <String HEIGHT="49"
                          WIDTH="176"
                          VPOS="903"
                          HPOS="334"
                          CONTENT="actiuus,"/>
                  <SP HEIGHT="49" WIDTH="15" VPOS="903" HPOS="509"/>
                  <String HEIGHT="49"
                          WIDTH="117"
                          VPOS="903"
                          HPOS="466"
                          CONTENT="ergo"/>
                  <SP HEIGHT="49" WIDTH="15" VPOS="903" HPOS="583"/>
                  <String HEIGHT="49"
                          WIDTH="220"
                          VPOS="903"
                          HPOS="539"
                          CONTENT="rationabile"/>
                  <SP HEIGHT="49" WIDTH="15" VPOS="903" HPOS="758"/>
                  <String HEIGHT="49"
                          WIDTH="117"
                          VPOS="903"
                          HPOS="714"
                          CONTENT="esse"/>
                  <SP HEIGHT="49" WIDTH="15" VPOS="903" HPOS="832"/>
                  <String HEIGHT="49"
                          WIDTH="176"
                          VPOS="903"
                          HPOS="788"
                          CONTENT="videtur,"/>
                  <SP HEIGHT="49" WIDTH="15" VPOS="903" HPOS="963"/>
                  <String HEIGHT="49" WIDTH="88" VPOS="903" HPOS="919" CONTENT="vt"/>
                  <SP HEIGHT="49" WIDTH="15" VPOS="903" HPOS="1007"/>
                  <String HEIGHT="49"
                          WIDTH="117"
                          VPOS="903"
                          HPOS="963"
                          CONTENT="ante"/>
                  <SP HEIGHT="49" WIDTH="15" VPOS="903" HPOS="1080"/>
                  <String HEIGHT="49"
                          WIDTH="73"
                          VPOS="903"
                          HPOS="1022"
                          CONTENT="fi"
                          SUBS_TYPE="HypPart1"
                          SUBS_CONTENT="finem"/>
                  <HYP CONTENT="-"/>
               </TextLine>
               <TextLine ID="r3l19"
                         BASELINE="987"
                         HEIGHT="52"
                         WIDTH="844"
                         VPOS="935"
                         HPOS="245">
                  <String HEIGHT="52"
                          WIDTH="106"
                          VPOS="935"
                          HPOS="230"
                          CONTENT="nem"
                          SUBS_TYPE="HypPart2"
                          SUBS_CONTENT="finem"/>
                  <SP HEIGHT="52" WIDTH="15" VPOS="935" HPOS="335"/>
                  <String HEIGHT="52"
                          WIDTH="136"
                          VPOS="935"
                          HPOS="290"
                          CONTENT="mundi"/>
                  <SP HEIGHT="52" WIDTH="15" VPOS="935" HPOS="426"/>
                  <String HEIGHT="52"
                          WIDTH="151"
                          VPOS="935"
                          HPOS="381"
                          CONTENT="veniat"/>
                  <SP HEIGHT="52" WIDTH="15" VPOS="935" HPOS="531"/>
                  <String HEIGHT="52"
                          WIDTH="136"
                          VPOS="935"
                          HPOS="486"
                          CONTENT="talis"/>
                  <SP HEIGHT="52" WIDTH="15" VPOS="935" HPOS="622"/>
                  <String HEIGHT="52"
                          WIDTH="151"
                          VPOS="935"
                          HPOS="577"
                          CONTENT="ignis,"/>
                  <SP HEIGHT="52" WIDTH="15" VPOS="935" HPOS="727"/>
                  <String HEIGHT="52"
                          WIDTH="151"
                          VPOS="935"
                          HPOS="682"
                          CONTENT="mundum"/>
                  <SP HEIGHT="52" WIDTH="15" VPOS="935" HPOS="833"/>
                  <String HEIGHT="52"
                          WIDTH="226"
                          VPOS="935"
                          HPOS="788"
                          CONTENT="purgaturus."/>
                  <SP HEIGHT="52" WIDTH="15" VPOS="935" HPOS="1014"/>
                  <String HEIGHT="52" WIDTH="90" VPOS="935" HPOS="968" CONTENT="Et"/>
                  <SP HEIGHT="52" WIDTH="15" VPOS="935" HPOS="1059"/>
                  <String HEIGHT="52" WIDTH="90" VPOS="935" HPOS="999" CONTENT="isti"/>
               </TextLine>
               <TextLine ID="r3l20"
                         BASELINE="1031"
                         HEIGHT="55"
                         WIDTH="852"
                         VPOS="976"
                         HPOS="248">
                  <String HEIGHT="55"
                          WIDTH="186"
                          VPOS="976"
                          HPOS="233"
                          CONTENT="rationem"/>
                  <SP HEIGHT="55" WIDTH="15" VPOS="976" HPOS="418"/>
                  <String HEIGHT="55"
                          WIDTH="170"
                          VPOS="976"
                          HPOS="372"
                          CONTENT="videtur"/>
                  <SP HEIGHT="55" WIDTH="15" VPOS="976" HPOS="542"/>
                  <String HEIGHT="55"
                          WIDTH="170"
                          VPOS="976"
                          HPOS="496"
                          CONTENT="tangere"/>
                  <SP HEIGHT="55" WIDTH="15" VPOS="976" HPOS="666"/>
                  <String HEIGHT="55"
                          WIDTH="232"
                          VPOS="976"
                          HPOS="620"
                          CONTENT="venerabilis"/>
                  <SP HEIGHT="55" WIDTH="15" VPOS="976" HPOS="852"/>
                  <String HEIGHT="55"
                          WIDTH="139"
                          VPOS="976"
                          HPOS="806"
                          CONTENT="beda,"/>
                  <SP HEIGHT="55" WIDTH="15" VPOS="976" HPOS="945"/>
                  <String HEIGHT="55"
                          WIDTH="170"
                          VPOS="976"
                          HPOS="899"
                          CONTENT="dicens,"/>
                  <SP HEIGHT="55" WIDTH="15" VPOS="976" HPOS="1069"/>
                  <String HEIGHT="55"
                          WIDTH="93"
                          VPOS="976"
                          HPOS="1007"
                          CONTENT="quod"/>
               </TextLine>
               <TextLine ID="r3l21"
                         BASELINE="1059"
                         HEIGHT="47"
                         WIDTH="852"
                         VPOS="1012"
                         HPOS="246">
                  <String HEIGHT="47"
                          WIDTH="122"
                          VPOS="1012"
                          HPOS="231"
                          CONTENT="iste"/>
                  <SP HEIGHT="47" WIDTH="15" VPOS="1012" HPOS="353"/>
                  <String HEIGHT="47"
                          WIDTH="137"
                          VPOS="1012"
                          HPOS="307"
                          CONTENT="ignis"/>
                  <SP HEIGHT="47" WIDTH="15" VPOS="1012" HPOS="444"/>
                  <String HEIGHT="47"
                          WIDTH="183"
                          VPOS="1012"
                          HPOS="398"
                          CONTENT="ascendet"/>
                  <SP HEIGHT="47" WIDTH="15" VPOS="1012" HPOS="581"/>
                  <String HEIGHT="47" WIDTH="91" VPOS="1012" HPOS="535" CONTENT="ad"/>
                  <SP HEIGHT="47" WIDTH="15" VPOS="1012" HPOS="626"/>
                  <String HEIGHT="47"
                          WIDTH="152"
                          VPOS="1012"
                          HPOS="581"
                          CONTENT="tantam"/>
                  <SP HEIGHT="47" WIDTH="15" VPOS="1012" HPOS="733"/>
                  <String HEIGHT="47"
                          WIDTH="243"
                          VPOS="1012"
                          HPOS="687"
                          CONTENT="altitudinem,"/>
                  <SP HEIGHT="47" WIDTH="15" VPOS="1012" HPOS="931"/>
                  <String HEIGHT="47" WIDTH="91" VPOS="1012" HPOS="885" CONTENT="ad"/>
                  <SP HEIGHT="47" WIDTH="15" VPOS="1012" HPOS="976"/>
                  <String HEIGHT="47"
                          WIDTH="167"
                          VPOS="1012"
                          HPOS="931"
                          CONTENT="quantam"/>
                  <SP HEIGHT="47" WIDTH="15" VPOS="1012" HPOS="1098"/>
                  <String HEIGHT="47"
                          WIDTH="61"
                          VPOS="1012"
                          HPOS="1037"
                          CONTENT="a"
                          SUBS_TYPE="HypPart1"
                          SUBS_CONTENT="ascenderunt"/>
                  <HYP CONTENT="-"/>
               </TextLine>
               <TextLine ID="r3l22"
                         BASELINE="1102"
                         HEIGHT="51"
                         WIDTH="858"
                         VPOS="1051"
                         HPOS="245">
                  <String HEIGHT="51"
                          WIDTH="211"
                          VPOS="1051"
                          HPOS="230"
                          CONTENT="scenderunt"
                          SUBS_TYPE="HypPart2"
                          SUBS_CONTENT="ascenderunt"/>
                  <SP HEIGHT="51" WIDTH="15" VPOS="1051" HPOS="441"/>
                  <String HEIGHT="51"
                          WIDTH="135"
                          VPOS="1051"
                          HPOS="396"
                          CONTENT="aquae"/>
                  <SP HEIGHT="51" WIDTH="15" VPOS="1051" HPOS="531"/>
                  <String HEIGHT="51"
                          WIDTH="181"
                          VPOS="1051"
                          HPOS="486"
                          CONTENT="diluuii,"/>
                  <SP HEIGHT="51" WIDTH="15" VPOS="1051" HPOS="666"/>
                  <String HEIGHT="51" WIDTH="90" VPOS="1051" HPOS="621" CONTENT="vt"/>
                  <SP HEIGHT="51" WIDTH="15" VPOS="1051" HPOS="712"/>
                  <String HEIGHT="51"
                          WIDTH="151"
                          VPOS="1051"
                          HPOS="666"
                          CONTENT="purget"/>
                  <SP HEIGHT="51" WIDTH="15" VPOS="1051" HPOS="817"/>
                  <String HEIGHT="51"
                          WIDTH="135"
                          VPOS="1051"
                          HPOS="772"
                          CONTENT="aerem"/>
                  <SP HEIGHT="51" WIDTH="15" VPOS="1051" HPOS="907"/>
                  <String HEIGHT="51"
                          WIDTH="181"
                          VPOS="1051"
                          HPOS="862"
                          CONTENT="infectum"/>
                  <SP HEIGHT="51" WIDTH="15" VPOS="1051" HPOS="1043"/>
                  <String HEIGHT="51"
                          WIDTH="105"
                          VPOS="1051"
                          HPOS="998"
                          CONTENT="per"/>
                  <SP HEIGHT="51" WIDTH="15" VPOS="1051" HPOS="1103"/>
                  <String HEIGHT="51" WIDTH="60" VPOS="1051" HPOS="1043" CONTENT="fu"/>
               </TextLine>
               <TextLine ID="r3l23"
                         BASELINE="1141"
                         HEIGHT="47"
                         WIDTH="693"
                         VPOS="1094"
                         HPOS="247">
                  <String HEIGHT="47"
                          WIDTH="113"
                          VPOS="1094"
                          HPOS="231"
                          CONTENT="mum"/>
                  <SP HEIGHT="47" WIDTH="16" VPOS="1094" HPOS="344"/>
                  <String HEIGHT="47"
                          WIDTH="274"
                          VPOS="1094"
                          HPOS="295"
                          CONTENT="sacrificiorum"/>
                  <SP HEIGHT="47" WIDTH="16" VPOS="1094" HPOS="569"/>
                  <String HEIGHT="47"
                          WIDTH="145"
                          VPOS="1094"
                          HPOS="521"
                          CONTENT="ipsis"/>
                  <SP HEIGHT="47" WIDTH="16" VPOS="1094" HPOS="666"/>
                  <String HEIGHT="47"
                          WIDTH="161"
                          VPOS="1094"
                          HPOS="618"
                          CONTENT="idolis"/>
                  <SP HEIGHT="47" WIDTH="16" VPOS="1094" HPOS="779"/>
                  <String HEIGHT="47"
                          WIDTH="226"
                          VPOS="1094"
                          HPOS="714"
                          CONTENT="immolatorum."/>
               </TextLine>
               <TextLine ID="r3l25"
                         BASELINE="1181"
                         HEIGHT="48"
                         WIDTH="854"
                         VPOS="1133"
                         HPOS="244">
                  <String HEIGHT="48"
                          WIDTH="140"
                          VPOS="1133"
                          HPOS="228"
                          CONTENT="Forte"/>
                  <SP HEIGHT="48" WIDTH="16" VPOS="1133" HPOS="368"/>
                  <String HEIGHT="48"
                          WIDTH="186"
                          VPOS="1133"
                          HPOS="322"
                          CONTENT="dicetur."/>
                  <SP HEIGHT="48" WIDTH="16" VPOS="1133" HPOS="508"/>
                  <String HEIGHT="48"
                          WIDTH="124"
                          VPOS="1133"
                          HPOS="461"
                          CONTENT="Idem"/>
                  <SP HEIGHT="48" WIDTH="16" VPOS="1133" HPOS="586"/>
                  <String HEIGHT="48"
                          WIDTH="109"
                          VPOS="1133"
                          HPOS="539"
                          CONTENT="non"/>
                  <SP HEIGHT="48" WIDTH="16" VPOS="1133" HPOS="648"/>
                  <String HEIGHT="48"
                          WIDTH="155"
                          VPOS="1133"
                          HPOS="601"
                          CONTENT="potest"/>
                  <SP HEIGHT="48" WIDTH="16" VPOS="1133" HPOS="756"/>
                  <String HEIGHT="48"
                          WIDTH="124"
                          VPOS="1133"
                          HPOS="710"
                          CONTENT="esse"/>
                  <SP HEIGHT="48" WIDTH="16" VPOS="1133" HPOS="834"/>
                  <String HEIGHT="48"
                          WIDTH="186"
                          VPOS="1133"
                          HPOS="787"
                          CONTENT="purgans,"/>
                  <SP HEIGHT="48" WIDTH="16" VPOS="1133" HPOS="974"/>
                  <String HEIGHT="48" WIDTH="78" VPOS="1133" HPOS="927" CONTENT="&amp;"/>
                  <SP HEIGHT="48" WIDTH="16" VPOS="1133" HPOS="1005"/>
                  <String HEIGHT="48"
                          WIDTH="155"
                          VPOS="1133"
                          HPOS="943"
                          CONTENT="purgatum"/>
               </TextLine>
               <TextLine ID="r3l26"
                         BASELINE="1224"
                         HEIGHT="48"
                         WIDTH="856"
                         VPOS="1176"
                         HPOS="236">
                  <String HEIGHT="48"
                          WIDTH="180"
                          VPOS="1176"
                          HPOS="221"
                          CONTENT="respectu"/>
                  <SP HEIGHT="48" WIDTH="15" VPOS="1176" HPOS="401"/>
                  <String HEIGHT="48"
                          WIDTH="105"
                          VPOS="1176"
                          HPOS="356"
                          CONTENT="sui"/>
                  <SP HEIGHT="48" WIDTH="15" VPOS="1176" HPOS="461"/>
                  <String HEIGHT="48"
                          WIDTH="165"
                          VPOS="1176"
                          HPOS="416"
                          CONTENT="ipsius:"/>
                  <SP HEIGHT="48" WIDTH="15" VPOS="1176" HPOS="581"/>
                  <String HEIGHT="48"
                          WIDTH="120"
                          VPOS="1176"
                          HPOS="536"
                          CONTENT="ergo"/>
                  <SP HEIGHT="48" WIDTH="15" VPOS="1176" HPOS="656"/>
                  <String HEIGHT="48"
                          WIDTH="150"
                          VPOS="1176"
                          HPOS="611"
                          CONTENT="mundus"/>
                  <SP HEIGHT="48" WIDTH="15" VPOS="1176" HPOS="762"/>
                  <String HEIGHT="48"
                          WIDTH="105"
                          VPOS="1176"
                          HPOS="717"
                          CONTENT="non"/>
                  <SP HEIGHT="48" WIDTH="15" VPOS="1176" HPOS="822"/>
                  <String HEIGHT="48"
                          WIDTH="210"
                          VPOS="1176"
                          HPOS="777"
                          CONTENT="purgabitur"/>
                  <SP HEIGHT="48" WIDTH="15" VPOS="1176" HPOS="987"/>
                  <String HEIGHT="48"
                          WIDTH="105"
                          VPOS="1176"
                          HPOS="942"
                          CONTENT="per"/>
                  <SP HEIGHT="48" WIDTH="15" VPOS="1176" HPOS="1047"/>
                  <String HEIGHT="48"
                          WIDTH="105"
                          VPOS="1176"
                          HPOS="987"
                          CONTENT="ignem"/>
               </TextLine>
               <TextLine ID="r3l27"
                         BASELINE="1262"
                         HEIGHT="49"
                         WIDTH="836"
                         VPOS="1213"
                         HPOS="249">
                  <String HEIGHT="49"
                          WIDTH="231"
                          VPOS="1213"
                          HPOS="235"
                          CONTENT="Consequentia"/>
                  <SP HEIGHT="49" WIDTH="14" VPOS="1213" HPOS="465"/>
                  <String HEIGHT="49"
                          WIDTH="144"
                          VPOS="1213"
                          HPOS="422"
                          CONTENT="patet,"/>
                  <SP HEIGHT="49" WIDTH="14" VPOS="1213" HPOS="566"/>
                  <String HEIGHT="49"
                          WIDTH="115"
                          VPOS="1213"
                          HPOS="523"
                          CONTENT="quia"/>
                  <SP HEIGHT="49" WIDTH="14" VPOS="1213" HPOS="638"/>
                  <String HEIGHT="49"
                          WIDTH="130"
                          VPOS="1213"
                          HPOS="595"
                          CONTENT="ignis"/>
                  <SP HEIGHT="49" WIDTH="14" VPOS="1213" HPOS="725"/>
                  <String HEIGHT="49"
                          WIDTH="101"
                          VPOS="1213"
                          HPOS="681"
                          CONTENT="est"/>
                  <SP HEIGHT="49" WIDTH="14" VPOS="1213" HPOS="782"/>
                  <String HEIGHT="49"
                          WIDTH="115"
                          VPOS="1213"
                          HPOS="739"
                          CONTENT="pars"/>
                  <SP HEIGHT="49" WIDTH="14" VPOS="1213" HPOS="854"/>
                  <String HEIGHT="49"
                          WIDTH="144"
                          VPOS="1213"
                          HPOS="811"
                          CONTENT="mundi,"/>
                  <SP HEIGHT="49" WIDTH="14" VPOS="1213" HPOS="955"/>
                  <String HEIGHT="49"
                          WIDTH="115"
                          VPOS="1213"
                          HPOS="912"
                          CONTENT="ergo"/>
                  <SP HEIGHT="49" WIDTH="14" VPOS="1213" HPOS="1027"/>
                  <String HEIGHT="49" WIDTH="86" VPOS="1213" HPOS="984" CONTENT="si"/>
                  <SP HEIGHT="49" WIDTH="14" VPOS="1213" HPOS="1071"/>
                  <String HEIGHT="49"
                          WIDTH="72"
                          VPOS="1213"
                          HPOS="1013"
                          CONTENT="mus"/>
               </TextLine>
               <TextLine ID="r3l28"
                         BASELINE="1297"
                         HEIGHT="41"
                         WIDTH="830"
                         VPOS="1256"
                         HPOS="243">
                  <String HEIGHT="41"
                          WIDTH="110"
                          VPOS="1256"
                          HPOS="227"
                          CONTENT="dus"/>
                  <SP HEIGHT="41" WIDTH="16" VPOS="1256" HPOS="337"/>
                  <String HEIGHT="41"
                          WIDTH="219"
                          VPOS="1256"
                          HPOS="290"
                          CONTENT="purgaretur"/>
                  <SP HEIGHT="41" WIDTH="16" VPOS="1256" HPOS="509"/>
                  <String HEIGHT="41"
                          WIDTH="110"
                          VPOS="1256"
                          HPOS="462"
                          CONTENT="per"/>
                  <SP HEIGHT="41" WIDTH="16" VPOS="1256" HPOS="572"/>
                  <String HEIGHT="41"
                          WIDTH="157"
                          VPOS="1256"
                          HPOS="525"
                          CONTENT="ignem,"/>
                  <SP HEIGHT="41" WIDTH="16" VPOS="1256" HPOS="681"/>
                  <String HEIGHT="41"
                          WIDTH="125"
                          VPOS="1256"
                          HPOS="635"
                          CONTENT="tunc"/>
                  <SP HEIGHT="41" WIDTH="16" VPOS="1256" HPOS="760"/>
                  <String HEIGHT="41"
                          WIDTH="141"
                          VPOS="1256"
                          HPOS="713"
                          CONTENT="ignis"/>
                  <SP HEIGHT="41" WIDTH="16" VPOS="1256" HPOS="854"/>
                  <String HEIGHT="41"
                          WIDTH="188"
                          VPOS="1256"
                          HPOS="807"
                          CONTENT="purgaret"/>
                  <SP HEIGHT="41" WIDTH="16" VPOS="1256" HPOS="995"/>
                  <String HEIGHT="41"
                          WIDTH="141"
                          VPOS="1256"
                          HPOS="932"
                          CONTENT="seipsum"/>
               </TextLine>
               <TextLine ID="r3l29"
                         BASELINE="1345"
                         HEIGHT="46"
                         WIDTH="848"
                         VPOS="1299"
                         HPOS="240">
                  <String HEIGHT="46"
                          WIDTH="220"
                          VPOS="1299"
                          HPOS="224"
                          CONTENT="Antecedens"/>
                  <SP HEIGHT="46" WIDTH="16" VPOS="1299" HPOS="444"/>
                  <String HEIGHT="46"
                          WIDTH="141"
                          VPOS="1299"
                          HPOS="397"
                          CONTENT="etiam"/>
                  <SP HEIGHT="46" WIDTH="16" VPOS="1299" HPOS="538"/>
                  <String HEIGHT="46"
                          WIDTH="157"
                          VPOS="1299"
                          HPOS="491"
                          CONTENT="patet:"/>
                  <SP HEIGHT="46" WIDTH="16" VPOS="1299" HPOS="648"/>
                  <String HEIGHT="46"
                          WIDTH="126"
                          VPOS="1299"
                          HPOS="601"
                          CONTENT="quia"/>
                  <SP HEIGHT="46" WIDTH="16" VPOS="1299" HPOS="727"/>
                  <String HEIGHT="46"
                          WIDTH="126"
                          VPOS="1299"
                          HPOS="680"
                          CONTENT="idem"/>
                  <SP HEIGHT="46" WIDTH="16" VPOS="1299" HPOS="805"/>
                  <String HEIGHT="46"
                          WIDTH="110"
                          VPOS="1299"
                          HPOS="758"
                          CONTENT="non"/>
                  <SP HEIGHT="46" WIDTH="16" VPOS="1299" HPOS="868"/>
                  <String HEIGHT="46"
                          WIDTH="157"
                          VPOS="1299"
                          HPOS="821"
                          CONTENT="potest"/>
                  <SP HEIGHT="46" WIDTH="16" VPOS="1299" HPOS="978"/>
                  <String HEIGHT="46"
                          WIDTH="126"
                          VPOS="1299"
                          HPOS="931"
                          CONTENT="esse"/>
                  <SP HEIGHT="46" WIDTH="16" VPOS="1299" HPOS="1057"/>
                  <String HEIGHT="46"
                          WIDTH="94"
                          VPOS="1299"
                          HPOS="994"
                          CONTENT="acti"/>
               </TextLine>
               <TextLine ID="r3l30"
                         BASELINE="1377"
                         HEIGHT="38"
                         WIDTH="852"
                         VPOS="1339"
                         HPOS="233">
                  <String HEIGHT="38"
                          WIDTH="131"
                          VPOS="1339"
                          HPOS="217"
                          CONTENT="uum,"/>
                  <SP HEIGHT="38" WIDTH="16" VPOS="1339" HPOS="348"/>
                  <String HEIGHT="38" WIDTH="82" VPOS="1339" HPOS="299" CONTENT="&amp;"/>
                  <SP HEIGHT="38" WIDTH="16" VPOS="1339" HPOS="380"/>
                  <String HEIGHT="38"
                          WIDTH="197"
                          VPOS="1339"
                          HPOS="331"
                          CONTENT="passiuum"/>
                  <SP HEIGHT="38" WIDTH="16" VPOS="1339" HPOS="528"/>
                  <String HEIGHT="38"
                          WIDTH="147"
                          VPOS="1339"
                          HPOS="479"
                          CONTENT="eadem"/>
                  <SP HEIGHT="38" WIDTH="16" VPOS="1339" HPOS="626"/>
                  <String HEIGHT="38"
                          WIDTH="197"
                          VPOS="1339"
                          HPOS="577"
                          CONTENT="actione,"/>
                  <SP HEIGHT="38" WIDTH="16" VPOS="1339" HPOS="774"/>
                  <String HEIGHT="38"
                          WIDTH="115"
                          VPOS="1339"
                          HPOS="725"
                          CONTENT="nec"/>
                  <SP HEIGHT="38" WIDTH="16" VPOS="1339" HPOS="839"/>
                  <String HEIGHT="38"
                          WIDTH="164"
                          VPOS="1339"
                          HPOS="790"
                          CONTENT="potest"/>
                  <SP HEIGHT="38" WIDTH="16" VPOS="1339" HPOS="954"/>
                  <String HEIGHT="38"
                          WIDTH="131"
                          VPOS="1339"
                          HPOS="905"
                          CONTENT="idem"/>
                  <SP HEIGHT="38" WIDTH="16" VPOS="1339" HPOS="1036"/>
                  <String HEIGHT="38"
                          WIDTH="115"
                          VPOS="1339"
                          HPOS="970"
                          CONTENT="ageri"/>
               </TextLine>
               <TextLine ID="r3l31"
                         BASELINE="1416"
                         HEIGHT="46"
                         WIDTH="640"
                         VPOS="1370"
                         HPOS="240">
                  <String HEIGHT="46" WIDTH="94" VPOS="1370" HPOS="224" CONTENT="in"/>
                  <SP HEIGHT="46" WIDTH="16" VPOS="1370" HPOS="318"/>
                  <String HEIGHT="46"
                          WIDTH="187"
                          VPOS="1370"
                          HPOS="271"
                          CONTENT="seipsum."/>
                  <SP HEIGHT="46" WIDTH="16" VPOS="1370" HPOS="459"/>
                  <String HEIGHT="46"
                          WIDTH="109"
                          VPOS="1370"
                          HPOS="412"
                          CONTENT="Sed"/>
                  <SP HEIGHT="46" WIDTH="16" VPOS="1370" HPOS="521"/>
                  <String HEIGHT="46"
                          WIDTH="172"
                          VPOS="1370"
                          HPOS="474"
                          CONTENT="purgans"/>
                  <SP HEIGHT="46" WIDTH="16" VPOS="1370" HPOS="646"/>
                  <String HEIGHT="46"
                          WIDTH="125"
                          VPOS="1370"
                          HPOS="599"
                          CONTENT="agit"/>
                  <SP HEIGHT="46" WIDTH="16" VPOS="1370" HPOS="724"/>
                  <String HEIGHT="46" WIDTH="94" VPOS="1370" HPOS="677" CONTENT="in"/>
                  <SP HEIGHT="46" WIDTH="16" VPOS="1370" HPOS="771"/>
                  <String HEIGHT="46"
                          WIDTH="172"
                          VPOS="1370"
                          HPOS="708"
                          CONTENT="purgatum."/>
               </TextLine>
               <TextLine ID="r3l32"
                         BASELINE="1461"
                         HEIGHT="51"
                         WIDTH="836"
                         VPOS="1410"
                         HPOS="261">
                  <String HEIGHT="51"
                          WIDTH="244"
                          VPOS="1410"
                          HPOS="244"
                          CONTENT="Respondeo,"/>
                  <SP HEIGHT="51" WIDTH="17" VPOS="1410" HPOS="487"/>
                  <String HEIGHT="51"
                          WIDTH="192"
                          VPOS="1410"
                          HPOS="435"
                          CONTENT="negando"/>
                  <SP HEIGHT="51" WIDTH="17" VPOS="1410" HPOS="627"/>
                  <String HEIGHT="51"
                          WIDTH="314"
                          VPOS="1410"
                          HPOS="575"
                          CONTENT="consequentiam."/>
                  <SP HEIGHT="51" WIDTH="17" VPOS="1410" HPOS="888"/>
                  <String HEIGHT="51" WIDTH="105" VPOS="1410" HPOS="836" CONTENT="Ad"/>
                  <SP HEIGHT="51" WIDTH="17" VPOS="1410" HPOS="940"/>
                  <String HEIGHT="51"
                          WIDTH="226"
                          VPOS="1410"
                          HPOS="871"
                          CONTENT="probationem"/>
               </TextLine>
               <TextLine ID="r3l33"
                         BASELINE="1504"
                         HEIGHT="52"
                         WIDTH="848"
                         VPOS="1452"
                         HPOS="240">
                  <String HEIGHT="52"
                          WIDTH="225"
                          VPOS="1452"
                          HPOS="223"
                          CONTENT="dicendum,"/>
                  <SP HEIGHT="52" WIDTH="17" VPOS="1452" HPOS="448"/>
                  <String HEIGHT="52"
                          WIDTH="138"
                          VPOS="1452"
                          HPOS="396"
                          CONTENT="quod"/>
                  <SP HEIGHT="52" WIDTH="17" VPOS="1452" HPOS="534"/>
                  <String HEIGHT="52"
                          WIDTH="121"
                          VPOS="1452"
                          HPOS="482"
                          CONTENT="non"/>
                  <SP HEIGHT="52" WIDTH="17" VPOS="1452" HPOS="603"/>
                  <String HEIGHT="52"
                          WIDTH="156"
                          VPOS="1452"
                          HPOS="552"
                          CONTENT="omnes"/>
                  <SP HEIGHT="52" WIDTH="17" VPOS="1452" HPOS="707"/>
                  <String HEIGHT="52"
                          WIDTH="173"
                          VPOS="1452"
                          HPOS="655"
                          CONTENT="partes"/>
                  <SP HEIGHT="52" WIDTH="17" VPOS="1452" HPOS="828"/>
                  <String HEIGHT="52"
                          WIDTH="156"
                          VPOS="1452"
                          HPOS="776"
                          CONTENT="mundi"/>
                  <SP HEIGHT="52" WIDTH="17" VPOS="1452" HPOS="932"/>
                  <String HEIGHT="52"
                          WIDTH="225"
                          VPOS="1452"
                          HPOS="863"
                          CONTENT="purgabuntur"/>
               </TextLine>
               <TextLine ID="r3l34"
                         BASELINE="1536"
                         HEIGHT="48"
                         WIDTH="858"
                         VPOS="1488"
                         HPOS="238">
                  <String HEIGHT="48"
                          WIDTH="123"
                          VPOS="1488"
                          HPOS="223"
                          CONTENT="illo"/>
                  <SP HEIGHT="48" WIDTH="15" VPOS="1488" HPOS="345"/>
                  <String HEIGHT="48"
                          WIDTH="138"
                          VPOS="1488"
                          HPOS="299"
                          CONTENT="igne,"/>
                  <SP HEIGHT="48" WIDTH="15" VPOS="1488" HPOS="437"/>
                  <String HEIGHT="48"
                          WIDTH="123"
                          VPOS="1488"
                          HPOS="391"
                          CONTENT="quia"/>
                  <SP HEIGHT="48" WIDTH="15" VPOS="1488" HPOS="514"/>
                  <String HEIGHT="48"
                          WIDTH="107"
                          VPOS="1488"
                          HPOS="468"
                          CONTENT="non"/>
                  <SP HEIGHT="48" WIDTH="15" VPOS="1488" HPOS="575"/>
                  <String HEIGHT="48"
                          WIDTH="138"
                          VPOS="1488"
                          HPOS="529"
                          CONTENT="omnes"/>
                  <SP HEIGHT="48" WIDTH="15" VPOS="1488" HPOS="667"/>
                  <String HEIGHT="48"
                          WIDTH="138"
                          VPOS="1488"
                          HPOS="621"
                          CONTENT="erunt"/>
                  <SP HEIGHT="48" WIDTH="15" VPOS="1488" HPOS="759"/>
                  <String HEIGHT="48"
                          WIDTH="169"
                          VPOS="1488"
                          HPOS="713"
                          CONTENT="peccato"/>
                  <SP HEIGHT="48" WIDTH="15" VPOS="1488" HPOS="882"/>
                  <String HEIGHT="48"
                          WIDTH="199"
                          VPOS="1488"
                          HPOS="836"
                          CONTENT="maculate,"/>
                  <SP HEIGHT="48" WIDTH="15" VPOS="1488" HPOS="1035"/>
                  <String HEIGHT="48" WIDTH="92" VPOS="1488" HPOS="989" CONTENT="de"/>
                  <SP HEIGHT="48" WIDTH="15" VPOS="1488" HPOS="1081"/>
                  <String HEIGHT="48"
                          WIDTH="77"
                          VPOS="1488"
                          HPOS="1019"
                          CONTENT="qua"/>
               </TextLine>
               <TextLine ID="r3l35"
                         BASELINE="1582"
                         HEIGHT="52"
                         WIDTH="860"
                         VPOS="1530"
                         HPOS="234">
                  <String HEIGHT="52"
                          WIDTH="109"
                          VPOS="1530"
                          HPOS="218"
                          CONTENT="rum"/>
                  <SP HEIGHT="52" WIDTH="16" VPOS="1530" HPOS="328"/>
                  <String HEIGHT="52"
                          WIDTH="266"
                          VPOS="1530"
                          HPOS="281"
                          CONTENT="immaculatarum"/>
                  <SP HEIGHT="52" WIDTH="16" VPOS="1530" HPOS="547"/>
                  <String HEIGHT="52"
                          WIDTH="172"
                          VPOS="1530"
                          HPOS="500"
                          CONTENT="partium"/>
                  <SP HEIGHT="52" WIDTH="16" VPOS="1530" HPOS="672"/>
                  <String HEIGHT="52"
                          WIDTH="156"
                          VPOS="1530"
                          HPOS="625"
                          CONTENT="numero"/>
                  <SP HEIGHT="52" WIDTH="16" VPOS="1530" HPOS="781"/>
                  <String HEIGHT="52"
                          WIDTH="141"
                          VPOS="1530"
                          HPOS="734"
                          CONTENT="etiam"/>
                  <SP HEIGHT="52" WIDTH="16" VPOS="1530" HPOS="875"/>
                  <String HEIGHT="52"
                          WIDTH="125"
                          VPOS="1530"
                          HPOS="828"
                          CONTENT="erit"/>
                  <SP HEIGHT="52" WIDTH="16" VPOS="1530" HPOS="953"/>
                  <String HEIGHT="52"
                          WIDTH="125"
                          VPOS="1530"
                          HPOS="906"
                          CONTENT="iste"/>
                  <SP HEIGHT="52" WIDTH="16" VPOS="1530" HPOS="1031"/>
                  <String HEIGHT="52"
                          WIDTH="125"
                          VPOS="1530"
                          HPOS="969"
                          CONTENT="ignis."/>
               </TextLine>
               <TextLine ID="r3l36"
                         BASELINE="1617"
                         HEIGHT="52"
                         WIDTH="854"
                         VPOS="1565"
                         HPOS="231">
                  <String HEIGHT="52"
                          WIDTH="109"
                          VPOS="1565"
                          HPOS="215"
                          CONTENT="Nam"/>
                  <SP HEIGHT="52" WIDTH="16" VPOS="1565" HPOS="324"/>
                  <String HEIGHT="52"
                          WIDTH="124"
                          VPOS="1565"
                          HPOS="278"
                          CONTENT="ille"/>
                  <SP HEIGHT="52" WIDTH="16" VPOS="1565" HPOS="402"/>
                  <String HEIGHT="52"
                          WIDTH="140"
                          VPOS="1565"
                          HPOS="355"
                          CONTENT="ignis"/>
                  <SP HEIGHT="52" WIDTH="16" VPOS="1565" HPOS="495"/>
                  <String HEIGHT="52"
                          WIDTH="109"
                          VPOS="1565"
                          HPOS="448"
                          CONTENT="vel"/>
                  <SP HEIGHT="52" WIDTH="16" VPOS="1565" HPOS="557"/>
                  <String HEIGHT="52"
                          WIDTH="124"
                          VPOS="1565"
                          HPOS="510"
                          CONTENT="tunc"/>
                  <SP HEIGHT="52" WIDTH="16" VPOS="1565" HPOS="635"/>
                  <String HEIGHT="52"
                          WIDTH="124"
                          VPOS="1565"
                          HPOS="588"
                          CONTENT="erit"/>
                  <SP HEIGHT="52" WIDTH="16" VPOS="1565" HPOS="712"/>
                  <String HEIGHT="52" WIDTH="93" VPOS="1565" HPOS="666" CONTENT="de"/>
                  <SP HEIGHT="52" WIDTH="16" VPOS="1565" HPOS="759"/>
                  <String HEIGHT="52"
                          WIDTH="124"
                          VPOS="1565"
                          HPOS="712"
                          CONTENT="nouo"/>
                  <SP HEIGHT="52" WIDTH="16" VPOS="1565" HPOS="837"/>
                  <String HEIGHT="52"
                          WIDTH="217"
                          VPOS="1565"
                          HPOS="790"
                          CONTENT="generatus,"/>
                  <SP HEIGHT="52" WIDTH="16" VPOS="1565" HPOS="1007"/>
                  <String HEIGHT="52" WIDTH="93" VPOS="1565" HPOS="961" CONTENT="vt"/>
                  <SP HEIGHT="52" WIDTH="16" VPOS="1565" HPOS="1054"/>
                  <String HEIGHT="52"
                          WIDTH="93"
                          VPOS="1565"
                          HPOS="992"
                          CONTENT="dici"/>
               </TextLine>
               <TextLine ID="r3l37"
                         BASELINE="1653"
                         HEIGHT="44"
                         WIDTH="851"
                         VPOS="1609"
                         HPOS="231">
                  <String HEIGHT="44"
                          WIDTH="184"
                          VPOS="1609"
                          HPOS="214"
                          CONTENT="quaedam"/>
                  <SP HEIGHT="44" WIDTH="17" VPOS="1609" HPOS="398"/>
                  <String HEIGHT="44"
                          WIDTH="184"
                          VPOS="1609"
                          HPOS="348"
                          CONTENT="opinio,"/>
                  <SP HEIGHT="44" WIDTH="17" VPOS="1609" HPOS="531"/>
                  <String HEIGHT="44"
                          WIDTH="133"
                          VPOS="1609"
                          HPOS="481"
                          CONTENT="quae"/>
                  <SP HEIGHT="44" WIDTH="17" VPOS="1609" HPOS="615"/>
                  <String HEIGHT="44"
                          WIDTH="167"
                          VPOS="1609"
                          HPOS="565"
                          CONTENT="ponit,"/>
                  <SP HEIGHT="44" WIDTH="17" VPOS="1609" HPOS="732"/>
                  <String HEIGHT="44"
                          WIDTH="133"
                          VPOS="1609"
                          HPOS="682"
                          CONTENT="quod"/>
                  <SP HEIGHT="44" WIDTH="17" VPOS="1609" HPOS="815"/>
                  <String HEIGHT="44"
                          WIDTH="133"
                          VPOS="1609"
                          HPOS="765"
                          CONTENT="tunc"/>
                  <SP HEIGHT="44" WIDTH="17" VPOS="1609" HPOS="898"/>
                  <String HEIGHT="44"
                          WIDTH="200"
                          VPOS="1609"
                          HPOS="848"
                          CONTENT="temporis"/>
                  <SP HEIGHT="44" WIDTH="17" VPOS="1609" HPOS="1049"/>
                  <String HEIGHT="44"
                          WIDTH="100"
                          VPOS="1609"
                          HPOS="982"
                          CONTENT="omne"/>
               </TextLine>
               <TextLine ID="r3l38"
                         BASELINE="1694"
                         HEIGHT="47"
                         WIDTH="846"
                         VPOS="1647"
                         HPOS="236">
                  <String HEIGHT="47"
                          WIDTH="178"
                          VPOS="1647"
                          HPOS="221"
                          CONTENT="planete,"/>
                  <SP HEIGHT="47" WIDTH="15" VPOS="1647" HPOS="399"/>
                  <String HEIGHT="47"
                          WIDTH="104"
                          VPOS="1647"
                          HPOS="355"
                          CONTENT="qui"/>
                  <SP HEIGHT="47" WIDTH="15" VPOS="1647" HPOS="459"/>
                  <String HEIGHT="47"
                          WIDTH="119"
                          VPOS="1647"
                          HPOS="414"
                          CONTENT="sunt"/>
                  <SP HEIGHT="47" WIDTH="15" VPOS="1647" HPOS="533"/>
                  <String HEIGHT="47"
                          WIDTH="208"
                          VPOS="1647"
                          HPOS="488"
                          CONTENT="generatiui"/>
                  <SP HEIGHT="47" WIDTH="15" VPOS="1647" HPOS="696"/>
                  <String HEIGHT="47"
                          WIDTH="178"
                          VPOS="1647"
                          HPOS="652"
                          CONTENT="caloris,"/>
                  <SP HEIGHT="47" WIDTH="15" VPOS="1647" HPOS="830"/>
                  <String HEIGHT="47"
                          WIDTH="208"
                          VPOS="1647"
                          HPOS="785"
                          CONTENT="conuenient"/>
                  <SP HEIGHT="47" WIDTH="15" VPOS="1647" HPOS="993"/>
                  <String HEIGHT="47" WIDTH="89" VPOS="1647" HPOS="948" CONTENT="in"/>
                  <SP HEIGHT="47" WIDTH="15" VPOS="1647" HPOS="1037"/>
                  <String HEIGHT="47"
                          WIDTH="104"
                          VPOS="1647"
                          HPOS="978"
                          CONTENT="leone"/>
               </TextLine>
               <TextLine ID="r3l39"
                         BASELINE="1727"
                         HEIGHT="44"
                         WIDTH="836"
                         VPOS="1683"
                         HPOS="242">
                  <String HEIGHT="44" WIDTH="98" VPOS="1683" HPOS="228" CONTENT="vel"/>
                  <SP HEIGHT="44" WIDTH="14" VPOS="1683" HPOS="326"/>
                  <String HEIGHT="44" WIDTH="84" VPOS="1683" HPOS="284" CONTENT="in"/>
                  <SP HEIGHT="44" WIDTH="14" VPOS="1683" HPOS="367"/>
                  <String HEIGHT="44"
                          WIDTH="125"
                          VPOS="1683"
                          HPOS="326"
                          CONTENT="aliis"/>
                  <SP HEIGHT="44" WIDTH="14" VPOS="1683" HPOS="451"/>
                  <String HEIGHT="44"
                          WIDTH="139"
                          VPOS="1683"
                          HPOS="409"
                          CONTENT="signis"/>
                  <SP HEIGHT="44" WIDTH="14" VPOS="1683" HPOS="549"/>
                  <String HEIGHT="44"
                          WIDTH="237"
                          VPOS="1683"
                          HPOS="507"
                          CONTENT="calidissimis,"/>
                  <SP HEIGHT="44" WIDTH="14" VPOS="1683" HPOS="744"/>
                  <String HEIGHT="44"
                          WIDTH="125"
                          VPOS="1683"
                          HPOS="702"
                          CONTENT="sicut"/>
                  <SP HEIGHT="44" WIDTH="14" VPOS="1683" HPOS="827"/>
                  <String HEIGHT="44"
                          WIDTH="153"
                          VPOS="1683"
                          HPOS="785"
                          CONTENT="tempore"/>
                  <SP HEIGHT="44" WIDTH="14" VPOS="1683" HPOS="939"/>
                  <String HEIGHT="44"
                          WIDTH="153"
                          VPOS="1683"
                          HPOS="897"
                          CONTENT="diluuij"/>
                  <SP HEIGHT="44" WIDTH="14" VPOS="1683" HPOS="1050"/>
                  <String HEIGHT="44"
                          WIDTH="84"
                          VPOS="1683"
                          HPOS="994"
                          CONTENT="omne"/>
               </TextLine>
               <TextLine ID="r3l40"
                         BASELINE="1773"
                         HEIGHT="47"
                         WIDTH="853"
                         VPOS="1726"
                         HPOS="238">
                  <String HEIGHT="47"
                          WIDTH="180"
                          VPOS="1726"
                          HPOS="223"
                          CONTENT="planetae"/>
                  <SP HEIGHT="47" WIDTH="15" VPOS="1726" HPOS="403"/>
                  <String HEIGHT="47"
                          WIDTH="239"
                          VPOS="1726"
                          HPOS="358"
                          CONTENT="conueniebant"/>
                  <SP HEIGHT="47" WIDTH="15" VPOS="1726" HPOS="597"/>
                  <String HEIGHT="47" WIDTH="90" VPOS="1726" HPOS="552" CONTENT="in"/>
                  <SP HEIGHT="47" WIDTH="15" VPOS="1726" HPOS="642"/>
                  <String HEIGHT="47"
                          WIDTH="180"
                          VPOS="1726"
                          HPOS="597"
                          CONTENT="aquario:"/>
                  <SP HEIGHT="47" WIDTH="15" VPOS="1726" HPOS="777"/>
                  <String HEIGHT="47" WIDTH="75" VPOS="1726" HPOS="732" CONTENT="&amp;"/>
                  <SP HEIGHT="47" WIDTH="15" VPOS="1726" HPOS="807"/>
                  <String HEIGHT="47"
                          WIDTH="120"
                          VPOS="1726"
                          HPOS="762"
                          CONTENT="ideo"/>
                  <SP HEIGHT="47" WIDTH="15" VPOS="1726" HPOS="881"/>
                  <String HEIGHT="47"
                          WIDTH="135"
                          VPOS="1726"
                          HPOS="837"
                          CONTENT="sicut"/>
                  <SP HEIGHT="47" WIDTH="15" VPOS="1726" HPOS="971"/>
                  <String HEIGHT="47"
                          WIDTH="120"
                          VPOS="1726"
                          HPOS="926"
                          CONTENT="tunc"/>
                  <SP HEIGHT="47" WIDTH="15" VPOS="1726" HPOS="1046"/>
                  <String HEIGHT="47"
                          WIDTH="105"
                          VPOS="1726"
                          HPOS="986"
                          CONTENT="ratio"/>
               </TextLine>
               <TextLine ID="r3l41"
                         BASELINE="1818"
                         HEIGHT="50"
                         WIDTH="848"
                         VPOS="1768"
                         HPOS="234">
                  <String HEIGHT="50" WIDTH="98" VPOS="1768" HPOS="218" CONTENT="ne"/>
                  <SP HEIGHT="50" WIDTH="16" VPOS="1768" HPOS="316"/>
                  <String HEIGHT="50"
                          WIDTH="163"
                          VPOS="1768"
                          HPOS="267"
                          CONTENT="illius"/>
                  <SP HEIGHT="50" WIDTH="16" VPOS="1768" HPOS="430"/>
                  <String HEIGHT="50"
                          WIDTH="277"
                          VPOS="1768"
                          HPOS="381"
                          CONTENT="conuentionis,"/>
                  <SP HEIGHT="50" WIDTH="16" VPOS="1768" HPOS="658"/>
                  <String HEIGHT="50"
                          WIDTH="147"
                          VPOS="1768"
                          HPOS="609"
                          CONTENT="aquae"/>
                  <SP HEIGHT="50" WIDTH="16" VPOS="1768" HPOS="756"/>
                  <String HEIGHT="50"
                          WIDTH="245"
                          VPOS="1768"
                          HPOS="707"
                          CONTENT="redundabant"/>
                  <SP HEIGHT="50" WIDTH="16" VPOS="1768" HPOS="952"/>
                  <String HEIGHT="50"
                          WIDTH="147"
                          VPOS="1768"
                          HPOS="903"
                          CONTENT="super"/>
                  <SP HEIGHT="50" WIDTH="16" VPOS="1768" HPOS="1049"/>
                  <String HEIGHT="50"
                          WIDTH="98"
                          VPOS="1768"
                          HPOS="984"
                          CONTENT="omne"/>
               </TextLine>
               <TextLine ID="r3l42"
                         BASELINE="1847"
                         HEIGHT="41"
                         WIDTH="861"
                         VPOS="1806"
                         HPOS="225">
                  <String HEIGHT="41"
                          WIDTH="169"
                          VPOS="1806"
                          HPOS="210"
                          CONTENT="montes,"/>
                  <SP HEIGHT="41" WIDTH="15" VPOS="1806" HPOS="379"/>
                  <String HEIGHT="41"
                          WIDTH="108"
                          VPOS="1806"
                          HPOS="333"
                          CONTENT="sic"/>
                  <SP HEIGHT="41" WIDTH="15" VPOS="1806" HPOS="440"/>
                  <String HEIGHT="41" WIDTH="77" VPOS="1806" HPOS="394" CONTENT="&amp;"/>
                  <SP HEIGHT="41" WIDTH="15" VPOS="1806" HPOS="471"/>
                  <String HEIGHT="41" WIDTH="92" VPOS="1806" HPOS="425" CONTENT="in"/>
                  <SP HEIGHT="41" WIDTH="15" VPOS="1806" HPOS="517"/>
                  <String HEIGHT="41"
                          WIDTH="123"
                          VPOS="1806"
                          HPOS="471"
                          CONTENT="fine"/>
                  <SP HEIGHT="41" WIDTH="15" VPOS="1806" HPOS="594"/>
                  <String HEIGHT="41"
                          WIDTH="154"
                          VPOS="1806"
                          HPOS="548"
                          CONTENT="seculi"/>
                  <SP HEIGHT="41" WIDTH="15" VPOS="1806" HPOS="702"/>
                  <String HEIGHT="41"
                          WIDTH="138"
                          VPOS="1806"
                          HPOS="656"
                          CONTENT="ignis"/>
                  <SP HEIGHT="41" WIDTH="15" VPOS="1806" HPOS="794"/>
                  <String HEIGHT="41"
                          WIDTH="231"
                          VPOS="1806"
                          HPOS="748"
                          CONTENT="redundabit."/>
                  <SP HEIGHT="41" WIDTH="15" VPOS="1806" HPOS="978"/>
                  <String HEIGHT="41"
                          WIDTH="108"
                          VPOS="1806"
                          HPOS="932"
                          CONTENT="Vel"/>
                  <SP HEIGHT="41" WIDTH="15" VPOS="1806" HPOS="1040"/>
                  <String HEIGHT="41"
                          WIDTH="108"
                          VPOS="1806"
                          HPOS="978"
                          CONTENT="sicui"/>
               </TextLine>
               <TextLine ID="r3l43"
                         BASELINE="1887"
                         HEIGHT="42"
                         WIDTH="858"
                         VPOS="1845"
                         HPOS="229">
                  <String HEIGHT="42"
                          WIDTH="131"
                          VPOS="1845"
                          HPOS="214"
                          CONTENT="dicit"/>
                  <SP HEIGHT="42" WIDTH="15" VPOS="1845" HPOS="345"/>
                  <String HEIGHT="42"
                          WIDTH="116"
                          VPOS="1845"
                          HPOS="302"
                          CONTENT="alia"/>
                  <SP HEIGHT="42" WIDTH="15" VPOS="1845" HPOS="418"/>
                  <String HEIGHT="42"
                          WIDTH="160"
                          VPOS="1845"
                          HPOS="374"
                          CONTENT="opinio,"/>
                  <SP HEIGHT="42" WIDTH="15" VPOS="1845" HPOS="534"/>
                  <String HEIGHT="42"
                          WIDTH="116"
                          VPOS="1845"
                          HPOS="491"
                          CONTENT="iste"/>
                  <SP HEIGHT="42" WIDTH="15" VPOS="1845" HPOS="607"/>
                  <String HEIGHT="42"
                          WIDTH="131"
                          VPOS="1845"
                          HPOS="563"
                          CONTENT="ignis"/>
                  <SP HEIGHT="42" WIDTH="15" VPOS="1845" HPOS="694"/>
                  <String HEIGHT="42"
                          WIDTH="291"
                          VPOS="1845"
                          HPOS="651"
                          CONTENT="supernaturaliter"/>
                  <SP HEIGHT="42" WIDTH="15" VPOS="1845" HPOS="942"/>
                  <String HEIGHT="42"
                          WIDTH="189"
                          VPOS="1845"
                          HPOS="898"
                          CONTENT="creabitur"/>
                  <SP HEIGHT="42" WIDTH="15" VPOS="1845" HPOS="1087"/>
                  <String HEIGHT="42" WIDTH="58" VPOS="1845" HPOS="1029" CONTENT="ab"/>
               </TextLine>
               <TextLine ID="r3l44"
                         BASELINE="1923"
                         HEIGHT="43"
                         WIDTH="862"
                         VPOS="1880"
                         HPOS="225">
                  <String HEIGHT="43"
                          WIDTH="121"
                          VPOS="1880"
                          HPOS="210"
                          CONTENT="ipso"/>
                  <SP HEIGHT="43" WIDTH="15" VPOS="1880" HPOS="331"/>
                  <String HEIGHT="43"
                          WIDTH="121"
                          VPOS="1880"
                          HPOS="285"
                          CONTENT="Deo,"/>
                  <SP HEIGHT="43" WIDTH="15" VPOS="1880" HPOS="406"/>
                  <String HEIGHT="43"
                          WIDTH="106"
                          VPOS="1880"
                          HPOS="361"
                          CONTENT="vel"/>
                  <SP HEIGHT="43" WIDTH="15" VPOS="1880" HPOS="467"/>
                  <String HEIGHT="43"
                          WIDTH="197"
                          VPOS="1880"
                          HPOS="422"
                          CONTENT="concurret"/>
                  <SP HEIGHT="43" WIDTH="15" VPOS="1880" HPOS="618"/>
                  <String HEIGHT="43"
                          WIDTH="121"
                          VPOS="1880"
                          HPOS="573"
                          CONTENT="iste"/>
                  <SP HEIGHT="43" WIDTH="15" VPOS="1880" HPOS="694"/>
                  <String HEIGHT="43"
                          WIDTH="136"
                          VPOS="1880"
                          HPOS="648"
                          CONTENT="ignis"/>
                  <SP HEIGHT="43" WIDTH="15" VPOS="1880" HPOS="785"/>
                  <String HEIGHT="43" WIDTH="91" VPOS="1880" HPOS="739" CONTENT="de"/>
                  <SP HEIGHT="43" WIDTH="15" VPOS="1880" HPOS="830"/>
                  <String HEIGHT="43"
                          WIDTH="181"
                          VPOS="1880"
                          HPOS="785"
                          CONTENT="extremis"/>
                  <SP HEIGHT="43" WIDTH="15" VPOS="1880" HPOS="966"/>
                  <String HEIGHT="43"
                          WIDTH="136"
                          VPOS="1880"
                          HPOS="921"
                          CONTENT="mundi"/>
                  <SP HEIGHT="43" WIDTH="15" VPOS="1880" HPOS="1057"/>
                  <String HEIGHT="43"
                          WIDTH="91"
                          VPOS="1880"
                          HPOS="996"
                          CONTENT="par"
                          SUBS_TYPE="HypPart1"
                          SUBS_CONTENT="partibus,"/>
                  <HYP CONTENT="-"/>
               </TextLine>
               <TextLine ID="r3l45"
                         BASELINE="1963"
                         HEIGHT="42"
                         WIDTH="852"
                         VPOS="1921"
                         HPOS="235">
                  <String HEIGHT="42"
                          WIDTH="144"
                          VPOS="1921"
                          HPOS="221"
                          CONTENT="tibus,"
                          SUBS_TYPE="HypPart2"
                          SUBS_CONTENT="partibus,"/>
                  <SP HEIGHT="42" WIDTH="14" VPOS="1921" HPOS="365"/>
                  <String HEIGHT="42"
                          WIDTH="116"
                          VPOS="1921"
                          HPOS="322"
                          CONTENT="puta"/>
                  <SP HEIGHT="42" WIDTH="14" VPOS="1921" HPOS="437"/>
                  <String HEIGHT="42"
                          WIDTH="173"
                          VPOS="1921"
                          HPOS="394"
                          CONTENT="desuper,"/>
                  <SP HEIGHT="42" WIDTH="14" VPOS="1921" HPOS="567"/>
                  <String HEIGHT="42" WIDTH="87" VPOS="1921" HPOS="524" CONTENT="de"/>
                  <SP HEIGHT="42" WIDTH="14" VPOS="1921" HPOS="610"/>
                  <String HEIGHT="42"
                          WIDTH="159"
                          VPOS="1921"
                          HPOS="567"
                          CONTENT="sphaera"/>
                  <SP HEIGHT="42" WIDTH="14" VPOS="1921" HPOS="726"/>
                  <String HEIGHT="42"
                          WIDTH="144"
                          VPOS="1921"
                          HPOS="683"
                          CONTENT="ignis,"/>
                  <SP HEIGHT="42" WIDTH="14" VPOS="1921" HPOS="827"/>
                  <String HEIGHT="42"
                          WIDTH="130"
                          VPOS="1921"
                          HPOS="784"
                          CONTENT="sicut"/>
                  <SP HEIGHT="42" WIDTH="14" VPOS="1921" HPOS="914"/>
                  <String HEIGHT="42"
                          WIDTH="159"
                          VPOS="1921"
                          HPOS="870"
                          CONTENT="videtur"/>
                  <SP HEIGHT="42" WIDTH="14" VPOS="1921" HPOS="1029"/>
                  <String HEIGHT="42"
                          WIDTH="116"
                          VPOS="1921"
                          HPOS="971"
                          CONTENT="dicere"/>
               </TextLine>
               <TextLine ID="r3l46"
                         BASELINE="2008"
                         HEIGHT="46"
                         WIDTH="863"
                         VPOS="1962"
                         HPOS="225">
                  <String HEIGHT="46"
                          WIDTH="160"
                          VPOS="1962"
                          HPOS="209"
                          CONTENT="beatus"/>
                  <SP HEIGHT="46" WIDTH="16" VPOS="1962" HPOS="369"/>
                  <String HEIGHT="46"
                          WIDTH="240"
                          VPOS="1962"
                          HPOS="321"
                          CONTENT="Augustinus."/>
                  <SP HEIGHT="46" WIDTH="16" VPOS="1962" HPOS="561"/>
                  <String HEIGHT="46" WIDTH="96" VPOS="1962" HPOS="513" CONTENT="Et"/>
                  <SP HEIGHT="46" WIDTH="16" VPOS="1962" HPOS="609"/>
                  <String HEIGHT="46"
                          WIDTH="224"
                          VPOS="1962"
                          HPOS="561"
                          CONTENT="quaecunque"/>
                  <SP HEIGHT="46" WIDTH="16" VPOS="1962" HPOS="784"/>
                  <String HEIGHT="46"
                          WIDTH="176"
                          VPOS="1962"
                          HPOS="736"
                          CONTENT="istarum"/>
                  <SP HEIGHT="46" WIDTH="16" VPOS="1962" HPOS="912"/>
                  <String HEIGHT="46"
                          WIDTH="208"
                          VPOS="1962"
                          HPOS="864"
                          CONTENT="opinionum"/>
                  <SP HEIGHT="46" WIDTH="16" VPOS="1962" HPOS="1072"/>
                  <String HEIGHT="46"
                          WIDTH="80"
                          VPOS="1962"
                          HPOS="1008"
                          CONTENT="te"
                          SUBS_TYPE="HypPart1"
                          SUBS_CONTENT="teneatur,"/>
                  <HYP CONTENT="-"/>
               </TextLine>
               <TextLine ID="r3l47"
                         BASELINE="2046"
                         HEIGHT="44"
                         WIDTH="847"
                         VPOS="2002"
                         HPOS="238">
                  <String HEIGHT="44"
                          WIDTH="166"
                          VPOS="2002"
                          HPOS="223"
                          CONTENT="neatur,"
                          SUBS_TYPE="HypPart2"
                          SUBS_CONTENT="teneatur,"/>
                  <SP HEIGHT="44" WIDTH="15" VPOS="2002" HPOS="389"/>
                  <String HEIGHT="44"
                          WIDTH="151"
                          VPOS="2002"
                          HPOS="344"
                          CONTENT="semper"/>
                  <SP HEIGHT="44" WIDTH="15" VPOS="2002" HPOS="495"/>
                  <String HEIGHT="44"
                          WIDTH="151"
                          VPOS="2002"
                          HPOS="450"
                          CONTENT="patet,"/>
                  <SP HEIGHT="44" WIDTH="15" VPOS="2002" HPOS="601"/>
                  <String HEIGHT="44"
                          WIDTH="121"
                          VPOS="2002"
                          HPOS="556"
                          CONTENT="quod"/>
                  <SP HEIGHT="44" WIDTH="15" VPOS="2002" HPOS="677"/>
                  <String HEIGHT="44"
                          WIDTH="121"
                          VPOS="2002"
                          HPOS="631"
                          CONTENT="iste"/>
                  <SP HEIGHT="44" WIDTH="15" VPOS="2002" HPOS="752"/>
                  <String HEIGHT="44"
                          WIDTH="136"
                          VPOS="2002"
                          HPOS="707"
                          CONTENT="ignis"/>
                  <SP HEIGHT="44" WIDTH="15" VPOS="2002" HPOS="843"/>
                  <String HEIGHT="44"
                          WIDTH="212"
                          VPOS="2002"
                          HPOS="798"
                          CONTENT="purgatiuus"/>
                  <SP HEIGHT="44" WIDTH="15" VPOS="2002" HPOS="1009"/>
                  <String HEIGHT="44"
                          WIDTH="106"
                          VPOS="2002"
                          HPOS="964"
                          CONTENT="non"/>
                  <SP HEIGHT="44" WIDTH="15" VPOS="2002" HPOS="1070"/>
                  <String HEIGHT="44"
                          WIDTH="76"
                          VPOS="2002"
                          HPOS="1009"
                          CONTENT="ind"/>
               </TextLine>
               <TextLine ID="r3l48"
                         BASELINE="2098"
                         HEIGHT="49"
                         WIDTH="860"
                         VPOS="2049"
                         HPOS="225">
                  <String HEIGHT="49"
                          WIDTH="116"
                          VPOS="2049"
                          HPOS="208"
                          CONTENT="get"/>
                  <SP HEIGHT="49" WIDTH="17" VPOS="2049" HPOS="324"/>
                  <String HEIGHT="49"
                          WIDTH="248"
                          VPOS="2049"
                          HPOS="275"
                          CONTENT="purgatione:"/>
                  <SP HEIGHT="49" WIDTH="17" VPOS="2049" HPOS="523"/>
                  <String HEIGHT="49"
                          WIDTH="116"
                          VPOS="2049"
                          HPOS="473"
                          CONTENT="eo,"/>
                  <SP HEIGHT="49" WIDTH="17" VPOS="2049" HPOS="589"/>
                  <String HEIGHT="49"
                          WIDTH="132"
                          VPOS="2049"
                          HPOS="539"
                          CONTENT="quod"/>
                  <SP HEIGHT="49" WIDTH="17" VPOS="2049" HPOS="672"/>
                  <String HEIGHT="49"
                          WIDTH="232"
                          VPOS="2049"
                          HPOS="622"
                          CONTENT="immunditia"/>
                  <SP HEIGHT="49" WIDTH="17" VPOS="2049" HPOS="853"/>
                  <String HEIGHT="49"
                          WIDTH="232"
                          VPOS="2049"
                          HPOS="804"
                          CONTENT="peccatorum"/>
                  <SP HEIGHT="49" WIDTH="17" VPOS="2049" HPOS="1035"/>
                  <String HEIGHT="49"
                          WIDTH="116"
                          VPOS="2049"
                          HPOS="969"
                          CONTENT="istum"/>
               </TextLine>
               <TextLine ID="r3l49"
                         BASELINE="2134"
                         HEIGHT="57"
                         WIDTH="858"
                         VPOS="2077"
                         HPOS="235">
                  <String HEIGHT="57"
                          WIDTH="162"
                          VPOS="2077"
                          HPOS="219"
                          CONTENT="nignem"/>
                  <SP HEIGHT="57" WIDTH="16" VPOS="2077" HPOS="381"/>
                  <String HEIGHT="57"
                          WIDTH="113"
                          VPOS="2077"
                          HPOS="332"
                          CONTENT="non"/>
                  <SP HEIGHT="57" WIDTH="16" VPOS="2077" HPOS="445"/>
                  <String HEIGHT="57"
                          WIDTH="210"
                          VPOS="2077"
                          HPOS="397"
                          CONTENT="attinget."/>
                  <SP HEIGHT="57" WIDTH="16" VPOS="2077" HPOS="607"/>
                  <String HEIGHT="57"
                          WIDTH="146"
                          VPOS="2077"
                          HPOS="559"
                          CONTENT="Fumus"/>
                  <SP HEIGHT="57" WIDTH="16" VPOS="2077" HPOS="704"/>
                  <String HEIGHT="57"
                          WIDTH="130"
                          VPOS="2077"
                          HPOS="656"
                          CONTENT="enim"/>
                  <SP HEIGHT="57" WIDTH="16" VPOS="2077" HPOS="785"/>
                  <String HEIGHT="57"
                          WIDTH="194"
                          VPOS="2077"
                          HPOS="737"
                          CONTENT="turpium,"/>
                  <SP HEIGHT="57" WIDTH="16" VPOS="2077" HPOS="931"/>
                  <String HEIGHT="57" WIDTH="81" VPOS="2077" HPOS="883" CONTENT="&amp;"/>
                  <SP HEIGHT="57" WIDTH="16" VPOS="2077" HPOS="963"/>
                  <String HEIGHT="57"
                          WIDTH="194"
                          VPOS="2077"
                          HPOS="899"
                          CONTENT="nefandorum"/>
               </TextLine>
               <TextLine ID="r3l50"
                         BASELINE="2167"
                         HEIGHT="49"
                         WIDTH="849"
                         VPOS="2118"
                         HPOS="235">
                  <String HEIGHT="49"
                          WIDTH="249"
                          VPOS="2118"
                          HPOS="220"
                          CONTENT="sacrisiciorum"/>
                  <SP HEIGHT="49" WIDTH="15" VPOS="2118" HPOS="469"/>
                  <String HEIGHT="49"
                          WIDTH="161"
                          VPOS="2118"
                          HPOS="425"
                          CONTENT="ipsorum"/>
                  <SP HEIGHT="49" WIDTH="15" VPOS="2118" HPOS="586"/>
                  <String HEIGHT="49"
                          WIDTH="190"
                          VPOS="2118"
                          HPOS="542"
                          CONTENT="idolorum,"/>
                  <SP HEIGHT="49" WIDTH="15" VPOS="2118" HPOS="733"/>
                  <String HEIGHT="49"
                          WIDTH="132"
                          VPOS="2118"
                          HPOS="689"
                          CONTENT="vsque"/>
                  <SP HEIGHT="49" WIDTH="15" VPOS="2118" HPOS="821"/>
                  <String HEIGHT="49" WIDTH="88" VPOS="2118" HPOS="777" CONTENT="ad"/>
                  <SP HEIGHT="49" WIDTH="15" VPOS="2118" HPOS="864"/>
                  <String HEIGHT="49"
                          WIDTH="220"
                          VPOS="2118"
                          HPOS="821"
                          CONTENT="altitudinem"/>
                  <SP HEIGHT="49" WIDTH="15" VPOS="2118" HPOS="1040"/>
                  <String HEIGHT="49"
                          WIDTH="102"
                          VPOS="2118"
                          HPOS="982"
                          CONTENT="sphae"/>
               </TextLine>
               <TextLine ID="r3l51"
                         BASELINE="2200"
                         HEIGHT="43"
                         WIDTH="851"
                         VPOS="2157"
                         HPOS="235">
                  <String HEIGHT="43"
                          WIDTH="101"
                          VPOS="2157"
                          HPOS="221"
                          CONTENT="rae"/>
                  <SP HEIGHT="43" WIDTH="14" VPOS="2157" HPOS="322"/>
                  <String HEIGHT="43"
                          WIDTH="130"
                          VPOS="2157"
                          HPOS="278"
                          CONTENT="ignis"/>
                  <SP HEIGHT="43" WIDTH="14" VPOS="2157" HPOS="408"/>
                  <String HEIGHT="43"
                          WIDTH="101"
                          VPOS="2157"
                          HPOS="365"
                          CONTENT="nen"/>
                  <SP HEIGHT="43" WIDTH="14" VPOS="2157" HPOS="466"/>
                  <String HEIGHT="43"
                          WIDTH="188"
                          VPOS="2157"
                          HPOS="423"
                          CONTENT="ascendet,"/>
                  <SP HEIGHT="43" WIDTH="14" VPOS="2157" HPOS="610"/>
                  <String HEIGHT="43" WIDTH="87" VPOS="2157" HPOS="567" CONTENT="vt"/>
                  <SP HEIGHT="43" WIDTH="14" VPOS="2157" HPOS="653"/>
                  <String HEIGHT="43"
                          WIDTH="101"
                          VPOS="2157"
                          HPOS="610"
                          CONTENT="iam"/>
                  <SP HEIGHT="43" WIDTH="14" VPOS="2157" HPOS="711"/>
                  <String HEIGHT="43"
                          WIDTH="144"
                          VPOS="2157"
                          HPOS="668"
                          CONTENT="patuit"/>
                  <SP HEIGHT="43" WIDTH="14" VPOS="2157" HPOS="812"/>
                  <String HEIGHT="43" WIDTH="87" VPOS="2157" HPOS="769" CONTENT="ex"/>
                  <SP HEIGHT="43" WIDTH="14" VPOS="2157" HPOS="855"/>
                  <String HEIGHT="43"
                          WIDTH="130"
                          VPOS="2157"
                          HPOS="812"
                          CONTENT="dicto"/>
                  <SP HEIGHT="43" WIDTH="14" VPOS="2157" HPOS="942"/>
                  <String HEIGHT="43"
                          WIDTH="144"
                          VPOS="2157"
                          HPOS="898"
                          CONTENT="ipsius"/>
                  <SP HEIGHT="43" WIDTH="14" VPOS="2157" HPOS="1043"/>
                  <String HEIGHT="43"
                          WIDTH="101"
                          VPOS="2157"
                          HPOS="985"
                          CONTENT="Nedae"/>
               </TextLine>
               <TextLine ID="r3l52"
                         BASELINE="2246"
                         HEIGHT="46"
                         WIDTH="859"
                         VPOS="2200"
                         HPOS="235">
                  <String HEIGHT="46"
                          WIDTH="109"
                          VPOS="2200"
                          HPOS="219"
                          CONTENT="Cum"/>
                  <SP HEIGHT="46" WIDTH="16" VPOS="2200" HPOS="329"/>
                  <String HEIGHT="46"
                          WIDTH="156"
                          VPOS="2200"
                          HPOS="282"
                          CONTENT="igitur"/>
                  <SP HEIGHT="46" WIDTH="16" VPOS="2200" HPOS="438"/>
                  <String HEIGHT="46"
                          WIDTH="187"
                          VPOS="2200"
                          HPOS="391"
                          CONTENT="dicitur,"/>
                  <SP HEIGHT="46" WIDTH="16" VPOS="2200" HPOS="579"/>
                  <String HEIGHT="46"
                          WIDTH="156"
                          VPOS="2200"
                          HPOS="532"
                          CONTENT="mundus"/>
                  <SP HEIGHT="46" WIDTH="16" VPOS="2200" HPOS="688"/>
                  <String HEIGHT="46"
                          WIDTH="203"
                          VPOS="2200"
                          HPOS="641"
                          CONTENT="purgatur;"/>
                  <SP HEIGHT="46" WIDTH="16" VPOS="2200" HPOS="844"/>
                  <String HEIGHT="46"
                          WIDTH="125"
                          VPOS="2200"
                          HPOS="797"
                          CONTENT="ista"/>
                  <SP HEIGHT="46" WIDTH="16" VPOS="2200" HPOS="922"/>
                  <String HEIGHT="46"
                          WIDTH="203"
                          VPOS="2200"
                          HPOS="875"
                          CONTENT="proposito"/>
                  <SP HEIGHT="46" WIDTH="16" VPOS="2200" HPOS="1078"/>
                  <String HEIGHT="46"
                          WIDTH="78"
                          VPOS="2200"
                          HPOS="1016"
                          CONTENT="est"/>
               </TextLine>
               <TextLine ID="r3l53"
                         BASELINE="2286"
                         HEIGHT="47"
                         WIDTH="853"
                         VPOS="2239"
                         HPOS="231">
                  <String HEIGHT="47"
                          WIDTH="129"
                          VPOS="2239"
                          HPOS="215"
                          CONTENT="vera"/>
                  <SP HEIGHT="47" WIDTH="16" VPOS="2239" HPOS="344"/>
                  <String HEIGHT="47"
                          WIDTH="113"
                          VPOS="2239"
                          HPOS="295"
                          CONTENT="per"/>
                  <SP HEIGHT="47" WIDTH="16" VPOS="2239" HPOS="408"/>
                  <String HEIGHT="47"
                          WIDTH="241"
                          VPOS="2239"
                          HPOS="360"
                          CONTENT="svnedochen,"/>
                  <SP HEIGHT="47" WIDTH="16" VPOS="2239" HPOS="601"/>
                  <String HEIGHT="47"
                          WIDTH="193"
                          VPOS="2239"
                          HPOS="553"
                          CONTENT="secundum"/>
                  <SP HEIGHT="47" WIDTH="16" VPOS="2239" HPOS="746"/>
                  <String HEIGHT="47"
                          WIDTH="129"
                          VPOS="2239"
                          HPOS="698"
                          CONTENT="quam"/>
                  <SP HEIGHT="47" WIDTH="16" VPOS="2239" HPOS="826"/>
                  <String HEIGHT="47"
                          WIDTH="177"
                          VPOS="2239"
                          HPOS="778"
                          CONTENT="figuram"/>
                  <SP HEIGHT="47" WIDTH="16" VPOS="2239" HPOS="955"/>
                  <String HEIGHT="47"
                          WIDTH="129"
                          VPOS="2239"
                          HPOS="907"
                          CONTENT="pars"/>
                  <SP HEIGHT="47" WIDTH="16" VPOS="2239" HPOS="1036"/>
                  <String HEIGHT="47"
                          WIDTH="113"
                          VPOS="2239"
                          HPOS="971"
                          CONTENT="acci"
                          SUBS_TYPE="HypPart1"
                          SUBS_CONTENT="accipitur"/>
                  <HYP CONTENT="-"/>
               </TextLine>
               <TextLine ID="r3l54"
                         BASELINE="2325"
                         HEIGHT="45"
                         WIDTH="871"
                         VPOS="2280"
                         HPOS="226">
                  <String HEIGHT="45"
                          WIDTH="135"
                          VPOS="2280"
                          HPOS="211"
                          CONTENT="pitur"
                          SUBS_TYPE="HypPart2"
                          SUBS_CONTENT="accipitur"/>
                  <SP HEIGHT="45" WIDTH="15" VPOS="2280" HPOS="346"/>
                  <String HEIGHT="45"
                          WIDTH="105"
                          VPOS="2280"
                          HPOS="301"
                          CONTENT="pro"/>
                  <SP HEIGHT="45" WIDTH="15" VPOS="2280" HPOS="406"/>
                  <String HEIGHT="45"
                          WIDTH="135"
                          VPOS="2280"
                          HPOS="361"
                          CONTENT="toto,"/>
                  <SP HEIGHT="45" WIDTH="15" VPOS="2280" HPOS="496"/>
                  <String HEIGHT="45"
                          WIDTH="120"
                          VPOS="2280"
                          HPOS="451"
                          CONTENT="quia"/>
                  <SP HEIGHT="45" WIDTH="15" VPOS="2280" HPOS="571"/>
                  <String HEIGHT="45"
                          WIDTH="225"
                          VPOS="2280"
                          HPOS="526"
                          CONTENT="verificatur"/>
                  <SP HEIGHT="45" WIDTH="15" VPOS="2280" HPOS="752"/>
                  <String HEIGHT="45"
                          WIDTH="105"
                          VPOS="2280"
                          HPOS="707"
                          CONTENT="pro"/>
                  <SP HEIGHT="45" WIDTH="15" VPOS="2280" HPOS="812"/>
                  <String HEIGHT="45"
                          WIDTH="135"
                          VPOS="2280"
                          HPOS="767"
                          CONTENT="illis"/>
                  <SP HEIGHT="45" WIDTH="15" VPOS="2280" HPOS="902"/>
                  <String HEIGHT="45"
                          WIDTH="180"
                          VPOS="2280"
                          HPOS="857"
                          CONTENT="partibus"/>
                  <SP HEIGHT="45" WIDTH="15" VPOS="2280" HPOS="1037"/>
                  <String HEIGHT="45"
                          WIDTH="120"
                          VPOS="2280"
                          HPOS="977"
                          CONTENT="mundi,"/>
               </TextLine>
               <TextLine ID="r3l55"
                         BASELINE="2369"
                         HEIGHT="43"
                         WIDTH="378"
                         VPOS="2326"
                         HPOS="237">
                  <String HEIGHT="43"
                          WIDTH="121"
                          VPOS="2326"
                          HPOS="222"
                          CONTENT="quae"/>
                  <SP HEIGHT="43" WIDTH="15" VPOS="2326" HPOS="343"/>
                  <String HEIGHT="43"
                          WIDTH="227"
                          VPOS="2326"
                          HPOS="297"
                          CONTENT="inficientur"/>
                  <SP HEIGHT="43" WIDTH="15" VPOS="2326" HPOS="524"/>
                  <String HEIGHT="43"
                          WIDTH="151"
                          VPOS="2326"
                          HPOS="464"
                          CONTENT="peccato."/>
               </TextLine>
               <TextLine ID="r3l56"
                         BASELINE="2409"
                         HEIGHT="50"
                         WIDTH="816"
                         VPOS="2359"
                         HPOS="268">
                  <String HEIGHT="50"
                          WIDTH="139"
                          VPOS="2359"
                          HPOS="253"
                          CONTENT="Forte"/>
                  <SP HEIGHT="50" WIDTH="15" VPOS="2359" HPOS="391"/>
                  <String HEIGHT="50"
                          WIDTH="185"
                          VPOS="2359"
                          HPOS="345"
                          CONTENT="dicetur,"/>
                  <SP HEIGHT="50" WIDTH="15" VPOS="2359" HPOS="530"/>
                  <String HEIGHT="50" WIDTH="92" VPOS="2359" HPOS="484" CONTENT="si"/>
                  <SP HEIGHT="50" WIDTH="15" VPOS="2359" HPOS="576"/>
                  <String HEIGHT="50"
                          WIDTH="154"
                          VPOS="2359"
                          HPOS="530"
                          CONTENT="partes"/>
                  <SP HEIGHT="50" WIDTH="15" VPOS="2359" HPOS="684"/>
                  <String HEIGHT="50"
                          WIDTH="139"
                          VPOS="2359"
                          HPOS="638"
                          CONTENT="mundi"/>
                  <SP HEIGHT="50" WIDTH="15" VPOS="2359" HPOS="776"/>
                  <String HEIGHT="50"
                          WIDTH="169"
                          VPOS="2359"
                          HPOS="730"
                          CONTENT="peccato"/>
                  <SP HEIGHT="50" WIDTH="15" VPOS="2359" HPOS="899"/>
                  <String HEIGHT="50"
                          WIDTH="200"
                          VPOS="2359"
                          HPOS="853"
                          CONTENT="maculatae"/>
                  <SP HEIGHT="50" WIDTH="15" VPOS="2359" HPOS="1053"/>
                  <String HEIGHT="50"
                          WIDTH="92"
                          VPOS="2359"
                          HPOS="992"
                          CONTENT="purg"/>
               </TextLine>
               <TextLine ID="r3l57"
                         BASELINE="2449"
                         HEIGHT="51"
                         WIDTH="844"
                         VPOS="2398"
                         HPOS="244">
                  <String HEIGHT="51"
                          WIDTH="146"
                          VPOS="2398"
                          HPOS="229"
                          CONTENT="puntur"/>
                  <SP HEIGHT="51" WIDTH="15" VPOS="2398" HPOS="375"/>
                  <String HEIGHT="51"
                          WIDTH="116"
                          VPOS="2398"
                          HPOS="331"
                          CONTENT="isto"/>
                  <SP HEIGHT="51" WIDTH="15" VPOS="2398" HPOS="448"/>
                  <String HEIGHT="51"
                          WIDTH="131"
                          VPOS="2398"
                          HPOS="404"
                          CONTENT="igne,"/>
                  <SP HEIGHT="51" WIDTH="15" VPOS="2398" HPOS="535"/>
                  <String HEIGHT="51"
                          WIDTH="116"
                          VPOS="2398"
                          HPOS="491"
                          CONTENT="tunc"/>
                  <SP HEIGHT="51" WIDTH="15" VPOS="2398" HPOS="608"/>
                  <String HEIGHT="51"
                          WIDTH="116"
                          VPOS="2398"
                          HPOS="564"
                          CONTENT="iste"/>
                  <SP HEIGHT="51" WIDTH="15" VPOS="2398" HPOS="681"/>
                  <String HEIGHT="51"
                          WIDTH="131"
                          VPOS="2398"
                          HPOS="637"
                          CONTENT="ignis"/>
                  <SP HEIGHT="51" WIDTH="15" VPOS="2398" HPOS="768"/>
                  <String HEIGHT="51"
                          WIDTH="131"
                          VPOS="2398"
                          HPOS="724"
                          CONTENT="etiam"/>
                  <SP HEIGHT="51" WIDTH="15" VPOS="2398" HPOS="855"/>
                  <String HEIGHT="51"
                          WIDTH="146"
                          VPOS="2398"
                          HPOS="812"
                          CONTENT="exuret"/>
                  <SP HEIGHT="51" WIDTH="15" VPOS="2398" HPOS="957"/>
                  <String HEIGHT="51"
                          WIDTH="131"
                          VPOS="2398"
                          HPOS="913"
                          CONTENT="locum"/>
                  <SP HEIGHT="51" WIDTH="15" VPOS="2398" HPOS="1044"/>
                  <String HEIGHT="51"
                          WIDTH="102"
                          VPOS="2398"
                          HPOS="986"
                          CONTENT="terre"/>
               </TextLine>
               <TextLine ID="r3l58"
                         BASELINE="2488"
                         HEIGHT="53"
                         WIDTH="843"
                         VPOS="2435"
                         HPOS="238">
                  <String HEIGHT="53"
                          WIDTH="126"
                          VPOS="2435"
                          HPOS="224"
                          CONTENT="stris"/>
                  <SP HEIGHT="53" WIDTH="14" VPOS="2435" HPOS="350"/>
                  <String HEIGHT="53"
                          WIDTH="183"
                          VPOS="2435"
                          HPOS="308"
                          CONTENT="paradisi,"/>
                  <SP HEIGHT="53" WIDTH="14" VPOS="2435" HPOS="491"/>
                  <String HEIGHT="53"
                          WIDTH="225"
                          VPOS="2435"
                          HPOS="449"
                          CONTENT="Consequentia"/>
                  <SP HEIGHT="53" WIDTH="14" VPOS="2435" HPOS="674"/>
                  <String HEIGHT="53"
                          WIDTH="141"
                          VPOS="2435"
                          HPOS="631"
                          CONTENT="patet:"/>
                  <SP HEIGHT="53" WIDTH="14" VPOS="2435" HPOS="772"/>
                  <String HEIGHT="53"
                          WIDTH="112"
                          VPOS="2435"
                          HPOS="730"
                          CONTENT="quia"/>
                  <SP HEIGHT="53" WIDTH="14" VPOS="2435" HPOS="842"/>
                  <String HEIGHT="53"
                          WIDTH="126"
                          VPOS="2435"
                          HPOS="800"
                          CONTENT="locus"/>
                  <SP HEIGHT="53" WIDTH="14" VPOS="2435" HPOS="926"/>
                  <String HEIGHT="53"
                          WIDTH="197"
                          VPOS="2435"
                          HPOS="884"
                          CONTENT="terrestris"/>
                  <SP HEIGHT="53" WIDTH="14" VPOS="2435" HPOS="1081"/>
                  <String HEIGHT="53" WIDTH="56" VPOS="2435" HPOS="1025" CONTENT="po"/>
               </TextLine>
               <TextLine ID="r3l59"
                         BASELINE="2529"
                         HEIGHT="41"
                         WIDTH="853"
                         VPOS="2488"
                         HPOS="229">
                  <String HEIGHT="41"
                          WIDTH="158"
                          VPOS="2488"
                          HPOS="213"
                          CONTENT="radisi"/>
                  <SP HEIGHT="41" WIDTH="16" VPOS="2488" HPOS="371"/>
                  <String HEIGHT="41"
                          WIDTH="205"
                          VPOS="2488"
                          HPOS="324"
                          CONTENT="maculatus"/>
                  <SP HEIGHT="41" WIDTH="16" VPOS="2488" HPOS="529"/>
                  <String HEIGHT="41"
                          WIDTH="111"
                          VPOS="2488"
                          HPOS="482"
                          CONTENT="est"/>
                  <SP HEIGHT="41" WIDTH="16" VPOS="2488" HPOS="592"/>
                  <String HEIGHT="41"
                          WIDTH="174"
                          VPOS="2488"
                          HPOS="545"
                          CONTENT="peccato"/>
                  <SP HEIGHT="41" WIDTH="16" VPOS="2488" HPOS="719"/>
                  <String HEIGHT="41"
                          WIDTH="190"
                          VPOS="2488"
                          HPOS="671"
                          CONTENT="primorum"/>
                  <SP HEIGHT="41" WIDTH="16" VPOS="2488" HPOS="861"/>
                  <String HEIGHT="41"
                          WIDTH="205"
                          VPOS="2488"
                          HPOS="813"
                          CONTENT="parentum,"/>
                  <SP HEIGHT="41" WIDTH="16" VPOS="2488" HPOS="1019"/>
                  <String HEIGHT="41"
                          WIDTH="111"
                          VPOS="2488"
                          HPOS="971"
                          CONTENT="qui"/>
                  <SP HEIGHT="41" WIDTH="16" VPOS="2488" HPOS="1082"/>
                  <String HEIGHT="41" WIDTH="63" VPOS="2488" HPOS="1019" CONTENT="in"/>
               </TextLine>
               <TextLine ID="r3l60"
                         BASELINE="2571"
                         HEIGHT="53"
                         WIDTH="852"
                         VPOS="2518"
                         HPOS="235">
                  <String HEIGHT="53" WIDTH="88" VPOS="2518" HPOS="220" CONTENT="eo"/>
                  <SP HEIGHT="53" WIDTH="15" VPOS="2518" HPOS="308"/>
                  <String HEIGHT="53"
                          WIDTH="235"
                          VPOS="2518"
                          HPOS="264"
                          CONTENT="peccauerunt."/>
                  <SP HEIGHT="53" WIDTH="15" VPOS="2518" HPOS="499"/>
                  <String HEIGHT="53"
                          WIDTH="103"
                          VPOS="2518"
                          HPOS="455"
                          CONTENT="Sed"/>
                  <SP HEIGHT="53" WIDTH="15" VPOS="2518" HPOS="558"/>
                  <String HEIGHT="53"
                          WIDTH="176"
                          VPOS="2518"
                          HPOS="514"
                          CONTENT="falsitas"/>
                  <SP HEIGHT="53" WIDTH="15" VPOS="2518" HPOS="690"/>
                  <String HEIGHT="53"
                          WIDTH="235"
                          VPOS="2518"
                          HPOS="646"
                          CONTENT="consequentis"/>
                  <SP HEIGHT="53" WIDTH="15" VPOS="2518" HPOS="881"/>
                  <String HEIGHT="53"
                          WIDTH="147"
                          VPOS="2518"
                          HPOS="837"
                          CONTENT="patet,"/>
                  <SP HEIGHT="53" WIDTH="15" VPOS="2518" HPOS="984"/>
                  <String HEIGHT="53"
                          WIDTH="118"
                          VPOS="2518"
                          HPOS="940"
                          CONTENT="quia"/>
                  <SP HEIGHT="53" WIDTH="15" VPOS="2518" HPOS="1058"/>
                  <String HEIGHT="53"
                          WIDTH="88"
                          VPOS="2518"
                          HPOS="999"
                          CONTENT="secu"/>
               </TextLine>
               <TextLine ID="r3l61"
                         BASELINE="2607"
                         HEIGHT="46"
                         WIDTH="858"
                         VPOS="2561"
                         HPOS="224">
                  <String HEIGHT="46"
                          WIDTH="109"
                          VPOS="2561"
                          HPOS="208"
                          CONTENT="dum"/>
                  <SP HEIGHT="46" WIDTH="16" VPOS="2561" HPOS="318"/>
                  <String HEIGHT="46"
                          WIDTH="140"
                          VPOS="2561"
                          HPOS="271"
                          CONTENT="bedam"/>
                  <SP HEIGHT="46" WIDTH="16" VPOS="2561" HPOS="411"/>
                  <String HEIGHT="46"
                          WIDTH="156"
                          VPOS="2561"
                          HPOS="364"
                          CONTENT="flamma"/>
                  <SP HEIGHT="46" WIDTH="16" VPOS="2561" HPOS="520"/>
                  <String HEIGHT="46"
                          WIDTH="156"
                          VPOS="2561"
                          HPOS="474"
                          CONTENT="istius"/>
                  <SP HEIGHT="46" WIDTH="16" VPOS="2561" HPOS="630"/>
                  <String HEIGHT="46"
                          WIDTH="140"
                          VPOS="2561"
                          HPOS="583"
                          CONTENT="ignis"/>
                  <SP HEIGHT="46" WIDTH="16" VPOS="2561" HPOS="723"/>
                  <String HEIGHT="46"
                          WIDTH="109"
                          VPOS="2561"
                          HPOS="676"
                          CONTENT="non"/>
                  <SP HEIGHT="46" WIDTH="16" VPOS="2561" HPOS="786"/>
                  <String HEIGHT="46"
                          WIDTH="187"
                          VPOS="2561"
                          HPOS="739"
                          CONTENT="ascendet"/>
                  <SP HEIGHT="46" WIDTH="16" VPOS="2561" HPOS="926"/>
                  <String HEIGHT="46"
                          WIDTH="140"
                          VPOS="2561"
                          HPOS="879"
                          CONTENT="vsque"/>
                  <SP HEIGHT="46" WIDTH="16" VPOS="2561" HPOS="1020"/>
                  <String HEIGHT="46" WIDTH="94" VPOS="2561" HPOS="973" CONTENT="ad"/>
                  <SP HEIGHT="46" WIDTH="16" VPOS="2561" HPOS="1066"/>
                  <String HEIGHT="46"
                          WIDTH="78"
                          VPOS="2561"
                          HPOS="1004"
                          CONTENT="pa"
                          SUBS_TYPE="HypPart1"
                          SUBS_CONTENT="paradisum,"/>
                  <HYP CONTENT="-"/>
               </TextLine>
               <TextLine ID="r3l62"
                         BASELINE="2641"
                         HEIGHT="50"
                         WIDTH="677"
                         VPOS="2591"
                         HPOS="223">
                  <String HEIGHT="50"
                          WIDTH="185"
                          VPOS="2591"
                          HPOS="208"
                          CONTENT="radisum,"
                          SUBS_TYPE="HypPart2"
                          SUBS_CONTENT="paradisum,"/>
                  <SP HEIGHT="50" WIDTH="15" VPOS="2591" HPOS="392"/>
                  <String HEIGHT="50"
                          WIDTH="138"
                          VPOS="2591"
                          HPOS="346"
                          CONTENT="sicut"/>
                  <SP HEIGHT="50" WIDTH="15" VPOS="2591" HPOS="485"/>
                  <String HEIGHT="50"
                          WIDTH="108"
                          VPOS="2591"
                          HPOS="438"
                          CONTENT="nec"/>
                  <SP HEIGHT="50" WIDTH="15" VPOS="2591" HPOS="546"/>
                  <String HEIGHT="50"
                          WIDTH="138"
                          VPOS="2591"
                          HPOS="500"
                          CONTENT="aquae"/>
                  <SP HEIGHT="50" WIDTH="15" VPOS="2591" HPOS="638"/>
                  <String HEIGHT="50"
                          WIDTH="169"
                          VPOS="2591"
                          HPOS="592"
                          CONTENT="diluuij"/>
                  <SP HEIGHT="50" WIDTH="15" VPOS="2591" HPOS="762"/>
                  <String HEIGHT="50"
                          WIDTH="200"
                          VPOS="2591"
                          HPOS="700"
                          CONTENT="ascenderunt"/>
               </TextLine>
               <TextLine ID="r3l64"
                         BASELINE="2681"
                         HEIGHT="48"
                         WIDTH="821"
                         VPOS="2633"
                         HPOS="261">
                  <String HEIGHT="48"
                          WIDTH="230"
                          VPOS="2633"
                          HPOS="245"
                          CONTENT="Respondeo,"/>
                  <SP HEIGHT="48" WIDTH="16" VPOS="2633" HPOS="474"/>
                  <String HEIGHT="48"
                          WIDTH="181"
                          VPOS="2633"
                          HPOS="425"
                          CONTENT="negando"/>
                  <SP HEIGHT="48" WIDTH="16" VPOS="2633" HPOS="606"/>
                  <String HEIGHT="48"
                          WIDTH="296"
                          VPOS="2633"
                          HPOS="557"
                          CONTENT="consequentiam."/>
                  <SP HEIGHT="48" WIDTH="16" VPOS="2633" HPOS="852"/>
                  <String HEIGHT="48" WIDTH="99" VPOS="2633" HPOS="803" CONTENT="Ad"/>
                  <SP HEIGHT="48" WIDTH="16" VPOS="2633" HPOS="901"/>
                  <String HEIGHT="48"
                          WIDTH="246"
                          VPOS="2633"
                          HPOS="852"
                          CONTENT="probationem"/>
                  <SP HEIGHT="48" WIDTH="16" VPOS="2633" HPOS="1098"/>
                  <String HEIGHT="48" WIDTH="49" VPOS="2633" HPOS="1033" CONTENT="d"/>
               </TextLine>
               <TextLine ID="r3l65"
                         BASELINE="2718"
                         HEIGHT="42"
                         WIDTH="851"
                         VPOS="2676"
                         HPOS="233">
                  <String HEIGHT="42"
                          WIDTH="156"
                          VPOS="2676"
                          HPOS="219"
                          CONTENT="cendum,"/>
                  <SP HEIGHT="42" WIDTH="14" VPOS="2676" HPOS="375"/>
                  <String HEIGHT="42"
                          WIDTH="113"
                          VPOS="2676"
                          HPOS="332"
                          CONTENT="quod"/>
                  <SP HEIGHT="42" WIDTH="14" VPOS="2676" HPOS="446"/>
                  <String HEIGHT="42" WIDTH="99" VPOS="2676" HPOS="403" CONTENT="non"/>
                  <SP HEIGHT="42" WIDTH="14" VPOS="2676" HPOS="502"/>
                  <String HEIGHT="42"
                          WIDTH="170"
                          VPOS="2676"
                          HPOS="460"
                          CONTENT="quolibet"/>
                  <SP HEIGHT="42" WIDTH="14" VPOS="2676" HPOS="630"/>
                  <String HEIGHT="42"
                          WIDTH="113"
                          VPOS="2676"
                          HPOS="588"
                          CONTENT="actu"/>
                  <SP HEIGHT="42" WIDTH="14" VPOS="2676" HPOS="701"/>
                  <String HEIGHT="42"
                          WIDTH="156"
                          VPOS="2676"
                          HPOS="659"
                          CONTENT="peccati"/>
                  <SP HEIGHT="42" WIDTH="14" VPOS="2676" HPOS="815"/>
                  <String HEIGHT="42"
                          WIDTH="156"
                          VPOS="2676"
                          HPOS="772"
                          CONTENT="dicitur"/>
                  <SP HEIGHT="42" WIDTH="14" VPOS="2676" HPOS="928"/>
                  <String HEIGHT="42"
                          WIDTH="128"
                          VPOS="2676"
                          HPOS="885"
                          CONTENT="locus"/>
                  <SP HEIGHT="42" WIDTH="14" VPOS="2676" HPOS="1013"/>
                  <String HEIGHT="42"
                          WIDTH="128"
                          VPOS="2676"
                          HPOS="956"
                          CONTENT="infici"
                          SUBS_TYPE="HypPart1"
                          SUBS_CONTENT="inficised"/>
                  <HYP CONTENT="-"/>
               </TextLine>
               <TextLine ID="r3l66"
                         BASELINE="2757"
                         HEIGHT="43"
                         WIDTH="854"
                         VPOS="2714"
                         HPOS="233">
                  <String HEIGHT="43"
                          WIDTH="103"
                          VPOS="2714"
                          HPOS="218"
                          CONTENT="sed"
                          SUBS_TYPE="HypPart2"
                          SUBS_CONTENT="inficised"/>
                  <SP HEIGHT="43" WIDTH="15" VPOS="2714" HPOS="321"/>
                  <String HEIGHT="43"
                          WIDTH="147"
                          VPOS="2714"
                          HPOS="277"
                          CONTENT="potius"/>
                  <SP HEIGHT="43" WIDTH="15" VPOS="2714" HPOS="424"/>
                  <String HEIGHT="43" WIDTH="88" VPOS="2714" HPOS="380" CONTENT="ex"/>
                  <SP HEIGHT="43" WIDTH="15" VPOS="2714" HPOS="469"/>
                  <String HEIGHT="43"
                          WIDTH="250"
                          VPOS="2714"
                          HPOS="424"
                          CONTENT="continuatione"/>
                  <SP HEIGHT="43" WIDTH="15" VPOS="2714" HPOS="675"/>
                  <String HEIGHT="43"
                          WIDTH="177"
                          VPOS="2714"
                          HPOS="631"
                          CONTENT="peccati,"/>
                  <SP HEIGHT="43" WIDTH="15" VPOS="2714" HPOS="807"/>
                  <String HEIGHT="43"
                          WIDTH="103"
                          VPOS="2714"
                          HPOS="763"
                          CONTENT="vel"/>
                  <SP HEIGHT="43" WIDTH="15" VPOS="2714" HPOS="866"/>
                  <String HEIGHT="43"
                          WIDTH="206"
                          VPOS="2714"
                          HPOS="822"
                          CONTENT="peccatoris"/>
                  <SP HEIGHT="43" WIDTH="15" VPOS="2714" HPOS="1028"/>
                  <String HEIGHT="43" WIDTH="88" VPOS="2714" HPOS="984" CONTENT="in"/>
                  <SP HEIGHT="43" WIDTH="15" VPOS="2714" HPOS="1072"/>
                  <String HEIGHT="43"
                          WIDTH="74"
                          VPOS="2714"
                          HPOS="1013"
                          CONTENT="ip"
                          SUBS_TYPE="HypPart1"
                          SUBS_CONTENT="ipso"/>
                  <HYP CONTENT="-"/>
               </TextLine>
               <TextLine ID="r3l67"
                         BASELINE="2802"
                         HEIGHT="44"
                         WIDTH="860"
                         VPOS="2758"
                         HPOS="225">
                  <String HEIGHT="44"
                          WIDTH="87"
                          VPOS="2758"
                          HPOS="210"
                          CONTENT="so"
                          SUBS_TYPE="HypPart2"
                          SUBS_CONTENT="ipso"/>
                  <SP HEIGHT="44" WIDTH="15" VPOS="2758" HPOS="298"/>
                  <String HEIGHT="44"
                          WIDTH="117"
                          VPOS="2758"
                          HPOS="254"
                          CONTENT="loco"/>
                  <SP HEIGHT="44" WIDTH="15" VPOS="2758" HPOS="371"/>
                  <String HEIGHT="44"
                          WIDTH="189"
                          VPOS="2758"
                          HPOS="327"
                          CONTENT="inficitur"/>
                  <SP HEIGHT="44" WIDTH="15" VPOS="2758" HPOS="517"/>
                  <String HEIGHT="44"
                          WIDTH="117"
                          VPOS="2758"
                          HPOS="473"
                          CONTENT="ipse"/>
                  <SP HEIGHT="44" WIDTH="15" VPOS="2758" HPOS="589"/>
                  <String HEIGHT="44"
                          WIDTH="146"
                          VPOS="2758"
                          HPOS="546"
                          CONTENT="locus,"/>
                  <SP HEIGHT="44" WIDTH="15" VPOS="2758" HPOS="691"/>
                  <String HEIGHT="44"
                          WIDTH="131"
                          VPOS="2758"
                          HPOS="648"
                          CONTENT="sicut"/>
                  <SP HEIGHT="44" WIDTH="15" VPOS="2758" HPOS="779"/>
                  <String HEIGHT="44"
                          WIDTH="102"
                          VPOS="2758"
                          HPOS="735"
                          CONTENT="non"/>
                  <SP HEIGHT="44" WIDTH="15" VPOS="2758" HPOS="837"/>
                  <String HEIGHT="44"
                          WIDTH="175"
                          VPOS="2758"
                          HPOS="793"
                          CONTENT="quolibet"/>
                  <SP HEIGHT="44" WIDTH="15" VPOS="2758" HPOS="968"/>
                  <String HEIGHT="44"
                          WIDTH="117"
                          VPOS="2758"
                          HPOS="925"
                          CONTENT="leui"/>
                  <SP HEIGHT="44" WIDTH="15" VPOS="2758" HPOS="1041"/>
                  <String HEIGHT="44"
                          WIDTH="102"
                          VPOS="2758"
                          HPOS="983"
                          CONTENT="tactu"/>
               </TextLine>
               <TextLine ID="r3l68"
                         BASELINE="2836"
                         HEIGHT="45"
                         WIDTH="863"
                         VPOS="2791"
                         HPOS="225">
                  <String HEIGHT="45"
                          WIDTH="156"
                          VPOS="2791"
                          HPOS="211"
                          CONTENT="tangens"/>
                  <SP HEIGHT="45" WIDTH="14" VPOS="2791" HPOS="366"/>
                  <String HEIGHT="45"
                          WIDTH="184"
                          VPOS="2791"
                          HPOS="324"
                          CONTENT="leprosum,"/>
                  <SP HEIGHT="45" WIDTH="14" VPOS="2791" HPOS="508"/>
                  <String HEIGHT="45"
                          WIDTH="184"
                          VPOS="2791"
                          HPOS="466"
                          CONTENT="efficitur"/>
                  <SP HEIGHT="45" WIDTH="14" VPOS="2791" HPOS="649"/>
                  <String HEIGHT="45"
                          WIDTH="184"
                          VPOS="2791"
                          HPOS="607"
                          CONTENT="leprosus,"/>
                  <SP HEIGHT="45" WIDTH="14" VPOS="2791" HPOS="791"/>
                  <String HEIGHT="45"
                          WIDTH="127"
                          VPOS="2791"
                          HPOS="748"
                          CONTENT="licet"/>
                  <SP HEIGHT="45" WIDTH="14" VPOS="2791" HPOS="876"/>
                  <String HEIGHT="45"
                          WIDTH="198"
                          VPOS="2791"
                          HPOS="833"
                          CONTENT="afficiatur"/>
                  <SP HEIGHT="45" WIDTH="14" VPOS="2791" HPOS="1031"/>
                  <String HEIGHT="45" WIDTH="85" VPOS="2791" HPOS="989" CONTENT="ex"/>
                  <SP HEIGHT="45" WIDTH="14" VPOS="2791" HPOS="1074"/>
                  <String HEIGHT="45"
                          WIDTH="71"
                          VPOS="2791"
                          HPOS="1017"
                          CONTENT="fre"/>
               </TextLine>
               <TextLine ID="r3l69"
                         BASELINE="2883"
                         HEIGHT="54"
                         WIDTH="845"
                         VPOS="2829"
                         HPOS="237">
                  <String HEIGHT="54"
                          WIDTH="151"
                          VPOS="2829"
                          HPOS="222"
                          CONTENT="quenti"/>
                  <SP HEIGHT="54" WIDTH="15" VPOS="2829" HPOS="373"/>
                  <String HEIGHT="54"
                          WIDTH="211"
                          VPOS="2829"
                          HPOS="328"
                          CONTENT="iteratione"/>
                  <SP HEIGHT="54" WIDTH="15" VPOS="2829" HPOS="539"/>
                  <String HEIGHT="54"
                          WIDTH="196"
                          VPOS="2829"
                          HPOS="494"
                          CONTENT="huiusmodi"/>
                  <SP HEIGHT="54" WIDTH="15" VPOS="2829" HPOS="690"/>
                  <String HEIGHT="54"
                          WIDTH="181"
                          VPOS="2829"
                          HPOS="644"
                          CONTENT="tactus,."/>
                  <SP HEIGHT="54" WIDTH="15" VPOS="2829" HPOS="825"/>
                  <String HEIGHT="54"
                          WIDTH="106"
                          VPOS="2829"
                          HPOS="780"
                          CONTENT="Cum"/>
                  <SP HEIGHT="54" WIDTH="15" VPOS="2829" HPOS="886"/>
                  <String HEIGHT="54"
                          WIDTH="151"
                          VPOS="2829"
                          HPOS="841"
                          CONTENT="igitur"/>
                  <SP HEIGHT="54" WIDTH="15" VPOS="2829" HPOS="991"/>
                  <String HEIGHT="54"
                          WIDTH="136"
                          VPOS="2829"
                          HPOS="946"
                          CONTENT="primi"/>
                  <SP HEIGHT="54" WIDTH="15" VPOS="2829" HPOS="1082"/>
                  <String HEIGHT="54" WIDTH="60" VPOS="2829" HPOS="1022" CONTENT="po"/>
               </TextLine>
               <TextLine ID="r3l70"
                         BASELINE="2921"
                         HEIGHT="49"
                         WIDTH="843"
                         VPOS="2872"
                         HPOS="238">
                  <String HEIGHT="49"
                          WIDTH="169"
                          VPOS="2872"
                          HPOS="221"
                          CONTENT="rentes"/>
                  <SP HEIGHT="49" WIDTH="17" VPOS="2872" HPOS="390"/>
                  <String HEIGHT="49" WIDTH="101" VPOS="2872" HPOS="339" CONTENT="in"/>
                  <SP HEIGHT="49" WIDTH="17" VPOS="2872" HPOS="440"/>
                  <String HEIGHT="49"
                          WIDTH="202"
                          VPOS="2872"
                          HPOS="390"
                          CONTENT="paradiso"/>
                  <SP HEIGHT="49" WIDTH="17" VPOS="2872" HPOS="592"/>
                  <String HEIGHT="49"
                          WIDTH="236"
                          VPOS="2872"
                          HPOS="541"
                          CONTENT="tantummodo"/>
                  <SP HEIGHT="49" WIDTH="17" VPOS="2872" HPOS="778"/>
                  <String HEIGHT="49"
                          WIDTH="152"
                          VPOS="2872"
                          HPOS="727"
                          CONTENT="semel"/>
                  <SP HEIGHT="49" WIDTH="17" VPOS="2872" HPOS="879"/>
                  <String HEIGHT="49"
                          WIDTH="270"
                          VPOS="2872"
                          HPOS="828"
                          CONTENT="peccauerint,"/>
                  <SP HEIGHT="49" WIDTH="17" VPOS="2872" HPOS="1098"/>
                  <String HEIGHT="49" WIDTH="51" VPOS="2872" HPOS="1030" CONTENT="&amp;"/>
               </TextLine>
               <TextLine ID="r3l71"
                         BASELINE="2957"
                         HEIGHT="47"
                         WIDTH="863"
                         VPOS="2910"
                         HPOS="228">
                  <String HEIGHT="47"
                          WIDTH="192"
                          VPOS="2910"
                          HPOS="212"
                          CONTENT="postquam"/>
                  <SP HEIGHT="47" WIDTH="16" VPOS="2910" HPOS="404"/>
                  <String HEIGHT="47"
                          WIDTH="176"
                          VPOS="2910"
                          HPOS="356"
                          CONTENT="fuerunt"/>
                  <SP HEIGHT="47" WIDTH="16" VPOS="2910" HPOS="532"/>
                  <String HEIGHT="47"
                          WIDTH="240"
                          VPOS="2910"
                          HPOS="484"
                          CONTENT="peccatores,"/>
                  <SP HEIGHT="47" WIDTH="16" VPOS="2910" HPOS="723"/>
                  <String HEIGHT="47"
                          WIDTH="144"
                          VPOS="2910"
                          HPOS="675"
                          CONTENT="quasi"/>
                  <SP HEIGHT="47" WIDTH="16" VPOS="2910" HPOS="819"/>
                  <String HEIGHT="47"
                          WIDTH="208"
                          VPOS="2910"
                          HPOS="771"
                          CONTENT="immediate"/>
                  <SP HEIGHT="47" WIDTH="16" VPOS="2910" HPOS="979"/>
                  <String HEIGHT="47" WIDTH="96" VPOS="2910" HPOS="931" CONTENT="de"/>
                  <SP HEIGHT="47" WIDTH="16" VPOS="2910" HPOS="1027"/>
                  <String HEIGHT="47"
                          WIDTH="128"
                          VPOS="2910"
                          HPOS="963"
                          CONTENT="paradi"/>
               </TextLine>
               <TextLine ID="r3l72"
                         BASELINE="2996"
                         HEIGHT="42"
                         WIDTH="847"
                         VPOS="2954"
                         HPOS="231">
                  <String HEIGHT="42" WIDTH="88" VPOS="2954" HPOS="216" CONTENT="so"/>
                  <SP HEIGHT="42" WIDTH="15" VPOS="2954" HPOS="304"/>
                  <String HEIGHT="42"
                          WIDTH="146"
                          VPOS="2954"
                          HPOS="260"
                          CONTENT="eiecti"/>
                  <SP HEIGHT="42" WIDTH="15" VPOS="2954" HPOS="406"/>
                  <String HEIGHT="42"
                          WIDTH="175"
                          VPOS="2954"
                          HPOS="362"
                          CONTENT="fuerint:"/>
                  <SP HEIGHT="42" WIDTH="15" VPOS="2954" HPOS="538"/>
                  <String HEIGHT="42"
                          WIDTH="117"
                          VPOS="2954"
                          HPOS="494"
                          CONTENT="ideo"/>
                  <SP HEIGHT="42" WIDTH="15" VPOS="2954" HPOS="611"/>
                  <String HEIGHT="42"
                          WIDTH="190"
                          VPOS="2954"
                          HPOS="567"
                          CONTENT="paradisus"/>
                  <SP HEIGHT="42" WIDTH="15" VPOS="2954" HPOS="757"/>
                  <String HEIGHT="42"
                          WIDTH="102"
                          VPOS="2954"
                          HPOS="713"
                          CONTENT="non"/>
                  <SP HEIGHT="42" WIDTH="15" VPOS="2954" HPOS="815"/>
                  <String HEIGHT="42"
                          WIDTH="102"
                          VPOS="2954"
                          HPOS="771"
                          CONTENT="est"/>
                  <SP HEIGHT="42" WIDTH="15" VPOS="2954" HPOS="874"/>
                  <String HEIGHT="42"
                          WIDTH="190"
                          VPOS="2954"
                          HPOS="830"
                          CONTENT="infectus,"/>
                  <SP HEIGHT="42" WIDTH="15" VPOS="2954" HPOS="1020"/>
                  <String HEIGHT="42"
                          WIDTH="117"
                          VPOS="2954"
                          HPOS="961"
                          CONTENT="propte"/>
               </TextLine>
               <TextLine ID="r3l73"
                         BASELINE="3043"
                         HEIGHT="52"
                         WIDTH="856"
                         VPOS="2991"
                         HPOS="224">
                  <String HEIGHT="52"
                          WIDTH="205"
                          VPOS="2991"
                          HPOS="207"
                          CONTENT="peccatum"/>
                  <SP HEIGHT="52" WIDTH="17" VPOS="2991" HPOS="412"/>
                  <String HEIGHT="52"
                          WIDTH="205"
                          VPOS="2991"
                          HPOS="361"
                          CONTENT="primorum"/>
                  <SP HEIGHT="52" WIDTH="17" VPOS="2991" HPOS="566"/>
                  <String HEIGHT="52"
                          WIDTH="223"
                          VPOS="2991"
                          HPOS="515"
                          CONTENT="parentum,"/>
                  <SP HEIGHT="52" WIDTH="17" VPOS="2991" HPOS="738"/>
                  <String HEIGHT="52"
                          WIDTH="154"
                          VPOS="2991"
                          HPOS="686"
                          CONTENT="sicut"/>
                  <SP HEIGHT="52" WIDTH="17" VPOS="2991" HPOS="840"/>
                  <String HEIGHT="52"
                          WIDTH="120"
                          VPOS="2991"
                          HPOS="789"
                          CONTENT="nec"/>
                  <SP HEIGHT="52" WIDTH="17" VPOS="2991" HPOS="909"/>
                  <String HEIGHT="52"
                          WIDTH="171"
                          VPOS="2991"
                          HPOS="857"
                          CONTENT="coelum"/>
                  <SP HEIGHT="52" WIDTH="17" VPOS="2991" HPOS="1029"/>
                  <String HEIGHT="52"
                          WIDTH="120"
                          VPOS="2991"
                          HPOS="960"
                          CONTENT="empy"
                          SUBS_TYPE="HypPart1"
                          SUBS_CONTENT="empyreum"/>
                  <HYP CONTENT="-"/>
               </TextLine>
               <TextLine ID="r3l74"
                         BASELINE="3078"
                         HEIGHT="44"
                         WIDTH="840"
                         VPOS="3034"
                         HPOS="238">
                  <String HEIGHT="44"
                          WIDTH="132"
                          VPOS="3034"
                          HPOS="222"
                          CONTENT="reum"
                          SUBS_TYPE="HypPart2"
                          SUBS_CONTENT="empyreum"/>
                  <SP HEIGHT="44" WIDTH="16" VPOS="3034" HPOS="353"/>
                  <String HEIGHT="44"
                          WIDTH="181"
                          VPOS="3034"
                          HPOS="304"
                          CONTENT="dicitur"/>
                  <SP HEIGHT="44" WIDTH="16" VPOS="3034" HPOS="485"/>
                  <String HEIGHT="44"
                          WIDTH="198"
                          VPOS="3034"
                          HPOS="436"
                          CONTENT="infectum"/>
                  <SP HEIGHT="44" WIDTH="16" VPOS="3034" HPOS="633"/>
                  <String HEIGHT="44"
                          WIDTH="181"
                          VPOS="3034"
                          HPOS="584"
                          CONTENT="propter"/>
                  <SP HEIGHT="44" WIDTH="16" VPOS="3034" HPOS="765"/>
                  <String HEIGHT="44"
                          WIDTH="198"
                          VPOS="3034"
                          HPOS="716"
                          CONTENT="peccatum"/>
                  <SP HEIGHT="44" WIDTH="16" VPOS="3034" HPOS="913"/>
                  <String HEIGHT="44"
                          WIDTH="181"
                          VPOS="3034"
                          HPOS="864"
                          CONTENT="malorum"/>
                  <SP HEIGHT="44" WIDTH="16" VPOS="3034" HPOS="1045"/>
                  <String HEIGHT="44"
                          WIDTH="99"
                          VPOS="3034"
                          HPOS="979"
                          CONTENT="Angi"/>
               </TextLine>
               <TextLine ID="r3l75"
                         BASELINE="3113"
                         HEIGHT="46"
                         WIDTH="858"
                         VPOS="3067"
                         HPOS="234">
                  <String HEIGHT="46"
                          WIDTH="154"
                          VPOS="3067"
                          HPOS="217"
                          CONTENT="lorum"/>
                  <SP HEIGHT="46" WIDTH="17" VPOS="3067" HPOS="371"/>
                  <String HEIGHT="46"
                          WIDTH="120"
                          VPOS="3067"
                          HPOS="320"
                          CONTENT="eo,"/>
                  <SP HEIGHT="46" WIDTH="17" VPOS="3067" HPOS="440"/>
                  <String HEIGHT="46"
                          WIDTH="137"
                          VPOS="3067"
                          HPOS="388"
                          CONTENT="quod"/>
                  <SP HEIGHT="46" WIDTH="17" VPOS="3067" HPOS="526"/>
                  <String HEIGHT="46"
                          WIDTH="189"
                          VPOS="3067"
                          HPOS="474"
                          CONTENT="quamuis"/>
                  <SP HEIGHT="46" WIDTH="17" VPOS="3067" HPOS="663"/>
                  <String HEIGHT="46"
                          WIDTH="223"
                          VPOS="3067"
                          HPOS="612"
                          CONTENT="Angelorum"/>
                  <SP HEIGHT="46" WIDTH="17" VPOS="3067" HPOS="835"/>
                  <String HEIGHT="46"
                          WIDTH="206"
                          VPOS="3067"
                          HPOS="783"
                          CONTENT="peccatum"/>
                  <SP HEIGHT="46" WIDTH="17" VPOS="3067" HPOS="989"/>
                  <String HEIGHT="46" WIDTH="103" VPOS="3067" HPOS="938" CONTENT="in"/>
                  <SP HEIGHT="46" WIDTH="17" VPOS="3067" HPOS="1041"/>
                  <String HEIGHT="46"
                          WIDTH="120"
                          VPOS="3067"
                          HPOS="972"
                          CONTENT="huius"/>
               </TextLine>
               <TextLine ID="r3l76"
                         BASELINE="3151"
                         HEIGHT="40"
                         WIDTH="856"
                         VPOS="3111"
                         HPOS="226">
                  <String HEIGHT="40"
                          WIDTH="129"
                          VPOS="3111"
                          HPOS="210"
                          CONTENT="modi"/>
                  <SP HEIGHT="40" WIDTH="16" VPOS="3111" HPOS="339"/>
                  <String HEIGHT="40"
                          WIDTH="145"
                          VPOS="3111"
                          HPOS="291"
                          CONTENT="coelo"/>
                  <SP HEIGHT="40" WIDTH="16" VPOS="3111" HPOS="436"/>
                  <String HEIGHT="40"
                          WIDTH="162"
                          VPOS="3111"
                          HPOS="388"
                          CONTENT="fuerit"/>
                  <SP HEIGHT="40" WIDTH="16" VPOS="3111" HPOS="549"/>
                  <String HEIGHT="40"
                          WIDTH="258"
                          VPOS="3111"
                          HPOS="501"
                          CONTENT="perpetratum:"/>
                  <SP HEIGHT="40" WIDTH="16" VPOS="3111" HPOS="759"/>
                  <String HEIGHT="40"
                          WIDTH="145"
                          VPOS="3111"
                          HPOS="711"
                          CONTENT="tamen"/>
                  <SP HEIGHT="40" WIDTH="16" VPOS="3111" HPOS="856"/>
                  <String HEIGHT="40"
                          WIDTH="210"
                          VPOS="3111"
                          HPOS="807"
                          CONTENT="huiusmodi"/>
                  <SP HEIGHT="40" WIDTH="16" VPOS="3111" HPOS="1017"/>
                  <String HEIGHT="40"
                          WIDTH="129"
                          VPOS="3111"
                          HPOS="953"
                          CONTENT="pecca"
                          SUBS_TYPE="HypPart1"
                          SUBS_CONTENT="peccatores,"/>
                  <HYP CONTENT="-"/>
               </TextLine>
               <TextLine ID="r3l77"
                         BASELINE="3198"
                         HEIGHT="56"
                         WIDTH="849"
                         VPOS="3142"
                         HPOS="236">
                  <String HEIGHT="56"
                          WIDTH="152"
                          VPOS="3142"
                          HPOS="221"
                          CONTENT="tores,"
                          SUBS_TYPE="HypPart2"
                          SUBS_CONTENT="peccatores,"/>
                  <SP HEIGHT="56" WIDTH="15" VPOS="3142" HPOS="372"/>
                  <String HEIGHT="56"
                          WIDTH="167"
                          VPOS="3142"
                          HPOS="327"
                          CONTENT="peracto"/>
                  <SP HEIGHT="56" WIDTH="15" VPOS="3142" HPOS="494"/>
                  <String HEIGHT="56"
                          WIDTH="182"
                          VPOS="3142"
                          HPOS="448"
                          CONTENT="peccato,"/>
                  <SP HEIGHT="56" WIDTH="15" VPOS="3142" HPOS="630"/>
                  <String HEIGHT="56"
                          WIDTH="136"
                          VPOS="3142"
                          HPOS="585"
                          CONTENT="quasi"/>
                  <SP HEIGHT="56" WIDTH="15" VPOS="3142" HPOS="721"/>
                  <String HEIGHT="56"
                          WIDTH="152"
                          VPOS="3142"
                          HPOS="676"
                          CONTENT="nullam"/>
                  <SP HEIGHT="56" WIDTH="15" VPOS="3142" HPOS="827"/>
                  <String HEIGHT="56"
                          WIDTH="136"
                          VPOS="3142"
                          HPOS="782"
                          CONTENT="moram"/>
                  <SP HEIGHT="56" WIDTH="15" VPOS="3142" HPOS="918"/>
                  <String HEIGHT="56" WIDTH="91" VPOS="3142" HPOS="873" CONTENT="in"/>
                  <SP HEIGHT="56" WIDTH="15" VPOS="3142" HPOS="964"/>
                  <String HEIGHT="56"
                          WIDTH="136"
                          VPOS="3142"
                          HPOS="918"
                          CONTENT="coelo"/>
                  <SP HEIGHT="56" WIDTH="15" VPOS="3142" HPOS="1055"/>
                  <String HEIGHT="56" WIDTH="91" VPOS="3142" HPOS="994" CONTENT="con"/>
               </TextLine>
            </TextBlock>
            <TextBlock ID="TextRegion_1603054222746_10955"
                       HEIGHT="2983"
                       WIDTH="888"
                       VPOS="246"
                       HPOS="1137">
               <Shape>
                  <Polygon POINTS="1137,246 2025,246 2000,3060 1998,3229 1137,3229"/>
               </Shape>
               <TextLine ID="r4l3"
                         BASELINE="385"
                         HEIGHT="69"
                         WIDTH="859"
                         VPOS="316"
                         HPOS="1158">
                  <String HEIGHT="69"
                          WIDTH="219"
                          VPOS="316"
                          HPOS="1142"
                          CONTENT="traxerunt,"/>
                  <SP HEIGHT="69" WIDTH="16" VPOS="316" HPOS="1361"/>
                  <String HEIGHT="69"
                          WIDTH="109"
                          VPOS="316"
                          HPOS="1314"
                          CONTENT="sed"/>
                  <SP HEIGHT="69" WIDTH="16" VPOS="316" HPOS="1424"/>
                  <String HEIGHT="69"
                          WIDTH="203"
                          VPOS="316"
                          HPOS="1377"
                          CONTENT="immediate"/>
                  <SP HEIGHT="69" WIDTH="16" VPOS="316" HPOS="1580"/>
                  <String HEIGHT="69" WIDTH="94" VPOS="316" HPOS="1533" CONTENT="in"/>
                  <SP HEIGHT="69" WIDTH="16" VPOS="316" HPOS="1627"/>
                  <String HEIGHT="69"
                          WIDTH="141"
                          VPOS="316"
                          HPOS="1580"
                          CONTENT="istum"/>
                  <SP HEIGHT="69" WIDTH="16" VPOS="316" HPOS="1720"/>
                  <String HEIGHT="69"
                          WIDTH="234"
                          VPOS="316"
                          HPOS="1673"
                          CONTENT="caliginosum"/>
                  <SP HEIGHT="69" WIDTH="16" VPOS="316" HPOS="1908"/>
                  <String HEIGHT="69"
                          WIDTH="141"
                          VPOS="316"
                          HPOS="1861"
                          CONTENT="aerem"/>
                  <SP HEIGHT="69" WIDTH="16" VPOS="316" HPOS="2001"/>
                  <String HEIGHT="69"
                          WIDTH="78"
                          VPOS="316"
                          HPOS="1939"
                          CONTENT="ce"
                          SUBS_TYPE="HypPart1"
                          SUBS_CONTENT="ceciderunt:"/>
                  <HYP CONTENT="-"/>
               </TextLine>
               <TextLine ID="r4l4"
                         BASELINE="400"
                         HEIGHT="46"
                         WIDTH="266"
                         VPOS="354"
                         HPOS="1152">
                  <String HEIGHT="46"
                          WIDTH="203"
                          VPOS="354"
                          HPOS="1136"
                          CONTENT="ciderunt:"
                          SUBS_TYPE="HypPart2"
                          SUBS_CONTENT="ceciderunt:"/>
                  <SP HEIGHT="46" WIDTH="16" VPOS="354" HPOS="1340"/>
                  <String HEIGHT="46"
                          WIDTH="125"
                          VPOS="354"
                          HPOS="1293"
                          CONTENT="ideo"/>
                  <SP HEIGHT="46" WIDTH="16" VPOS="354" HPOS="1418"/>
                  <String HEIGHT="46" WIDTH="63" VPOS="354" HPOS="1355" CONTENT="&amp;c"/>
               </TextLine>
               <TextLine ID="r4l6"
                         BASELINE="455"
                         HEIGHT="61"
                         WIDTH="811"
                         VPOS="394"
                         HPOS="1187">
                  <String HEIGHT="61"
                          WIDTH="195"
                          VPOS="394"
                          HPOS="1172"
                          CONTENT="Conclusio"/>
                  <SP HEIGHT="61" WIDTH="15" VPOS="394" HPOS="1367"/>
                  <String HEIGHT="61"
                          WIDTH="165"
                          VPOS="394"
                          HPOS="1322"
                          CONTENT="secunda"/>
                  <SP HEIGHT="61" WIDTH="15" VPOS="394" HPOS="1487"/>
                  <String HEIGHT="61"
                          WIDTH="120"
                          VPOS="394"
                          HPOS="1442"
                          CONTENT="est,"/>
                  <SP HEIGHT="61" WIDTH="15" VPOS="394" HPOS="1562"/>
                  <String HEIGHT="61"
                          WIDTH="120"
                          VPOS="394"
                          HPOS="1517"
                          CONTENT="quod"/>
                  <SP HEIGHT="61" WIDTH="15" VPOS="394" HPOS="1638"/>
                  <String HEIGHT="61"
                          WIDTH="120"
                          VPOS="394"
                          HPOS="1593"
                          CONTENT="ille"/>
                  <SP HEIGHT="61" WIDTH="15" VPOS="394" HPOS="1713"/>
                  <String HEIGHT="61"
                          WIDTH="135"
                          VPOS="394"
                          HPOS="1668"
                          CONTENT="ignis"/>
                  <SP HEIGHT="61" WIDTH="15" VPOS="394" HPOS="1803"/>
                  <String HEIGHT="61"
                          WIDTH="210"
                          VPOS="394"
                          HPOS="1758"
                          CONTENT="purgatiuus"/>
                  <SP HEIGHT="61" WIDTH="15" VPOS="394" HPOS="1968"/>
                  <String HEIGHT="61"
                          WIDTH="90"
                          VPOS="394"
                          HPOS="1908"
                          CONTENT="eris"/>
               </TextLine>
               <TextLine ID="r4l7"
                         BASELINE="493"
                         HEIGHT="54"
                         WIDTH="836"
                         VPOS="439"
                         HPOS="1161">
                  <String HEIGHT="54"
                          WIDTH="161"
                          VPOS="439"
                          HPOS="1146"
                          CONTENT="eiusdem"/>
                  <SP HEIGHT="54" WIDTH="15" VPOS="439" HPOS="1308"/>
                  <String HEIGHT="54"
                          WIDTH="176"
                          VPOS="439"
                          HPOS="1264"
                          CONTENT="speciei,"/>
                  <SP HEIGHT="54" WIDTH="15" VPOS="439" HPOS="1440"/>
                  <String HEIGHT="54"
                          WIDTH="117"
                          VPOS="439"
                          HPOS="1396"
                          CONTENT="siue"/>
                  <SP HEIGHT="54" WIDTH="15" VPOS="439" HPOS="1513"/>
                  <String HEIGHT="54"
                          WIDTH="161"
                          VPOS="439"
                          HPOS="1469"
                          CONTENT="naturae"/>
                  <SP HEIGHT="54" WIDTH="15" VPOS="439" HPOS="1630"/>
                  <String HEIGHT="54"
                          WIDTH="103"
                          VPOS="439"
                          HPOS="1586"
                          CONTENT="cum"/>
                  <SP HEIGHT="54" WIDTH="15" VPOS="439" HPOS="1689"/>
                  <String HEIGHT="54"
                          WIDTH="117"
                          VPOS="439"
                          HPOS="1645"
                          CONTENT="igne"/>
                  <SP HEIGHT="54" WIDTH="15" VPOS="439" HPOS="1762"/>
                  <String HEIGHT="54"
                          WIDTH="132"
                          VPOS="439"
                          HPOS="1718"
                          CONTENT="isto,"/>
                  <SP HEIGHT="54" WIDTH="15" VPOS="439" HPOS="1850"/>
                  <String HEIGHT="54"
                          WIDTH="103"
                          VPOS="439"
                          HPOS="1806"
                          CONTENT="qui"/>
                  <SP HEIGHT="54" WIDTH="15" VPOS="439" HPOS="1909"/>
                  <String HEIGHT="54"
                          WIDTH="103"
                          VPOS="439"
                          HPOS="1865"
                          CONTENT="pro"/>
                  <SP HEIGHT="54" WIDTH="15" VPOS="439" HPOS="1968"/>
                  <String HEIGHT="54"
                          WIDTH="88"
                          VPOS="439"
                          HPOS="1909"
                          CONTENT="nuns"/>
               </TextLine>
               <TextLine ID="r4l8"
                         BASELINE="534"
                         HEIGHT="58"
                         WIDTH="836"
                         VPOS="476"
                         HPOS="1155">
                  <String HEIGHT="58"
                          WIDTH="117"
                          VPOS="476"
                          HPOS="1138"
                          CONTENT="est"/>
                  <SP HEIGHT="58" WIDTH="17" VPOS="476" HPOS="1255"/>
                  <String HEIGHT="58" WIDTH="100" VPOS="476" HPOS="1205" CONTENT="in"/>
                  <SP HEIGHT="58" WIDTH="17" VPOS="476" HPOS="1305"/>
                  <String HEIGHT="58"
                          WIDTH="167"
                          VPOS="476"
                          HPOS="1255"
                          CONTENT="mundo."/>
                  <SP HEIGHT="58" WIDTH="17" VPOS="476" HPOS="1423"/>
                  <String HEIGHT="58"
                          WIDTH="134"
                          VPOS="476"
                          HPOS="1372"
                          CONTENT="Quia"/>
                  <SP HEIGHT="58" WIDTH="17" VPOS="476" HPOS="1506"/>
                  <String HEIGHT="58"
                          WIDTH="150"
                          VPOS="476"
                          HPOS="1456"
                          CONTENT="sicut"/>
                  <SP HEIGHT="58" WIDTH="17" VPOS="476" HPOS="1606"/>
                  <String HEIGHT="58"
                          WIDTH="134"
                          VPOS="476"
                          HPOS="1556"
                          CONTENT="aqua"/>
                  <SP HEIGHT="58" WIDTH="17" VPOS="476" HPOS="1690"/>
                  <String HEIGHT="58"
                          WIDTH="184"
                          VPOS="476"
                          HPOS="1640"
                          CONTENT="purgans"/>
                  <SP HEIGHT="58" WIDTH="17" VPOS="476" HPOS="1824"/>
                  <String HEIGHT="58"
                          WIDTH="167"
                          VPOS="476"
                          HPOS="1774"
                          CONTENT="mundum"/>
                  <SP HEIGHT="58" WIDTH="17" VPOS="476" HPOS="1941"/>
                  <String HEIGHT="58"
                          WIDTH="117"
                          VPOS="476"
                          HPOS="1874"
                          CONTENT="tempo"/>
               </TextLine>
               <TextLine ID="r4l9"
                         BASELINE="574"
                         HEIGHT="63"
                         WIDTH="850"
                         VPOS="511"
                         HPOS="1144">
                  <String HEIGHT="63" WIDTH="89" VPOS="511" HPOS="1129" CONTENT="re"/>
                  <SP HEIGHT="63" WIDTH="15" VPOS="511" HPOS="1219"/>
                  <String HEIGHT="63"
                          WIDTH="119"
                          VPOS="511"
                          HPOS="1174"
                          CONTENT="Noe,"/>
                  <SP HEIGHT="63" WIDTH="15" VPOS="511" HPOS="1293"/>
                  <String HEIGHT="63"
                          WIDTH="104"
                          VPOS="511"
                          HPOS="1248"
                          CONTENT="non"/>
                  <SP HEIGHT="63" WIDTH="15" VPOS="511" HPOS="1353"/>
                  <String HEIGHT="63"
                          WIDTH="119"
                          VPOS="511"
                          HPOS="1308"
                          CONTENT="fuit"/>
                  <SP HEIGHT="63" WIDTH="15" VPOS="511" HPOS="1427"/>
                  <String HEIGHT="63"
                          WIDTH="179"
                          VPOS="511"
                          HPOS="1383"
                          CONTENT="alterius"/>
                  <SP HEIGHT="63" WIDTH="15" VPOS="511" HPOS="1562"/>
                  <String HEIGHT="63"
                          WIDTH="164"
                          VPOS="511"
                          HPOS="1517"
                          CONTENT="speciei"/>
                  <SP HEIGHT="63" WIDTH="15" VPOS="511" HPOS="1681"/>
                  <String HEIGHT="63" WIDTH="89" VPOS="511" HPOS="1636" CONTENT="ab"/>
                  <SP HEIGHT="63" WIDTH="15" VPOS="511" HPOS="1726"/>
                  <String HEIGHT="63"
                          WIDTH="119"
                          VPOS="511"
                          HPOS="1681"
                          CONTENT="aqua"/>
                  <SP HEIGHT="63" WIDTH="15" VPOS="511" HPOS="1800"/>
                  <String HEIGHT="63"
                          WIDTH="224"
                          VPOS="511"
                          HPOS="1755"
                          CONTENT="elementari;"/>
                  <SP HEIGHT="63" WIDTH="15" VPOS="511" HPOS="1979"/>
                  <String HEIGHT="63" WIDTH="75" VPOS="511" HPOS="1919" CONTENT="sic"/>
               </TextLine>
               <TextLine ID="r4l10"
                         BASELINE="613"
                         HEIGHT="67"
                         WIDTH="856"
                         VPOS="546"
                         HPOS="1150">
                  <String HEIGHT="67"
                          WIDTH="145"
                          VPOS="546"
                          HPOS="1134"
                          CONTENT="ignis"/>
                  <SP HEIGHT="67" WIDTH="16" VPOS="546" HPOS="1279"/>
                  <String HEIGHT="67" WIDTH="97" VPOS="546" HPOS="1231" CONTENT="in"/>
                  <SP HEIGHT="67" WIDTH="16" VPOS="546" HPOS="1328"/>
                  <String HEIGHT="67"
                          WIDTH="226"
                          VPOS="546"
                          HPOS="1279"
                          CONTENT="nouissimis"/>
                  <SP HEIGHT="67" WIDTH="16" VPOS="546" HPOS="1505"/>
                  <String HEIGHT="67"
                          WIDTH="226"
                          VPOS="546"
                          HPOS="1457"
                          CONTENT="temporibus"/>
                  <SP HEIGHT="67" WIDTH="16" VPOS="546" HPOS="1683"/>
                  <String HEIGHT="67"
                          WIDTH="226"
                          VPOS="546"
                          HPOS="1635"
                          CONTENT="purgaturus"/>
                  <SP HEIGHT="67" WIDTH="16" VPOS="546" HPOS="1861"/>
                  <String HEIGHT="67"
                          WIDTH="178"
                          VPOS="546"
                          HPOS="1812"
                          CONTENT="mundum,"/>
                  <SP HEIGHT="67" WIDTH="16" VPOS="546" HPOS="1990"/>
                  <String HEIGHT="67" WIDTH="81" VPOS="546" HPOS="1925" CONTENT="non"/>
               </TextLine>
               <TextLine ID="r4l11"
                         BASELINE="652"
                         HEIGHT="57"
                         WIDTH="847"
                         VPOS="595"
                         HPOS="1150">
                  <String HEIGHT="57"
                          WIDTH="115"
                          VPOS="595"
                          HPOS="1136"
                          CONTENT="erit"/>
                  <SP HEIGHT="57" WIDTH="14" VPOS="595" HPOS="1250"/>
                  <String HEIGHT="57"
                          WIDTH="172"
                          VPOS="595"
                          HPOS="1207"
                          CONTENT="alterius"/>
                  <SP HEIGHT="57" WIDTH="14" VPOS="595" HPOS="1380"/>
                  <String HEIGHT="57"
                          WIDTH="158"
                          VPOS="595"
                          HPOS="1337"
                          CONTENT="speciei"/>
                  <SP HEIGHT="57" WIDTH="14" VPOS="595" HPOS="1495"/>
                  <String HEIGHT="57" WIDTH="86" VPOS="595" HPOS="1451" CONTENT="ab"/>
                  <SP HEIGHT="57" WIDTH="14" VPOS="595" HPOS="1538"/>
                  <String HEIGHT="57"
                          WIDTH="115"
                          VPOS="595"
                          HPOS="1495"
                          CONTENT="igne"/>
                  <SP HEIGHT="57" WIDTH="14" VPOS="595" HPOS="1609"/>
                  <String HEIGHT="57"
                          WIDTH="215"
                          VPOS="595"
                          HPOS="1566"
                          CONTENT="elementari."/>
                  <SP HEIGHT="57" WIDTH="14" VPOS="595" HPOS="1782"/>
                  <String HEIGHT="57" WIDTH="86" VPOS="595" HPOS="1739" CONTENT="Et"/>
                  <SP HEIGHT="57" WIDTH="14" VPOS="595" HPOS="1825"/>
                  <String HEIGHT="57"
                          WIDTH="129"
                          VPOS="595"
                          HPOS="1782"
                          CONTENT="istam"/>
                  <SP HEIGHT="57" WIDTH="14" VPOS="595" HPOS="1911"/>
                  <String HEIGHT="57"
                          WIDTH="144"
                          VPOS="595"
                          HPOS="1853"
                          CONTENT="rationem"/>
               </TextLine>
               <TextLine ID="r4l12"
                         BASELINE="685"
                         HEIGHT="52"
                         WIDTH="849"
                         VPOS="633"
                         HPOS="1151">
                  <String HEIGHT="52"
                          WIDTH="164"
                          VPOS="633"
                          HPOS="1136"
                          CONTENT="videtur"/>
                  <SP HEIGHT="52" WIDTH="15" VPOS="633" HPOS="1300"/>
                  <String HEIGHT="52"
                          WIDTH="164"
                          VPOS="633"
                          HPOS="1255"
                          CONTENT="tangere"/>
                  <SP HEIGHT="52" WIDTH="15" VPOS="633" HPOS="1419"/>
                  <String HEIGHT="52"
                          WIDTH="119"
                          VPOS="633"
                          HPOS="1374"
                          CONTENT="Aug."/>
                  <SP HEIGHT="52" WIDTH="15" VPOS="633" HPOS="1494"/>
                  <String HEIGHT="52"
                          WIDTH="104"
                          VPOS="633"
                          HPOS="1449"
                          CONTENT="20."/>
                  <SP HEIGHT="52" WIDTH="15" VPOS="633" HPOS="1553"/>
                  <String HEIGHT="52" WIDTH="89" VPOS="633" HPOS="1508" CONTENT="de"/>
                  <SP HEIGHT="52" WIDTH="15" VPOS="633" HPOS="1598"/>
                  <String HEIGHT="52"
                          WIDTH="104"
                          VPOS="633"
                          HPOS="1553"
                          CONTENT="ci."/>
                  <SP HEIGHT="52" WIDTH="15" VPOS="633" HPOS="1657"/>
                  <String HEIGHT="52"
                          WIDTH="119"
                          VPOS="633"
                          HPOS="1613"
                          CONTENT="Dei,"/>
                  <SP HEIGHT="52" WIDTH="15" VPOS="633" HPOS="1732"/>
                  <String HEIGHT="52"
                          WIDTH="164"
                          VPOS="633"
                          HPOS="1687"
                          CONTENT="dicens,"/>
                  <SP HEIGHT="52" WIDTH="15" VPOS="633" HPOS="1851"/>
                  <String HEIGHT="52"
                          WIDTH="149"
                          VPOS="633"
                          HPOS="1806"
                          CONTENT="Figura"/>
                  <SP HEIGHT="52" WIDTH="15" VPOS="633" HPOS="1955"/>
                  <String HEIGHT="52"
                          WIDTH="104"
                          VPOS="633"
                          HPOS="1896"
                          CONTENT="huius"/>
               </TextLine>
               <TextLine ID="r4l14"
                         BASELINE="732"
                         HEIGHT="61"
                         WIDTH="846"
                         VPOS="671"
                         HPOS="1154">
                  <String HEIGHT="61"
                          WIDTH="141"
                          VPOS="671"
                          HPOS="1138"
                          CONTENT="mundi"/>
                  <SP HEIGHT="61" WIDTH="16" VPOS="671" HPOS="1279"/>
                  <String HEIGHT="61"
                          WIDTH="219"
                          VPOS="671"
                          HPOS="1232"
                          CONTENT="mundanorum"/>
                  <SP HEIGHT="61" WIDTH="16" VPOS="671" HPOS="1452"/>
                  <String HEIGHT="61"
                          WIDTH="157"
                          VPOS="671"
                          HPOS="1405"
                          CONTENT="ignium"/>
                  <SP HEIGHT="61" WIDTH="16" VPOS="671" HPOS="1561"/>
                  <String HEIGHT="61"
                          WIDTH="282"
                          VPOS="671"
                          HPOS="1514"
                          CONTENT="conflagratione"/>
                  <SP HEIGHT="61" WIDTH="16" VPOS="671" HPOS="1796"/>
                  <String HEIGHT="61"
                          WIDTH="188"
                          VPOS="671"
                          HPOS="1749"
                          CONTENT="peribit,"/>
                  <SP HEIGHT="61" WIDTH="16" VPOS="671" HPOS="1937"/>
                  <String HEIGHT="61"
                          WIDTH="141"
                          VPOS="671"
                          HPOS="1890"
                          CONTENT="sicut"/>
                  <SP HEIGHT="61" WIDTH="16" VPOS="671" HPOS="2031"/>
                  <String HEIGHT="61" WIDTH="31" VPOS="671" HPOS="1969" CONTENT=""/>
               </TextLine>
               <TextLine ID="r4l16"
                         BASELINE="760"
                         HEIGHT="51"
                         WIDTH="678"
                         VPOS="709"
                         HPOS="1140">
                  <String HEIGHT="51"
                          WIDTH="165"
                          VPOS="709"
                          HPOS="1123"
                          CONTENT="factum"/>
                  <SP HEIGHT="51" WIDTH="17" VPOS="709" HPOS="1289"/>
                  <String HEIGHT="51"
                          WIDTH="132"
                          VPOS="709"
                          HPOS="1239"
                          CONTENT="fuit"/>
                  <SP HEIGHT="51" WIDTH="17" VPOS="709" HPOS="1372"/>
                  <String HEIGHT="51"
                          WIDTH="182"
                          VPOS="709"
                          HPOS="1322"
                          CONTENT="aquarum"/>
                  <SP HEIGHT="51" WIDTH="17" VPOS="709" HPOS="1504"/>
                  <String HEIGHT="51"
                          WIDTH="248"
                          VPOS="709"
                          HPOS="1454"
                          CONTENT="inundatione"/>
                  <SP HEIGHT="51" WIDTH="17" VPOS="709" HPOS="1702"/>
                  <String HEIGHT="51"
                          WIDTH="182"
                          VPOS="709"
                          HPOS="1636"
                          CONTENT="diluuium."/>
               </TextLine>
               <TextLine ID="r4l18"
                         BASELINE="806"
                         HEIGHT="57"
                         WIDTH="806"
                         VPOS="749"
                         HPOS="1176">
                  <String HEIGHT="57"
                          WIDTH="106"
                          VPOS="749"
                          HPOS="1161"
                          CONTENT="Sed"/>
                  <SP HEIGHT="57" WIDTH="15" VPOS="749" HPOS="1267"/>
                  <String HEIGHT="57"
                          WIDTH="198"
                          VPOS="749"
                          HPOS="1222"
                          CONTENT="oppositum"/>
                  <SP HEIGHT="57" WIDTH="15" VPOS="749" HPOS="1419"/>
                  <String HEIGHT="57"
                          WIDTH="152"
                          VPOS="749"
                          HPOS="1374"
                          CONTENT="istius"/>
                  <SP HEIGHT="57" WIDTH="15" VPOS="749" HPOS="1526"/>
                  <String HEIGHT="57"
                          WIDTH="243"
                          VPOS="749"
                          HPOS="1480"
                          CONTENT="conclusionis"/>
                  <SP HEIGHT="57" WIDTH="15" VPOS="749" HPOS="1723"/>
                  <String HEIGHT="57"
                          WIDTH="152"
                          VPOS="749"
                          HPOS="1678"
                          CONTENT="aliqui"/>
                  <SP HEIGHT="57" WIDTH="15" VPOS="749" HPOS="1830"/>
                  <String HEIGHT="57"
                          WIDTH="167"
                          VPOS="749"
                          HPOS="1784"
                          CONTENT="probant"/>
                  <SP HEIGHT="57" WIDTH="15" VPOS="749" HPOS="1952"/>
                  <String HEIGHT="57"
                          WIDTH="91"
                          VPOS="749"
                          HPOS="1891"
                          CONTENT="sic,"/>
               </TextLine>
               <TextLine ID="r4l20"
                         BASELINE="845"
                         HEIGHT="53"
                         WIDTH="829"
                         VPOS="792"
                         HPOS="1159">
                  <String HEIGHT="53" WIDTH="78" VPOS="792" HPOS="1143" CONTENT="1"/>
                  <SP HEIGHT="53" WIDTH="16" VPOS="792" HPOS="1222"/>
                  <String HEIGHT="53"
                          WIDTH="156"
                          VPOS="792"
                          HPOS="1175"
                          CONTENT="Nullus"/>
                  <SP HEIGHT="53" WIDTH="16" VPOS="792" HPOS="1331"/>
                  <String HEIGHT="53"
                          WIDTH="141"
                          VPOS="792"
                          HPOS="1284"
                          CONTENT="ignis"/>
                  <SP HEIGHT="53" WIDTH="16" VPOS="792" HPOS="1425"/>
                  <String HEIGHT="53"
                          WIDTH="235"
                          VPOS="792"
                          HPOS="1378"
                          CONTENT="elementaris"/>
                  <SP HEIGHT="53" WIDTH="16" VPOS="792" HPOS="1613"/>
                  <String HEIGHT="53"
                          WIDTH="156"
                          VPOS="792"
                          HPOS="1566"
                          CONTENT="potest"/>
                  <SP HEIGHT="53" WIDTH="16" VPOS="792" HPOS="1722"/>
                  <String HEIGHT="53"
                          WIDTH="156"
                          VPOS="792"
                          HPOS="1675"
                          CONTENT="coelum"/>
                  <SP HEIGHT="53" WIDTH="16" VPOS="792" HPOS="1832"/>
                  <String HEIGHT="53"
                          WIDTH="188"
                          VPOS="792"
                          HPOS="1785"
                          CONTENT="realiter"/>
                  <SP HEIGHT="53" WIDTH="16" VPOS="792" HPOS="1972"/>
                  <String HEIGHT="53"
                          WIDTH="78"
                          VPOS="792"
                          HPOS="1910"
                          CONTENT="im"
                          SUBS_TYPE="HypPart1"
                          SUBS_CONTENT="immutare,"/>
                  <HYP CONTENT="-"/>
               </TextLine>
               <TextLine ID="r4l21"
                         BASELINE="886"
                         HEIGHT="58"
                         WIDTH="842"
                         VPOS="828"
                         HPOS="1143">
                  <String HEIGHT="58"
                          WIDTH="162"
                          VPOS="828"
                          HPOS="1128"
                          CONTENT="mutare,"
                          SUBS_TYPE="HypPart2"
                          SUBS_CONTENT="immutare,"/>
                  <SP HEIGHT="58" WIDTH="15" VPOS="828" HPOS="1291"/>
                  <String HEIGHT="58"
                          WIDTH="103"
                          VPOS="828"
                          HPOS="1246"
                          CONTENT="Sed"/>
                  <SP HEIGHT="58" WIDTH="15" VPOS="828" HPOS="1350"/>
                  <String HEIGHT="58"
                          WIDTH="118"
                          VPOS="828"
                          HPOS="1305"
                          CONTENT="iste"/>
                  <SP HEIGHT="58" WIDTH="15" VPOS="828" HPOS="1424"/>
                  <String HEIGHT="58"
                          WIDTH="133"
                          VPOS="828"
                          HPOS="1379"
                          CONTENT="ignis"/>
                  <SP HEIGHT="58" WIDTH="15" VPOS="828" HPOS="1512"/>
                  <String HEIGHT="58"
                          WIDTH="177"
                          VPOS="828"
                          HPOS="1468"
                          CONTENT="realiter"/>
                  <SP HEIGHT="58" WIDTH="15" VPOS="828" HPOS="1645"/>
                  <String HEIGHT="58"
                          WIDTH="162"
                          VPOS="828"
                          HPOS="1601"
                          CONTENT="immutat"/>
                  <SP HEIGHT="58" WIDTH="15" VPOS="828" HPOS="1763"/>
                  <String HEIGHT="58"
                          WIDTH="162"
                          VPOS="828"
                          HPOS="1719"
                          CONTENT="coelum."/>
                  <SP HEIGHT="58" WIDTH="15" VPOS="828" HPOS="1882"/>
                  <String HEIGHT="58"
                          WIDTH="133"
                          VPOS="828"
                          HPOS="1837"
                          CONTENT="Minor"/>
                  <SP HEIGHT="58" WIDTH="15" VPOS="828" HPOS="1970"/>
                  <String HEIGHT="58" WIDTH="74" VPOS="828" HPOS="1911" CONTENT="pro"/>
               </TextLine>
               <TextLine ID="r4l22"
                         BASELINE="925"
                         HEIGHT="55"
                         WIDTH="835"
                         VPOS="870"
                         HPOS="1150">
                  <String HEIGHT="55"
                          WIDTH="115"
                          VPOS="870"
                          HPOS="1136"
                          CONTENT="tet:"/>
                  <SP HEIGHT="55" WIDTH="14" VPOS="870" HPOS="1251"/>
                  <String HEIGHT="55"
                          WIDTH="115"
                          VPOS="870"
                          HPOS="1208"
                          CONTENT="quia"/>
                  <SP HEIGHT="55" WIDTH="14" VPOS="870" HPOS="1323"/>
                  <String HEIGHT="55"
                          WIDTH="144"
                          VPOS="870"
                          HPOS="1280"
                          CONTENT="coelum"/>
                  <SP HEIGHT="55" WIDTH="14" VPOS="870" HPOS="1424"/>
                  <String HEIGHT="55"
                          WIDTH="101"
                          VPOS="870"
                          HPOS="1380"
                          CONTENT="non"/>
                  <SP HEIGHT="55" WIDTH="14" VPOS="870" HPOS="1481"/>
                  <String HEIGHT="55"
                          WIDTH="101"
                          VPOS="870"
                          HPOS="1438"
                          CONTENT="est"/>
                  <SP HEIGHT="55" WIDTH="14" VPOS="870" HPOS="1539"/>
                  <String HEIGHT="55"
                          WIDTH="230"
                          VPOS="870"
                          HPOS="1496"
                          CONTENT="susceptibile"/>
                  <SP HEIGHT="55" WIDTH="14" VPOS="870" HPOS="1726"/>
                  <String HEIGHT="55"
                          WIDTH="202"
                          VPOS="870"
                          HPOS="1683"
                          CONTENT="peregrinae"/>
                  <SP HEIGHT="55" WIDTH="14" VPOS="870" HPOS="1884"/>
                  <String HEIGHT="55"
                          WIDTH="158"
                          VPOS="870"
                          HPOS="1827"
                          CONTENT="impressic"/>
               </TextLine>
               <TextLine ID="r4l23"
                         BASELINE="961"
                         HEIGHT="56"
                         WIDTH="836"
                         VPOS="905"
                         HPOS="1152">
                  <String HEIGHT="56"
                          WIDTH="115"
                          VPOS="905"
                          HPOS="1138"
                          CONTENT="nis,"/>
                  <SP HEIGHT="56" WIDTH="14" VPOS="905" HPOS="1253"/>
                  <String HEIGHT="56" WIDTH="86" VPOS="905" HPOS="1210" CONTENT="vt"/>
                  <SP HEIGHT="56" WIDTH="14" VPOS="905" HPOS="1296"/>
                  <String HEIGHT="56"
                          WIDTH="144"
                          VPOS="905"
                          HPOS="1253"
                          CONTENT="dicunt"/>
                  <SP HEIGHT="56" WIDTH="14" VPOS="905" HPOS="1397"/>
                  <String HEIGHT="56"
                          WIDTH="130"
                          VPOS="905"
                          HPOS="1354"
                          CONTENT="omnes"/>
                  <SP HEIGHT="56" WIDTH="14" VPOS="905" HPOS="1484"/>
                  <String HEIGHT="56"
                          WIDTH="187"
                          VPOS="905"
                          HPOS="1440"
                          CONTENT="naturales"/>
                  <SP HEIGHT="56" WIDTH="14" VPOS="905" HPOS="1628"/>
                  <String HEIGHT="56"
                          WIDTH="216"
                          VPOS="905"
                          HPOS="1584"
                          CONTENT="philosophi,"/>
                  <SP HEIGHT="56" WIDTH="14" VPOS="905" HPOS="1801"/>
                  <String HEIGHT="56"
                          WIDTH="115"
                          VPOS="905"
                          HPOS="1757"
                          CONTENT="quod"/>
                  <SP HEIGHT="56" WIDTH="14" VPOS="905" HPOS="1873"/>
                  <String HEIGHT="56"
                          WIDTH="144"
                          VPOS="905"
                          HPOS="1829"
                          CONTENT="vtique"/>
                  <SP HEIGHT="56" WIDTH="14" VPOS="905" HPOS="1974"/>
                  <String HEIGHT="56"
                          WIDTH="72"
                          VPOS="905"
                          HPOS="1916"
                          CONTENT="ve"
                          SUBS_TYPE="HypPart1"
                          SUBS_CONTENT="vetum"/>
                  <HYP CONTENT="-"/>
               </TextLine>
               <TextLine ID="r4l24"
                         BASELINE="999"
                         HEIGHT="51"
                         WIDTH="828"
                         VPOS="948"
                         HPOS="1155">
                  <String HEIGHT="51"
                          WIDTH="102"
                          VPOS="948"
                          HPOS="1140"
                          CONTENT="tum"
                          SUBS_TYPE="HypPart2"
                          SUBS_CONTENT="vetum"/>
                  <SP HEIGHT="51" WIDTH="15" VPOS="948" HPOS="1242"/>
                  <String HEIGHT="51"
                          WIDTH="116"
                          VPOS="948"
                          HPOS="1199"
                          CONTENT="est,"/>
                  <SP HEIGHT="51" WIDTH="15" VPOS="948" HPOS="1315"/>
                  <String HEIGHT="51"
                          WIDTH="174"
                          VPOS="948"
                          HPOS="1271"
                          CONTENT="respectu"/>
                  <SP HEIGHT="51" WIDTH="15" VPOS="948" HPOS="1446"/>
                  <String HEIGHT="51"
                          WIDTH="218"
                          VPOS="948"
                          HPOS="1402"
                          CONTENT="cuiuscunque"/>
                  <SP HEIGHT="51" WIDTH="15" VPOS="948" HPOS="1620"/>
                  <String HEIGHT="51"
                          WIDTH="174"
                          VPOS="948"
                          HPOS="1576"
                          CONTENT="virtutis"/>
                  <SP HEIGHT="51" WIDTH="15" VPOS="948" HPOS="1751"/>
                  <String HEIGHT="51"
                          WIDTH="232"
                          VPOS="948"
                          HPOS="1707"
                          CONTENT="elementaris."/>
                  <SP HEIGHT="51" WIDTH="15" VPOS="948" HPOS="1939"/>
                  <String HEIGHT="51"
                          WIDTH="102"
                          VPOS="948"
                          HPOS="1881"
                          CONTENT="Minos"/>
               </TextLine>
               <TextLine ID="r4l25"
                         BASELINE="1038"
                         HEIGHT="48"
                         WIDTH="843"
                         VPOS="990"
                         HPOS="1147">
                  <String HEIGHT="48"
                          WIDTH="129"
                          VPOS="990"
                          HPOS="1133"
                          CONTENT="patet"/>
                  <SP HEIGHT="48" WIDTH="14" VPOS="990" HPOS="1261"/>
                  <String HEIGHT="48" WIDTH="71" VPOS="990" HPOS="1218" CONTENT="2"/>
                  <SP HEIGHT="48" WIDTH="14" VPOS="990" HPOS="1290"/>
                  <String HEIGHT="48"
                          WIDTH="114"
                          VPOS="990"
                          HPOS="1247"
                          CONTENT="Det."/>
                  <SP HEIGHT="48" WIDTH="14" VPOS="990" HPOS="1361"/>
                  <String HEIGHT="48"
                          WIDTH="100"
                          VPOS="990"
                          HPOS="1318"
                          CONTENT="vbi"/>
                  <SP HEIGHT="48" WIDTH="14" VPOS="990" HPOS="1418"/>
                  <String HEIGHT="48"
                          WIDTH="171"
                          VPOS="990"
                          HPOS="1376"
                          CONTENT="dicitur,"/>
                  <SP HEIGHT="48" WIDTH="14" VPOS="990" HPOS="1547"/>
                  <String HEIGHT="48"
                          WIDTH="129"
                          VPOS="990"
                          HPOS="1504"
                          CONTENT="Coeli"/>
                  <SP HEIGHT="48" WIDTH="14" VPOS="990" HPOS="1633"/>
                  <String HEIGHT="48"
                          WIDTH="186"
                          VPOS="990"
                          HPOS="1590"
                          CONTENT="ardentes,"/>
                  <SP HEIGHT="48" WIDTH="14" VPOS="990" HPOS="1776"/>
                  <String HEIGHT="48"
                          WIDTH="200"
                          VPOS="990"
                          HPOS="1733"
                          CONTENT="soluentur,"/>
                  <SP HEIGHT="48" WIDTH="14" VPOS="990" HPOS="1933"/>
                  <String HEIGHT="48" WIDTH="71" VPOS="990" HPOS="1890" CONTENT="&amp;"/>
                  <SP HEIGHT="48" WIDTH="14" VPOS="990" HPOS="1961"/>
                  <String HEIGHT="48"
                          WIDTH="86"
                          VPOS="990"
                          HPOS="1904"
                          CONTENT="ele"
                          SUBS_TYPE="HypPart1"
                          SUBS_CONTENT="elementa"/>
                  <HYP CONTENT="-"/>
               </TextLine>
               <TextLine ID="r4l27"
                         BASELINE="1072"
                         HEIGHT="44"
                         WIDTH="452"
                         VPOS="1028"
                         HPOS="1143">
                  <String HEIGHT="44"
                          WIDTH="145"
                          VPOS="1028"
                          HPOS="1127"
                          CONTENT="menta"
                          SUBS_TYPE="HypPart2"
                          SUBS_CONTENT="elementa"/>
                  <SP HEIGHT="44" WIDTH="16" VPOS="1028" HPOS="1272"/>
                  <String HEIGHT="44"
                          WIDTH="145"
                          VPOS="1028"
                          HPOS="1224"
                          CONTENT="ignis"/>
                  <SP HEIGHT="44" WIDTH="16" VPOS="1028" HPOS="1369"/>
                  <String HEIGHT="44"
                          WIDTH="161"
                          VPOS="1028"
                          HPOS="1321"
                          CONTENT="calore"/>
                  <SP HEIGHT="44" WIDTH="16" VPOS="1028" HPOS="1482"/>
                  <String HEIGHT="44"
                          WIDTH="178"
                          VPOS="1028"
                          HPOS="1417"
                          CONTENT="tabescent"/>
               </TextLine>
               <TextLine ID="r4l29"
                         BASELINE="1117"
                         HEIGHT="52"
                         WIDTH="817"
                         VPOS="1065"
                         HPOS="1162">
                  <String HEIGHT="52" WIDTH="73" VPOS="1065" HPOS="1147" CONTENT="2"/>
                  <SP HEIGHT="52" WIDTH="15" VPOS="1065" HPOS="1220"/>
                  <String HEIGHT="52"
                          WIDTH="204"
                          VPOS="1065"
                          HPOS="1177"
                          CONTENT="Praeterea,"/>
                  <SP HEIGHT="52" WIDTH="15" VPOS="1065" HPOS="1381"/>
                  <String HEIGHT="52"
                          WIDTH="131"
                          VPOS="1065"
                          HPOS="1337"
                          CONTENT="super"/>
                  <SP HEIGHT="52" WIDTH="15" VPOS="1065" HPOS="1468"/>
                  <String HEIGHT="52"
                          WIDTH="131"
                          VPOS="1065"
                          HPOS="1425"
                          CONTENT="verbo"/>
                  <SP HEIGHT="52" WIDTH="15" VPOS="1065" HPOS="1556"/>
                  <String HEIGHT="52"
                          WIDTH="102"
                          VPOS="1065"
                          HPOS="1512"
                          CONTENT="iam"/>
                  <SP HEIGHT="52" WIDTH="15" VPOS="1065" HPOS="1614"/>
                  <String HEIGHT="52"
                          WIDTH="131"
                          VPOS="1065"
                          HPOS="1571"
                          CONTENT="dicto"/>
                  <SP HEIGHT="52" WIDTH="15" VPOS="1065" HPOS="1702"/>
                  <String HEIGHT="52"
                          WIDTH="131"
                          VPOS="1065"
                          HPOS="1658"
                          CONTENT="dicit"/>
                  <SP HEIGHT="52" WIDTH="15" VPOS="1065" HPOS="1789"/>
                  <String HEIGHT="52"
                          WIDTH="131"
                          VPOS="1065"
                          HPOS="1746"
                          CONTENT="glosa"/>
                  <SP HEIGHT="52" WIDTH="15" VPOS="1065" HPOS="1877"/>
                  <String HEIGHT="52"
                          WIDTH="146"
                          VPOS="1065"
                          HPOS="1833"
                          CONTENT="bedae,"/>
                  <SP HEIGHT="52" WIDTH="15" VPOS="1065" HPOS="1979"/>
                  <String HEIGHT="52" WIDTH="58" VPOS="1065" HPOS="1921" CONTENT="qu"/>
               </TextLine>
               <TextLine ID="r4l30"
                         BASELINE="1156"
                         HEIGHT="54"
                         WIDTH="829"
                         VPOS="1102"
                         HPOS="1150">
                  <String HEIGHT="54"
                          WIDTH="138"
                          VPOS="1102"
                          HPOS="1135"
                          CONTENT="ignis"/>
                  <SP HEIGHT="54" WIDTH="15" VPOS="1102" HPOS="1273"/>
                  <String HEIGHT="54"
                          WIDTH="123"
                          VPOS="1102"
                          HPOS="1227"
                          CONTENT="iste"/>
                  <SP HEIGHT="54" WIDTH="15" VPOS="1102" HPOS="1350"/>
                  <String HEIGHT="54"
                          WIDTH="184"
                          VPOS="1102"
                          HPOS="1304"
                          CONTENT="quattuor"/>
                  <SP HEIGHT="54" WIDTH="15" VPOS="1102" HPOS="1488"/>
                  <String HEIGHT="54"
                          WIDTH="184"
                          VPOS="1102"
                          HPOS="1442"
                          CONTENT="elementa"/>
                  <SP HEIGHT="54" WIDTH="15" VPOS="1102" HPOS="1626"/>
                  <String HEIGHT="54"
                          WIDTH="200"
                          VPOS="1102"
                          HPOS="1580"
                          CONTENT="consumet,"/>
                  <SP HEIGHT="54" WIDTH="15" VPOS="1102" HPOS="1779"/>
                  <String HEIGHT="54"
                          WIDTH="107"
                          VPOS="1102"
                          HPOS="1733"
                          CONTENT="sed"/>
                  <SP HEIGHT="54" WIDTH="15" VPOS="1102" HPOS="1841"/>
                  <String HEIGHT="54"
                          WIDTH="138"
                          VPOS="1102"
                          HPOS="1795"
                          CONTENT="nihil"/>
                  <SP HEIGHT="54" WIDTH="15" VPOS="1102" HPOS="1933"/>
                  <String HEIGHT="54"
                          WIDTH="107"
                          VPOS="1102"
                          HPOS="1872"
                          CONTENT="consu"/>
               </TextLine>
               <TextLine ID="r4l31"
                         BASELINE="1198"
                         HEIGHT="54"
                         WIDTH="857"
                         VPOS="1144"
                         HPOS="1140">
                  <String HEIGHT="54"
                          WIDTH="105"
                          VPOS="1144"
                          HPOS="1125"
                          CONTENT="met"/>
                  <SP HEIGHT="54" WIDTH="15" VPOS="1144" HPOS="1230"/>
                  <String HEIGHT="54"
                          WIDTH="180"
                          VPOS="1144"
                          HPOS="1185"
                          CONTENT="seipsum:"/>
                  <SP HEIGHT="54" WIDTH="15" VPOS="1144" HPOS="1366"/>
                  <String HEIGHT="54"
                          WIDTH="120"
                          VPOS="1144"
                          HPOS="1320"
                          CONTENT="ergo"/>
                  <SP HEIGHT="54" WIDTH="15" VPOS="1144" HPOS="1441"/>
                  <String HEIGHT="54"
                          WIDTH="135"
                          VPOS="1144"
                          HPOS="1396"
                          CONTENT="ignis"/>
                  <SP HEIGHT="54" WIDTH="15" VPOS="1144" HPOS="1531"/>
                  <String HEIGHT="54"
                          WIDTH="120"
                          VPOS="1144"
                          HPOS="1486"
                          CONTENT="iste"/>
                  <SP HEIGHT="54" WIDTH="15" VPOS="1144" HPOS="1606"/>
                  <String HEIGHT="54"
                          WIDTH="105"
                          VPOS="1144"
                          HPOS="1561"
                          CONTENT="non"/>
                  <SP HEIGHT="54" WIDTH="15" VPOS="1144" HPOS="1666"/>
                  <String HEIGHT="54"
                          WIDTH="120"
                          VPOS="1144"
                          HPOS="1621"
                          CONTENT="erit"/>
                  <SP HEIGHT="54" WIDTH="15" VPOS="1144" HPOS="1741"/>
                  <String HEIGHT="54"
                          WIDTH="165"
                          VPOS="1144"
                          HPOS="1696"
                          CONTENT="eiusdem"/>
                  <SP HEIGHT="54" WIDTH="15" VPOS="1144" HPOS="1862"/>
                  <String HEIGHT="54"
                          WIDTH="165"
                          VPOS="1144"
                          HPOS="1817"
                          CONTENT="speciei"/>
                  <SP HEIGHT="54" WIDTH="15" VPOS="1144" HPOS="1982"/>
                  <String HEIGHT="54"
                          WIDTH="75"
                          VPOS="1144"
                          HPOS="1922"
                          CONTENT="cum"/>
               </TextLine>
               <TextLine ID="r4l32"
                         BASELINE="1232"
                         HEIGHT="54"
                         WIDTH="249"
                         VPOS="1178"
                         HPOS="1154">
                  <String HEIGHT="54"
                          WIDTH="116"
                          VPOS="1178"
                          HPOS="1137"
                          CONTENT="gne"/>
                  <SP HEIGHT="54" WIDTH="17" VPOS="1178" HPOS="1254"/>
                  <String HEIGHT="54"
                          WIDTH="216"
                          VPOS="1178"
                          HPOS="1187"
                          CONTENT="elementari."/>
               </TextLine>
               <TextLine ID="r4l35"
                         BASELINE="1273"
                         HEIGHT="46"
                         WIDTH="830"
                         VPOS="1227"
                         HPOS="1162">
                  <String HEIGHT="46" WIDTH="83" VPOS="1227" HPOS="1145" CONTENT="3"/>
                  <SP HEIGHT="46" WIDTH="17" VPOS="1227" HPOS="1228"/>
                  <String HEIGHT="46"
                          WIDTH="232"
                          VPOS="1227"
                          HPOS="1179"
                          CONTENT="Praeterea,"/>
                  <SP HEIGHT="46" WIDTH="17" VPOS="1227" HPOS="1411"/>
                  <String HEIGHT="46"
                          WIDTH="183"
                          VPOS="1227"
                          HPOS="1361"
                          CONTENT="corpora"/>
                  <SP HEIGHT="46" WIDTH="17" VPOS="1227" HPOS="1544"/>
                  <String HEIGHT="46"
                          WIDTH="183"
                          VPOS="1227"
                          HPOS="1494"
                          CONTENT="eiusdem"/>
                  <SP HEIGHT="46" WIDTH="17" VPOS="1227" HPOS="1677"/>
                  <String HEIGHT="46"
                          WIDTH="183"
                          VPOS="1227"
                          HPOS="1627"
                          CONTENT="speciei"/>
                  <SP HEIGHT="46" WIDTH="17" VPOS="1227" HPOS="1809"/>
                  <String HEIGHT="46"
                          WIDTH="166"
                          VPOS="1227"
                          HPOS="1760"
                          CONTENT="habent"/>
                  <SP HEIGHT="46" WIDTH="17" VPOS="1227" HPOS="1926"/>
                  <String HEIGHT="46"
                          WIDTH="133"
                          VPOS="1227"
                          HPOS="1859"
                          CONTENT="eundem"/>
               </TextLine>
               <TextLine ID="r4l36"
                         BASELINE="1316"
                         HEIGHT="51"
                         WIDTH="838"
                         VPOS="1265"
                         HPOS="1147">
                  <String HEIGHT="51"
                          WIDTH="137"
                          VPOS="1265"
                          HPOS="1132"
                          CONTENT="motum"/>
                  <SP HEIGHT="51" WIDTH="15" VPOS="1265" HPOS="1269"/>
                  <String HEIGHT="51"
                          WIDTH="168"
                          VPOS="1265"
                          HPOS="1223"
                          CONTENT="specie."/>
                  <SP HEIGHT="51" WIDTH="15" VPOS="1265" HPOS="1391"/>
                  <String HEIGHT="51"
                          WIDTH="107"
                          VPOS="1265"
                          HPOS="1345"
                          CONTENT="Sed"/>
                  <SP HEIGHT="51" WIDTH="15" VPOS="1265" HPOS="1452"/>
                  <String HEIGHT="51"
                          WIDTH="122"
                          VPOS="1265"
                          HPOS="1406"
                          CONTENT="iste"/>
                  <SP HEIGHT="51" WIDTH="15" VPOS="1265" HPOS="1528"/>
                  <String HEIGHT="51"
                          WIDTH="137"
                          VPOS="1265"
                          HPOS="1482"
                          CONTENT="ignis"/>
                  <SP HEIGHT="51" WIDTH="15" VPOS="1265" HPOS="1619"/>
                  <String HEIGHT="51"
                          WIDTH="168"
                          VPOS="1265"
                          HPOS="1574"
                          CONTENT="mouetur"/>
                  <SP HEIGHT="51" WIDTH="15" VPOS="1265" HPOS="1741"/>
                  <String HEIGHT="51" WIDTH="91" VPOS="1265" HPOS="1696" CONTENT="ad"/>
                  <SP HEIGHT="51" WIDTH="15" VPOS="1265" HPOS="1787"/>
                  <String HEIGHT="51"
                          WIDTH="137"
                          VPOS="1265"
                          HPOS="1741"
                          CONTENT="omnem"/>
                  <SP HEIGHT="51" WIDTH="15" VPOS="1265" HPOS="1878"/>
                  <String HEIGHT="51"
                          WIDTH="168"
                          VPOS="1265"
                          HPOS="1817"
                          CONTENT="differen"
                          SUBS_TYPE="HypPart1"
                          SUBS_CONTENT="differentiam"/>
                  <HYP CONTENT="-"/>
               </TextLine>
               <TextLine ID="r4l37"
                         BASELINE="1350"
                         HEIGHT="53"
                         WIDTH="840"
                         VPOS="1297"
                         HPOS="1150">
                  <String HEIGHT="53"
                          WIDTH="116"
                          VPOS="1297"
                          HPOS="1136"
                          CONTENT="tiam"
                          SUBS_TYPE="HypPart2"
                          SUBS_CONTENT="differentiam"/>
                  <SP HEIGHT="53" WIDTH="14" VPOS="1297" HPOS="1251"/>
                  <String HEIGHT="53"
                          WIDTH="203"
                          VPOS="1297"
                          HPOS="1208"
                          CONTENT="positonis,"/>
                  <SP HEIGHT="53" WIDTH="14" VPOS="1297" HPOS="1411"/>
                  <String HEIGHT="53"
                          WIDTH="130"
                          VPOS="1297"
                          HPOS="1367"
                          CONTENT="puta,"/>
                  <SP HEIGHT="53" WIDTH="14" VPOS="1297" HPOS="1498"/>
                  <String HEIGHT="53"
                          WIDTH="145"
                          VPOS="1297"
                          HPOS="1454"
                          CONTENT="sursum"/>
                  <SP HEIGHT="53" WIDTH="14" VPOS="1297" HPOS="1599"/>
                  <String HEIGHT="53"
                          WIDTH="174"
                          VPOS="1297"
                          HPOS="1556"
                          CONTENT="deorsum,"/>
                  <SP HEIGHT="53" WIDTH="14" VPOS="1297" HPOS="1729"/>
                  <String HEIGHT="53" WIDTH="72" VPOS="1297" HPOS="1686" CONTENT="&amp;"/>
                  <SP HEIGHT="53" WIDTH="14" VPOS="1297" HPOS="1758"/>
                  <String HEIGHT="53"
                          WIDTH="101"
                          VPOS="1297"
                          HPOS="1715"
                          CONTENT="sic"/>
                  <SP HEIGHT="53" WIDTH="14" VPOS="1297" HPOS="1816"/>
                  <String HEIGHT="53" WIDTH="87" VPOS="1297" HPOS="1773" CONTENT="de"/>
                  <SP HEIGHT="53" WIDTH="14" VPOS="1297" HPOS="1860"/>
                  <String HEIGHT="53"
                          WIDTH="145"
                          VPOS="1297"
                          HPOS="1816"
                          CONTENT="alijs,"/>
                  <SP HEIGHT="53" WIDTH="14" VPOS="1297" HPOS="1961"/>
                  <String HEIGHT="53"
                          WIDTH="87"
                          VPOS="1297"
                          HPOS="1903"
                          CONTENT="quia"/>
               </TextLine>
               <TextLine ID="r4l38"
                         BASELINE="1387"
                         HEIGHT="56"
                         WIDTH="851"
                         VPOS="1331"
                         HPOS="1134">
                  <String HEIGHT="56"
                          WIDTH="161"
                          VPOS="1331"
                          HPOS="1119"
                          CONTENT="mouetur"/>
                  <SP HEIGHT="56" WIDTH="15" VPOS="1331" HPOS="1281"/>
                  <String HEIGHT="56" WIDTH="88" VPOS="1331" HPOS="1237" CONTENT="ad"/>
                  <SP HEIGHT="56" WIDTH="15" VPOS="1331" HPOS="1325"/>
                  <String HEIGHT="56"
                          WIDTH="117"
                          VPOS="1331"
                          HPOS="1281"
                          CONTENT="illa"/>
                  <SP HEIGHT="56" WIDTH="15" VPOS="1331" HPOS="1398"/>
                  <String HEIGHT="56"
                          WIDTH="117"
                          VPOS="1331"
                          HPOS="1354"
                          CONTENT="loca"/>
                  <SP HEIGHT="56" WIDTH="15" VPOS="1331" HPOS="1471"/>
                  <String HEIGHT="56"
                          WIDTH="191"
                          VPOS="1331"
                          HPOS="1427"
                          CONTENT="purganda,"/>
                  <SP HEIGHT="56" WIDTH="15" VPOS="1331" HPOS="1618"/>
                  <String HEIGHT="56"
                          WIDTH="117"
                          VPOS="1331"
                          HPOS="1574"
                          CONTENT="quae"/>
                  <SP HEIGHT="56" WIDTH="15" VPOS="1331" HPOS="1692"/>
                  <String HEIGHT="56"
                          WIDTH="161"
                          VPOS="1331"
                          HPOS="1648"
                          CONTENT="infecta"/>
                  <SP HEIGHT="56" WIDTH="15" VPOS="1331" HPOS="1809"/>
                  <String HEIGHT="56"
                          WIDTH="117"
                          VPOS="1331"
                          HPOS="1765"
                          CONTENT="sunt"/>
                  <SP HEIGHT="56" WIDTH="15" VPOS="1331" HPOS="1882"/>
                  <String HEIGHT="56"
                          WIDTH="103"
                          VPOS="1331"
                          HPOS="1838"
                          CONTENT="per"/>
                  <SP HEIGHT="56" WIDTH="15" VPOS="1331" HPOS="1941"/>
                  <String HEIGHT="56"
                          WIDTH="103"
                          VPOS="1331"
                          HPOS="1882"
                          CONTENT="pecca"/>
               </TextLine>
               <TextLine ID="r4l39"
                         BASELINE="1427"
                         HEIGHT="50"
                         WIDTH="853"
                         VPOS="1377"
                         HPOS="1138">
                  <String HEIGHT="50"
                          WIDTH="120"
                          VPOS="1377"
                          HPOS="1123"
                          CONTENT="tum,"/>
                  <SP HEIGHT="50" WIDTH="15" VPOS="1377" HPOS="1243"/>
                  <String HEIGHT="50"
                          WIDTH="105"
                          VPOS="1377"
                          HPOS="1198"
                          CONTENT="sed"/>
                  <SP HEIGHT="50" WIDTH="15" VPOS="1377" HPOS="1303"/>
                  <String HEIGHT="50"
                          WIDTH="135"
                          VPOS="1377"
                          HPOS="1258"
                          CONTENT="ignis"/>
                  <SP HEIGHT="50" WIDTH="15" VPOS="1377" HPOS="1392"/>
                  <String HEIGHT="50"
                          WIDTH="224"
                          VPOS="1377"
                          HPOS="1348"
                          CONTENT="elementaris"/>
                  <SP HEIGHT="50" WIDTH="15" VPOS="1377" HPOS="1572"/>
                  <String HEIGHT="50"
                          WIDTH="135"
                          VPOS="1377"
                          HPOS="1527"
                          CONTENT="solum"/>
                  <SP HEIGHT="50" WIDTH="15" VPOS="1377" HPOS="1662"/>
                  <String HEIGHT="50"
                          WIDTH="165"
                          VPOS="1377"
                          HPOS="1617"
                          CONTENT="mouetur"/>
                  <SP HEIGHT="50" WIDTH="15" VPOS="1377" HPOS="1781"/>
                  <String HEIGHT="50"
                          WIDTH="165"
                          VPOS="1377"
                          HPOS="1737"
                          CONTENT="sursum:"/>
                  <SP HEIGHT="50" WIDTH="15" VPOS="1377" HPOS="1901"/>
                  <String HEIGHT="50"
                          WIDTH="120"
                          VPOS="1377"
                          HPOS="1856"
                          CONTENT="ergo"/>
                  <SP HEIGHT="50" WIDTH="15" VPOS="1377" HPOS="1976"/>
                  <String HEIGHT="50"
                          WIDTH="75"
                          VPOS="1377"
                          HPOS="1916"
                          CONTENT="&amp;co"/>
               </TextLine>
               <TextLine ID="r4l40"
                         BASELINE="1475"
                         HEIGHT="54"
                         WIDTH="843"
                         VPOS="1421"
                         HPOS="1148">
                  <String HEIGHT="54" WIDTH="77" VPOS="1421" HPOS="1133" CONTENT="4"/>
                  <SP HEIGHT="54" WIDTH="15" VPOS="1421" HPOS="1209"/>
                  <String HEIGHT="54"
                          WIDTH="215"
                          VPOS="1421"
                          HPOS="1163"
                          CONTENT="Praeterea,"/>
                  <SP HEIGHT="54" WIDTH="15" VPOS="1421" HPOS="1378"/>
                  <String HEIGHT="54"
                          WIDTH="184"
                          VPOS="1421"
                          HPOS="1332"
                          CONTENT="operatio"/>
                  <SP HEIGHT="54" WIDTH="15" VPOS="1421" HPOS="1516"/>
                  <String HEIGHT="54"
                          WIDTH="138"
                          VPOS="1421"
                          HPOS="1470"
                          CONTENT="facit"/>
                  <SP HEIGHT="54" WIDTH="15" VPOS="1421" HPOS="1608"/>
                  <String HEIGHT="54"
                          WIDTH="138"
                          VPOS="1421"
                          HPOS="1562"
                          CONTENT="scire"/>
                  <SP HEIGHT="54" WIDTH="15" VPOS="1421" HPOS="1700"/>
                  <String HEIGHT="54"
                          WIDTH="169"
                          VPOS="1421"
                          HPOS="1654"
                          CONTENT="formam,"/>
                  <SP HEIGHT="54" WIDTH="15" VPOS="1421" HPOS="1822"/>
                  <String HEIGHT="54" WIDTH="77" VPOS="1421" HPOS="1776" CONTENT="&amp;"/>
                  <SP HEIGHT="54" WIDTH="15" VPOS="1421" HPOS="1853"/>
                  <String HEIGHT="54"
                          WIDTH="169"
                          VPOS="1421"
                          HPOS="1807"
                          CONTENT="naturam"/>
                  <SP HEIGHT="54" WIDTH="15" VPOS="1421" HPOS="1976"/>
                  <String HEIGHT="54"
                          WIDTH="77"
                          VPOS="1421"
                          HPOS="1914"
                          CONTENT="rei"/>
               </TextLine>
               <TextLine ID="r4l41"
                         BASELINE="1515"
                         HEIGHT="65"
                         WIDTH="848"
                         VPOS="1450"
                         HPOS="1144">
                  <String HEIGHT="65"
                          WIDTH="106"
                          VPOS="1450"
                          HPOS="1129"
                          CONTENT="bed"/>
                  <SP HEIGHT="65" WIDTH="15" VPOS="1450" HPOS="1235"/>
                  <String HEIGHT="65"
                          WIDTH="121"
                          VPOS="1450"
                          HPOS="1189"
                          CONTENT="iste"/>
                  <SP HEIGHT="65" WIDTH="15" VPOS="1450" HPOS="1311"/>
                  <String HEIGHT="65"
                          WIDTH="136"
                          VPOS="1450"
                          HPOS="1265"
                          CONTENT="ignis"/>
                  <SP HEIGHT="65" WIDTH="15" VPOS="1450" HPOS="1401"/>
                  <String HEIGHT="65"
                          WIDTH="136"
                          VPOS="1450"
                          HPOS="1356"
                          CONTENT="habet"/>
                  <SP HEIGHT="65" WIDTH="15" VPOS="1450" HPOS="1492"/>
                  <String HEIGHT="65"
                          WIDTH="242"
                          VPOS="1450"
                          HPOS="1447"
                          CONTENT="operationem,"/>
                  <SP HEIGHT="65" WIDTH="15" VPOS="1450" HPOS="1689"/>
                  <String HEIGHT="65"
                          WIDTH="121"
                          VPOS="1450"
                          HPOS="1644"
                          CONTENT="quae"/>
                  <SP HEIGHT="65" WIDTH="15" VPOS="1450" HPOS="1765"/>
                  <String HEIGHT="65"
                          WIDTH="106"
                          VPOS="1450"
                          HPOS="1719"
                          CONTENT="non"/>
                  <SP HEIGHT="65" WIDTH="15" VPOS="1450" HPOS="1825"/>
                  <String HEIGHT="65"
                          WIDTH="182"
                          VPOS="1450"
                          HPOS="1780"
                          CONTENT="competit"/>
                  <SP HEIGHT="65" WIDTH="15" VPOS="1450" HPOS="1962"/>
                  <String HEIGHT="65"
                          WIDTH="91"
                          VPOS="1450"
                          HPOS="1901"
                          CONTENT="igni"/>
               </TextLine>
               <TextLine ID="r4l42"
                         BASELINE="1545"
                         HEIGHT="49"
                         WIDTH="850"
                         VPOS="1496"
                         HPOS="1143">
                  <String HEIGHT="49"
                          WIDTH="224"
                          VPOS="1496"
                          HPOS="1128"
                          CONTENT="elementari:"/>
                  <SP HEIGHT="49" WIDTH="15" VPOS="1496" HPOS="1352"/>
                  <String HEIGHT="49"
                          WIDTH="119"
                          VPOS="1496"
                          HPOS="1307"
                          CONTENT="ergo"/>
                  <SP HEIGHT="49" WIDTH="15" VPOS="1496" HPOS="1426"/>
                  <String HEIGHT="49"
                          WIDTH="119"
                          VPOS="1496"
                          HPOS="1382"
                          CONTENT="iste"/>
                  <SP HEIGHT="49" WIDTH="15" VPOS="1496" HPOS="1501"/>
                  <String HEIGHT="49"
                          WIDTH="179"
                          VPOS="1496"
                          HPOS="1456"
                          CONTENT="ignisnon"/>
                  <SP HEIGHT="49" WIDTH="15" VPOS="1496" HPOS="1635"/>
                  <String HEIGHT="49"
                          WIDTH="104"
                          VPOS="1496"
                          HPOS="1590"
                          CONTENT="est"/>
                  <SP HEIGHT="49" WIDTH="15" VPOS="1496" HPOS="1695"/>
                  <String HEIGHT="49"
                          WIDTH="164"
                          VPOS="1496"
                          HPOS="1650"
                          CONTENT="eiusdem"/>
                  <SP HEIGHT="49" WIDTH="15" VPOS="1496" HPOS="1814"/>
                  <String HEIGHT="49"
                          WIDTH="179"
                          VPOS="1496"
                          HPOS="1769"
                          CONTENT="speciei,"/>
                  <SP HEIGHT="49" WIDTH="15" VPOS="1496" HPOS="1948"/>
                  <String HEIGHT="49" WIDTH="75" VPOS="1496" HPOS="1904" CONTENT="&amp;"/>
                  <SP HEIGHT="49" WIDTH="15" VPOS="1496" HPOS="1978"/>
                  <String HEIGHT="49"
                          WIDTH="75"
                          VPOS="1496"
                          HPOS="1918"
                          CONTENT="na"
                          SUBS_TYPE="HypPart1"
                          SUBS_CONTENT="naturae"/>
                  <HYP CONTENT="-"/>
               </TextLine>
               <TextLine ID="r4l43"
                         BASELINE="1584"
                         HEIGHT="50"
                         WIDTH="845"
                         VPOS="1534"
                         HPOS="1137">
                  <String HEIGHT="50"
                          WIDTH="146"
                          VPOS="1534"
                          HPOS="1121"
                          CONTENT="turae"
                          SUBS_TYPE="HypPart2"
                          SUBS_CONTENT="naturae"/>
                  <SP HEIGHT="50" WIDTH="16" VPOS="1534" HPOS="1267"/>
                  <String HEIGHT="50"
                          WIDTH="114"
                          VPOS="1534"
                          HPOS="1218"
                          CONTENT="cum"/>
                  <SP HEIGHT="50" WIDTH="16" VPOS="1534" HPOS="1332"/>
                  <String HEIGHT="50"
                          WIDTH="130"
                          VPOS="1534"
                          HPOS="1283"
                          CONTENT="igne"/>
                  <SP HEIGHT="50" WIDTH="16" VPOS="1534" HPOS="1413"/>
                  <String HEIGHT="50"
                          WIDTH="244"
                          VPOS="1534"
                          HPOS="1365"
                          CONTENT="elementari."/>
                  <SP HEIGHT="50" WIDTH="16" VPOS="1534" HPOS="1608"/>
                  <String HEIGHT="50"
                          WIDTH="146"
                          VPOS="1534"
                          HPOS="1560"
                          CONTENT="Maior"/>
                  <SP HEIGHT="50" WIDTH="16" VPOS="1534" HPOS="1706"/>
                  <String HEIGHT="50"
                          WIDTH="146"
                          VPOS="1534"
                          HPOS="1657"
                          CONTENT="patet"/>
                  <SP HEIGHT="50" WIDTH="16" VPOS="1534" HPOS="1803"/>
                  <String HEIGHT="50"
                          WIDTH="114"
                          VPOS="1534"
                          HPOS="1755"
                          CONTENT="per"/>
                  <SP HEIGHT="50" WIDTH="16" VPOS="1534" HPOS="1868"/>
                  <String HEIGHT="50"
                          WIDTH="179"
                          VPOS="1534"
                          HPOS="1803"
                          CONTENT="Commenta"
                          SUBS_TYPE="HypPart1"
                          SUBS_CONTENT="Commentatorem."/>
                  <HYP CONTENT="-"/>
               </TextLine>
               <TextLine ID="line_1603054222941_10964"
                         BASELINE="1628"
                         HEIGHT="54"
                         WIDTH="875"
                         VPOS="1574"
                         HPOS="1144">
                  <String HEIGHT="54"
                          WIDTH="143"
                          VPOS="1574"
                          HPOS="1130"
                          CONTENT="torem."
                          SUBS_TYPE="HypPart2"
                          SUBS_CONTENT="Commentatorem."/>
                  <SP HEIGHT="54" WIDTH="14" VPOS="1574" HPOS="1273"/>
                  <String HEIGHT="54" WIDTH="86" VPOS="1574" HPOS="1230" CONTENT="7."/>
                  <SP HEIGHT="54" WIDTH="14" VPOS="1574" HPOS="1316"/>
                  <String HEIGHT="54"
                          WIDTH="129"
                          VPOS="1574"
                          HPOS="1273"
                          CONTENT="meta."/>
                  <SP HEIGHT="54" WIDTH="14" VPOS="1574" HPOS="1402"/>
                  <String HEIGHT="54"
                          WIDTH="100"
                          VPOS="1574"
                          HPOS="1359"
                          CONTENT="vbi"/>
                  <SP HEIGHT="54" WIDTH="14" VPOS="1574" HPOS="1460"/>
                  <String HEIGHT="54"
                          WIDTH="115"
                          VPOS="1574"
                          HPOS="1417"
                          CONTENT="ait,"/>
                  <SP HEIGHT="54" WIDTH="14" VPOS="1574" HPOS="1531"/>
                  <String HEIGHT="54"
                          WIDTH="115"
                          VPOS="1574"
                          HPOS="1488"
                          CONTENT="quod"/>
                  <SP HEIGHT="54" WIDTH="14" VPOS="1574" HPOS="1603"/>
                  <String HEIGHT="54"
                          WIDTH="230"
                          VPOS="1574"
                          HPOS="1560"
                          CONTENT="transmutatio"/>
                  <SP HEIGHT="54" WIDTH="14" VPOS="1574" HPOS="1789"/>
                  <String HEIGHT="54"
                          WIDTH="129"
                          VPOS="1574"
                          HPOS="1746"
                          CONTENT="facit"/>
                  <SP HEIGHT="54" WIDTH="14" VPOS="1574" HPOS="1876"/>
                  <String HEIGHT="54"
                          WIDTH="129"
                          VPOS="1574"
                          HPOS="1833"
                          CONTENT="scire"/>
                  <SP HEIGHT="54" WIDTH="14" VPOS="1574" HPOS="1962"/>
                  <String HEIGHT="54"
                          WIDTH="115"
                          VPOS="1574"
                          HPOS="1919"
                          CONTENT="mate"/>
                  <SP HEIGHT="54" WIDTH="14" VPOS="1574" HPOS="2033"/>
                  <String HEIGHT="54" WIDTH="43" VPOS="1574" HPOS="1976" CONTENT="("/>
               </TextLine>
               <TextLine ID="r4l45"
                         BASELINE="1661"
                         HEIGHT="49"
                         WIDTH="843"
                         VPOS="1612"
                         HPOS="1141">
                  <String HEIGHT="49"
                          WIDTH="141"
                          VPOS="1612"
                          HPOS="1125"
                          CONTENT="riam,"/>
                  <SP HEIGHT="49" WIDTH="16" VPOS="1612" HPOS="1266"/>
                  <String HEIGHT="49" WIDTH="78" VPOS="1612" HPOS="1219" CONTENT="&amp;"/>
                  <SP HEIGHT="49" WIDTH="16" VPOS="1612" HPOS="1297"/>
                  <String HEIGHT="49"
                          WIDTH="187"
                          VPOS="1612"
                          HPOS="1250"
                          CONTENT="operatio"/>
                  <SP HEIGHT="49" WIDTH="16" VPOS="1612" HPOS="1438"/>
                  <String HEIGHT="49"
                          WIDTH="172"
                          VPOS="1612"
                          HPOS="1391"
                          CONTENT="formam."/>
                  <SP HEIGHT="49" WIDTH="16" VPOS="1612" HPOS="1563"/>
                  <String HEIGHT="49"
                          WIDTH="141"
                          VPOS="1612"
                          HPOS="1516"
                          CONTENT="Minor"/>
                  <SP HEIGHT="49" WIDTH="16" VPOS="1612" HPOS="1656"/>
                  <String HEIGHT="49"
                          WIDTH="141"
                          VPOS="1612"
                          HPOS="1609"
                          CONTENT="etiam"/>
                  <SP HEIGHT="49" WIDTH="16" VPOS="1612" HPOS="1750"/>
                  <String HEIGHT="49"
                          WIDTH="156"
                          VPOS="1612"
                          HPOS="1703"
                          CONTENT="patet,"/>
                  <SP HEIGHT="49" WIDTH="16" VPOS="1612" HPOS="1859"/>
                  <String HEIGHT="49"
                          WIDTH="125"
                          VPOS="1612"
                          HPOS="1812"
                          CONTENT="quia"/>
                  <SP HEIGHT="49" WIDTH="16" VPOS="1612" HPOS="1937"/>
                  <String HEIGHT="49"
                          WIDTH="109"
                          VPOS="1612"
                          HPOS="1875"
                          CONTENT="sicut"/>
               </TextLine>
               <TextLine ID="r4l46"
                         BASELINE="1703"
                         HEIGHT="52"
                         WIDTH="853"
                         VPOS="1651"
                         HPOS="1135">
                  <String HEIGHT="52"
                          WIDTH="154"
                          VPOS="1651"
                          HPOS="1121"
                          CONTENT="saepius"/>
                  <SP HEIGHT="52" WIDTH="14" VPOS="1651" HPOS="1275"/>
                  <String HEIGHT="52"
                          WIDTH="140"
                          VPOS="1651"
                          HPOS="1233"
                          CONTENT="dictum"/>
                  <SP HEIGHT="52" WIDTH="14" VPOS="1651" HPOS="1373"/>
                  <String HEIGHT="52"
                          WIDTH="112"
                          VPOS="1651"
                          HPOS="1331"
                          CONTENT="est,"/>
                  <SP HEIGHT="52" WIDTH="14" VPOS="1651" HPOS="1443"/>
                  <String HEIGHT="52"
                          WIDTH="112"
                          VPOS="1651"
                          HPOS="1401"
                          CONTENT="iste"/>
                  <SP HEIGHT="52" WIDTH="14" VPOS="1651" HPOS="1513"/>
                  <String HEIGHT="52"
                          WIDTH="126"
                          VPOS="1651"
                          HPOS="1471"
                          CONTENT="ignis"/>
                  <SP HEIGHT="52" WIDTH="14" VPOS="1651" HPOS="1596"/>
                  <String HEIGHT="52"
                          WIDTH="126"
                          VPOS="1651"
                          HPOS="1555"
                          CONTENT="habet"/>
                  <SP HEIGHT="52" WIDTH="14" VPOS="1651" HPOS="1680"/>
                  <String HEIGHT="52"
                          WIDTH="154"
                          VPOS="1651"
                          HPOS="1638"
                          CONTENT="purgare"/>
                  <SP HEIGHT="52" WIDTH="14" VPOS="1651" HPOS="1792"/>
                  <String HEIGHT="52"
                          WIDTH="126"
                          VPOS="1651"
                          HPOS="1750"
                          CONTENT="tales"/>
                  <SP HEIGHT="52" WIDTH="14" VPOS="1651" HPOS="1876"/>
                  <String HEIGHT="52"
                          WIDTH="140"
                          VPOS="1651"
                          HPOS="1834"
                          CONTENT="partes"/>
                  <SP HEIGHT="52" WIDTH="14" VPOS="1651" HPOS="1974"/>
                  <String HEIGHT="52"
                          WIDTH="70"
                          VPOS="1651"
                          HPOS="1918"
                          CONTENT="mum"/>
               </TextLine>
               <TextLine ID="r4l47"
                         BASELINE="1746"
                         HEIGHT="55"
                         WIDTH="838"
                         VPOS="1691"
                         HPOS="1139">
                  <String HEIGHT="55"
                          WIDTH="98"
                          VPOS="1691"
                          HPOS="1125"
                          CONTENT="di,"/>
                  <SP HEIGHT="55" WIDTH="14" VPOS="1691" HPOS="1223"/>
                  <String HEIGHT="55"
                          WIDTH="112"
                          VPOS="1691"
                          HPOS="1181"
                          CONTENT="quae"/>
                  <SP HEIGHT="55" WIDTH="14" VPOS="1691" HPOS="1293"/>
                  <String HEIGHT="55"
                          WIDTH="182"
                          VPOS="1691"
                          HPOS="1251"
                          CONTENT="maculatae"/>
                  <SP HEIGHT="55" WIDTH="14" VPOS="1691" HPOS="1432"/>
                  <String HEIGHT="55"
                          WIDTH="112"
                          VPOS="1691"
                          HPOS="1390"
                          CONTENT="sunt"/>
                  <SP HEIGHT="55" WIDTH="14" VPOS="1691" HPOS="1502"/>
                  <String HEIGHT="55"
                          WIDTH="196"
                          VPOS="1691"
                          HPOS="1460"
                          CONTENT="foeditate,"/>
                  <SP HEIGHT="55" WIDTH="14" VPOS="1691" HPOS="1656"/>
                  <String HEIGHT="55" WIDTH="70" VPOS="1691" HPOS="1614" CONTENT="&amp;"/>
                  <SP HEIGHT="55" WIDTH="14" VPOS="1691" HPOS="1684"/>
                  <String HEIGHT="55"
                          WIDTH="196"
                          VPOS="1691"
                          HPOS="1642"
                          CONTENT="infectione"/>
                  <SP HEIGHT="55" WIDTH="14" VPOS="1691" HPOS="1837"/>
                  <String HEIGHT="55"
                          WIDTH="168"
                          VPOS="1691"
                          HPOS="1795"
                          CONTENT="peccati:"/>
                  <SP HEIGHT="55" WIDTH="14" VPOS="1691" HPOS="1963"/>
                  <String HEIGHT="55"
                          WIDTH="70"
                          VPOS="1691"
                          HPOS="1907"
                          CONTENT="ta"
                          SUBS_TYPE="HypPart1"
                          SUBS_CONTENT="talis"/>
                  <HYP CONTENT="-"/>
               </TextLine>
               <TextLine ID="r4l48"
                         BASELINE="1783"
                         HEIGHT="55"
                         WIDTH="854"
                         VPOS="1728"
                         HPOS="1140">
                  <String HEIGHT="55"
                          WIDTH="111"
                          VPOS="1728"
                          HPOS="1124"
                          CONTENT="lis"
                          SUBS_TYPE="HypPart2"
                          SUBS_CONTENT="talis"/>
                  <SP HEIGHT="55" WIDTH="16" VPOS="1728" HPOS="1235"/>
                  <String HEIGHT="55"
                          WIDTH="142"
                          VPOS="1728"
                          HPOS="1187"
                          CONTENT="autem"/>
                  <SP HEIGHT="55" WIDTH="16" VPOS="1728" HPOS="1330"/>
                  <String HEIGHT="55"
                          WIDTH="142"
                          VPOS="1728"
                          HPOS="1282"
                          CONTENT="actio"/>
                  <SP HEIGHT="55" WIDTH="16" VPOS="1728" HPOS="1425"/>
                  <String HEIGHT="55"
                          WIDTH="111"
                          VPOS="1728"
                          HPOS="1377"
                          CONTENT="non"/>
                  <SP HEIGHT="55" WIDTH="16" VPOS="1728" HPOS="1488"/>
                  <String HEIGHT="55"
                          WIDTH="190"
                          VPOS="1728"
                          HPOS="1440"
                          CONTENT="conuenit"/>
                  <SP HEIGHT="55" WIDTH="16" VPOS="1728" HPOS="1630"/>
                  <String HEIGHT="55"
                          WIDTH="127"
                          VPOS="1728"
                          HPOS="1583"
                          CONTENT="igni"/>
                  <SP HEIGHT="55" WIDTH="16" VPOS="1728" HPOS="1709"/>
                  <String HEIGHT="55"
                          WIDTH="237"
                          VPOS="1728"
                          HPOS="1662"
                          CONTENT="elementari,"/>
                  <SP HEIGHT="55" WIDTH="16" VPOS="1728" HPOS="1899"/>
                  <String HEIGHT="55"
                          WIDTH="111"
                          VPOS="1728"
                          HPOS="1852"
                          CONTENT="cum"/>
                  <SP HEIGHT="55" WIDTH="16" VPOS="1728" HPOS="1962"/>
                  <String HEIGHT="55"
                          WIDTH="95"
                          VPOS="1728"
                          HPOS="1899"
                          CONTENT="omne"/>
               </TextLine>
               <TextLine ID="r4l49"
                         BASELINE="1811"
                         HEIGHT="39"
                         WIDTH="501"
                         VPOS="1772"
                         HPOS="1139">
                  <String HEIGHT="39"
                          WIDTH="121"
                          VPOS="1772"
                          HPOS="1124"
                          CONTENT="eius"/>
                  <SP HEIGHT="39" WIDTH="15" VPOS="1772" HPOS="1245"/>
                  <String HEIGHT="39"
                          WIDTH="182"
                          VPOS="1772"
                          HPOS="1200"
                          CONTENT="virtutem"/>
                  <SP HEIGHT="39" WIDTH="15" VPOS="1772" HPOS="1382"/>
                  <String HEIGHT="39" WIDTH="76" VPOS="1772" HPOS="1336" CONTENT="e"/>
                  <SP HEIGHT="39" WIDTH="15" VPOS="1772" HPOS="1412"/>
                  <String HEIGHT="39"
                          WIDTH="167"
                          VPOS="1772"
                          HPOS="1367"
                          CONTENT="xcedere"/>
                  <SP HEIGHT="39" WIDTH="15" VPOS="1772" HPOS="1534"/>
                  <String HEIGHT="39"
                          WIDTH="167"
                          VPOS="1772"
                          HPOS="1473"
                          CONTENT="videatur."/>
               </TextLine>
               <TextLine ID="r4l51"
                         BASELINE="1863"
                         HEIGHT="49"
                         WIDTH="848"
                         VPOS="1814"
                         HPOS="1144">
                  <String HEIGHT="49" WIDTH="76" VPOS="1814" HPOS="1129" CONTENT="3"/>
                  <SP HEIGHT="49" WIDTH="15" VPOS="1814" HPOS="1205"/>
                  <String HEIGHT="49"
                          WIDTH="212"
                          VPOS="1814"
                          HPOS="1159"
                          CONTENT="Praeterea,"/>
                  <SP HEIGHT="49" WIDTH="15" VPOS="1814" HPOS="1371"/>
                  <String HEIGHT="49"
                          WIDTH="167"
                          VPOS="1814"
                          HPOS="1326"
                          CONTENT="virtus,"/>
                  <SP HEIGHT="49" WIDTH="15" VPOS="1814" HPOS="1492"/>
                  <String HEIGHT="49"
                          WIDTH="106"
                          VPOS="1814"
                          HPOS="1447"
                          CONTENT="qua"/>
                  <SP HEIGHT="49" WIDTH="15" VPOS="1814" HPOS="1553"/>
                  <String HEIGHT="49"
                          WIDTH="121"
                          VPOS="1814"
                          HPOS="1507"
                          CONTENT="iste"/>
                  <SP HEIGHT="49" WIDTH="15" VPOS="1814" HPOS="1629"/>
                  <String HEIGHT="49"
                          WIDTH="136"
                          VPOS="1814"
                          HPOS="1583"
                          CONTENT="ignis"/>
                  <SP HEIGHT="49" WIDTH="15" VPOS="1814" HPOS="1719"/>
                  <String HEIGHT="49"
                          WIDTH="151"
                          VPOS="1814"
                          HPOS="1674"
                          CONTENT="purgat"/>
                  <SP HEIGHT="49" WIDTH="15" VPOS="1814" HPOS="1825"/>
                  <String HEIGHT="49"
                          WIDTH="136"
                          VPOS="1814"
                          HPOS="1780"
                          CONTENT="ipsum"/>
                  <SP HEIGHT="49" WIDTH="15" VPOS="1814" HPOS="1916"/>
                  <String HEIGHT="49"
                          WIDTH="136"
                          VPOS="1814"
                          HPOS="1856"
                          CONTENT="mundum,"/>
               </TextLine>
               <TextLine ID="r4l52"
                         BASELINE="1899"
                         HEIGHT="47"
                         WIDTH="851"
                         VPOS="1852"
                         HPOS="1136">
                  <String HEIGHT="47"
                          WIDTH="101"
                          VPOS="1852"
                          HPOS="1122"
                          CONTENT="vel"/>
                  <SP HEIGHT="47" WIDTH="14" VPOS="1852" HPOS="1223"/>
                  <String HEIGHT="47"
                          WIDTH="173"
                          VPOS="1852"
                          HPOS="1179"
                          CONTENT="conuenit"/>
                  <SP HEIGHT="47" WIDTH="14" VPOS="1852" HPOS="1352"/>
                  <String HEIGHT="47" WIDTH="87" VPOS="1852" HPOS="1309" CONTENT="ei"/>
                  <SP HEIGHT="47" WIDTH="14" VPOS="1852" HPOS="1396"/>
                  <String HEIGHT="47"
                          WIDTH="130"
                          VPOS="1852"
                          HPOS="1352"
                          CONTENT="natur"/>
                  <SP HEIGHT="47" WIDTH="14" VPOS="1852" HPOS="1482"/>
                  <String HEIGHT="47"
                          WIDTH="159"
                          VPOS="1852"
                          HPOS="1439"
                          CONTENT="aliter,"/>
                  <SP HEIGHT="47" WIDTH="14" VPOS="1852" HPOS="1598"/>
                  <String HEIGHT="47" WIDTH="72" VPOS="1852" HPOS="1554" CONTENT="&amp;"/>
                  <SP HEIGHT="47" WIDTH="14" VPOS="1852" HPOS="1626"/>
                  <String HEIGHT="47"
                          WIDTH="115"
                          VPOS="1852"
                          HPOS="1583"
                          CONTENT="tunc"/>
                  <SP HEIGHT="47" WIDTH="14" VPOS="1852" HPOS="1699"/>
                  <String HEIGHT="47"
                          WIDTH="159"
                          VPOS="1852"
                          HPOS="1655"
                          CONTENT="differt"/>
                  <SP HEIGHT="47" WIDTH="14" VPOS="1852" HPOS="1814"/>
                  <String HEIGHT="47"
                          WIDTH="144"
                          VPOS="1852"
                          HPOS="1771"
                          CONTENT="specie"/>
                  <SP HEIGHT="47" WIDTH="14" VPOS="1852" HPOS="1915"/>
                  <String HEIGHT="47" WIDTH="87" VPOS="1852" HPOS="1872" CONTENT="ab"/>
                  <SP HEIGHT="47" WIDTH="14" VPOS="1852" HPOS="1958"/>
                  <String HEIGHT="47"
                          WIDTH="87"
                          VPOS="1852"
                          HPOS="1900"
                          CONTENT="igne"/>
               </TextLine>
               <TextLine ID="r4l53"
                         BASELINE="1947"
                         HEIGHT="59"
                         WIDTH="841"
                         VPOS="1888"
                         HPOS="1141">
                  <String HEIGHT="59"
                          WIDTH="225"
                          VPOS="1888"
                          HPOS="1126"
                          CONTENT="elementari,"/>
                  <SP HEIGHT="59" WIDTH="15" VPOS="1888" HPOS="1351"/>
                  <String HEIGHT="59"
                          WIDTH="120"
                          VPOS="1888"
                          HPOS="1306"
                          CONTENT="quia"/>
                  <SP HEIGHT="59" WIDTH="15" VPOS="1888" HPOS="1426"/>
                  <String HEIGHT="59"
                          WIDTH="150"
                          VPOS="1888"
                          HPOS="1381"
                          CONTENT="quorum"/>
                  <SP HEIGHT="59" WIDTH="15" VPOS="1888" HPOS="1531"/>
                  <String HEIGHT="59"
                          WIDTH="195"
                          VPOS="1888"
                          HPOS="1486"
                          CONTENT="naturales"/>
                  <SP HEIGHT="59" WIDTH="15" VPOS="1888" HPOS="1682"/>
                  <String HEIGHT="59"
                          WIDTH="180"
                          VPOS="1888"
                          HPOS="1637"
                          CONTENT="virtutes"/>
                  <SP HEIGHT="59" WIDTH="15" VPOS="1888" HPOS="1817"/>
                  <String HEIGHT="59"
                          WIDTH="195"
                          VPOS="1888"
                          HPOS="1772"
                          CONTENT="differunt"/>
                  <SP HEIGHT="59" WIDTH="15" VPOS="1888" HPOS="1967"/>
                  <String HEIGHT="59"
                          WIDTH="75"
                          VPOS="1888"
                          HPOS="1907"
                          CONTENT="spe"/>
               </TextLine>
               <TextLine ID="r4l54"
                         BASELINE="1980"
                         HEIGHT="53"
                         WIDTH="840"
                         VPOS="1927"
                         HPOS="1142">
                  <String HEIGHT="53"
                          WIDTH="110"
                          VPOS="1927"
                          HPOS="1128"
                          CONTENT="cie,"/>
                  <SP HEIGHT="53" WIDTH="14" VPOS="1927" HPOS="1238"/>
                  <String HEIGHT="53"
                          WIDTH="110"
                          VPOS="1927"
                          HPOS="1197"
                          CONTENT="illa"/>
                  <SP HEIGHT="53" WIDTH="14" VPOS="1927" HPOS="1307"/>
                  <String HEIGHT="53"
                          WIDTH="96"
                          VPOS="1927"
                          HPOS="1266"
                          CONTENT="non"/>
                  <SP HEIGHT="53" WIDTH="14" VPOS="1927" HPOS="1362"/>
                  <String HEIGHT="53"
                          WIDTH="151"
                          VPOS="1927"
                          HPOS="1321"
                          CONTENT="possunt"/>
                  <SP HEIGHT="53" WIDTH="14" VPOS="1927" HPOS="1472"/>
                  <String HEIGHT="53"
                          WIDTH="110"
                          VPOS="1927"
                          HPOS="1431"
                          CONTENT="esse"/>
                  <SP HEIGHT="53" WIDTH="14" VPOS="1927" HPOS="1541"/>
                  <String HEIGHT="53"
                          WIDTH="151"
                          VPOS="1927"
                          HPOS="1500"
                          CONTENT="eiusdem"/>
                  <SP HEIGHT="53" WIDTH="14" VPOS="1927" HPOS="1652"/>
                  <String HEIGHT="53"
                          WIDTH="165"
                          VPOS="1927"
                          HPOS="1610"
                          CONTENT="naturae,"/>
                  <SP HEIGHT="53" WIDTH="14" VPOS="1927" HPOS="1775"/>
                  <String HEIGHT="53"
                          WIDTH="110"
                          VPOS="1927"
                          HPOS="1734"
                          CONTENT="quia"/>
                  <SP HEIGHT="53" WIDTH="14" VPOS="1927" HPOS="1844"/>
                  <String HEIGHT="53"
                          WIDTH="165"
                          VPOS="1927"
                          HPOS="1803"
                          CONTENT="virtutes"/>
                  <SP HEIGHT="53" WIDTH="14" VPOS="1927" HPOS="1968"/>
                  <String HEIGHT="53"
                          WIDTH="69"
                          VPOS="1927"
                          HPOS="1913"
                          CONTENT="na"
                          SUBS_TYPE="HypPart1"
                          SUBS_CONTENT="naturales"/>
                  <HYP CONTENT="-"/>
               </TextLine>
               <TextLine ID="r4l55"
                         BASELINE="2022"
                         HEIGHT="51"
                         WIDTH="841"
                         VPOS="1971"
                         HPOS="1142">
                  <String HEIGHT="51"
                          WIDTH="168"
                          VPOS="1971"
                          HPOS="1127"
                          CONTENT="turales"
                          SUBS_TYPE="HypPart2"
                          SUBS_CONTENT="naturales"/>
                  <SP HEIGHT="51" WIDTH="15" VPOS="1971" HPOS="1295"/>
                  <String HEIGHT="51"
                          WIDTH="138"
                          VPOS="1971"
                          HPOS="1249"
                          CONTENT="rerum"/>
                  <SP HEIGHT="51" WIDTH="15" VPOS="1971" HPOS="1387"/>
                  <String HEIGHT="51"
                          WIDTH="199"
                          VPOS="1971"
                          HPOS="1341"
                          CONTENT="sequuntur"/>
                  <SP HEIGHT="51" WIDTH="15" VPOS="1971" HPOS="1540"/>
                  <String HEIGHT="51"
                          WIDTH="168"
                          VPOS="1971"
                          HPOS="1494"
                          CONTENT="naturas"/>
                  <SP HEIGHT="51" WIDTH="15" VPOS="1971" HPOS="1662"/>
                  <String HEIGHT="51"
                          WIDTH="138"
                          VPOS="1971"
                          HPOS="1616"
                          CONTENT="earum"/>
                  <SP HEIGHT="51" WIDTH="15" VPOS="1971" HPOS="1754"/>
                  <String HEIGHT="51" WIDTH="76" VPOS="1971" HPOS="1708" CONTENT=":"/>
                  <SP HEIGHT="51" WIDTH="15" VPOS="1971" HPOS="1784"/>
                  <String HEIGHT="51"
                          WIDTH="107"
                          VPOS="1971"
                          HPOS="1738"
                          CONTENT="vel"/>
                  <SP HEIGHT="51" WIDTH="15" VPOS="1971" HPOS="1845"/>
                  <String HEIGHT="51"
                          WIDTH="183"
                          VPOS="1971"
                          HPOS="1800"
                          CONTENT="conuenit"/>
                  <SP HEIGHT="51" WIDTH="15" VPOS="1971" HPOS="1983"/>
                  <String HEIGHT="51" WIDTH="61" VPOS="1971" HPOS="1922" CONTENT="es"/>
               </TextLine>
               <TextLine ID="r4l56"
                         BASELINE="2057"
                         HEIGHT="49"
                         WIDTH="840"
                         VPOS="2008"
                         HPOS="1140">
                  <String HEIGHT="49"
                          WIDTH="304"
                          VPOS="2008"
                          HPOS="1126"
                          CONTENT="supernaturaliter,"/>
                  <SP HEIGHT="49" WIDTH="14" VPOS="2008" HPOS="1430"/>
                  <String HEIGHT="49" WIDTH="72" VPOS="2008" HPOS="1386" CONTENT="&amp;"/>
                  <SP HEIGHT="49" WIDTH="14" VPOS="2008" HPOS="1459"/>
                  <String HEIGHT="49"
                          WIDTH="116"
                          VPOS="2008"
                          HPOS="1415"
                          CONTENT="tunc"/>
                  <SP HEIGHT="49" WIDTH="14" VPOS="2008" HPOS="1531"/>
                  <String HEIGHT="49"
                          WIDTH="145"
                          VPOS="2008"
                          HPOS="1488"
                          CONTENT="iterum"/>
                  <SP HEIGHT="49" WIDTH="14" VPOS="2008" HPOS="1632"/>
                  <String HEIGHT="49"
                          WIDTH="159"
                          VPOS="2008"
                          HPOS="1589"
                          CONTENT="differt"/>
                  <SP HEIGHT="49" WIDTH="14" VPOS="2008" HPOS="1748"/>
                  <String HEIGHT="49"
                          WIDTH="145"
                          VPOS="2008"
                          HPOS="1705"
                          CONTENT="specie"/>
                  <SP HEIGHT="49" WIDTH="14" VPOS="2008" HPOS="1850"/>
                  <String HEIGHT="49" WIDTH="87" VPOS="2008" HPOS="1806" CONTENT="ab"/>
                  <SP HEIGHT="49" WIDTH="14" VPOS="2008" HPOS="1893"/>
                  <String HEIGHT="49"
                          WIDTH="116"
                          VPOS="2008"
                          HPOS="1850"
                          CONTENT="igne"/>
                  <SP HEIGHT="49" WIDTH="14" VPOS="2008" HPOS="1966"/>
                  <String HEIGHT="49"
                          WIDTH="72"
                          VPOS="2008"
                          HPOS="1908"
                          CONTENT="eli"/>
               </TextLine>
               <TextLine ID="r4l57"
                         BASELINE="2103"
                         HEIGHT="50"
                         WIDTH="860"
                         VPOS="2053"
                         HPOS="1141">
                  <String HEIGHT="50"
                          WIDTH="172"
                          VPOS="2053"
                          HPOS="1127"
                          CONTENT="mentari;"/>
                  <SP HEIGHT="50" WIDTH="14" VPOS="2053" HPOS="1299"/>
                  <String HEIGHT="50"
                          WIDTH="115"
                          VPOS="2053"
                          HPOS="1256"
                          CONTENT="quia"/>
                  <SP HEIGHT="50" WIDTH="14" VPOS="2053" HPOS="1370"/>
                  <String HEIGHT="50"
                          WIDTH="115"
                          VPOS="2053"
                          HPOS="1327"
                          CONTENT="quae"/>
                  <SP HEIGHT="50" WIDTH="14" VPOS="2053" HPOS="1442"/>
                  <String HEIGHT="50"
                          WIDTH="100"
                          VPOS="2053"
                          HPOS="1399"
                          CONTENT="sic"/>
                  <SP HEIGHT="50" WIDTH="14" VPOS="2053" HPOS="1499"/>
                  <String HEIGHT="50" WIDTH="86" VPOS="2053" HPOS="1456" CONTENT="se"/>
                  <SP HEIGHT="50" WIDTH="14" VPOS="2053" HPOS="1542"/>
                  <String HEIGHT="50"
                          WIDTH="158"
                          VPOS="2053"
                          HPOS="1499"
                          CONTENT="habent,"/>
                  <SP HEIGHT="50" WIDTH="14" VPOS="2053" HPOS="1657"/>
                  <String HEIGHT="50"
                          WIDTH="115"
                          VPOS="2053"
                          HPOS="1614"
                          CONTENT="quod"/>
                  <SP HEIGHT="50" WIDTH="14" VPOS="2053" HPOS="1729"/>
                  <String HEIGHT="50"
                          WIDTH="143"
                          VPOS="2053"
                          HPOS="1686"
                          CONTENT="virtus"/>
                  <SP HEIGHT="50" WIDTH="14" VPOS="2053" HPOS="1829"/>
                  <String HEIGHT="50"
                          WIDTH="129"
                          VPOS="2053"
                          HPOS="1786"
                          CONTENT="vnius"/>
                  <SP HEIGHT="50" WIDTH="14" VPOS="2053" HPOS="1915"/>
                  <String HEIGHT="50"
                          WIDTH="100"
                          VPOS="2053"
                          HPOS="1872"
                          CONTENT="est"/>
                  <SP HEIGHT="50" WIDTH="14" VPOS="2053" HPOS="1972"/>
                  <String HEIGHT="50"
                          WIDTH="86"
                          VPOS="2053"
                          HPOS="1915"
                          CONTENT="natu"/>
               </TextLine>
               <TextLine ID="r4l58"
                         BASELINE="2134"
                         HEIGHT="43"
                         WIDTH="854"
                         VPOS="2091"
                         HPOS="1135">
                  <String HEIGHT="43"
                          WIDTH="153"
                          VPOS="2091"
                          HPOS="1120"
                          CONTENT="ralis,"/>
                  <SP HEIGHT="43" WIDTH="15" VPOS="2091" HPOS="1272"/>
                  <String HEIGHT="43" WIDTH="76" VPOS="2091" HPOS="1227" CONTENT="&amp;"/>
                  <SP HEIGHT="43" WIDTH="15" VPOS="2091" HPOS="1303"/>
                  <String HEIGHT="43"
                          WIDTH="183"
                          VPOS="2091"
                          HPOS="1257"
                          CONTENT="alterius"/>
                  <SP HEIGHT="43" WIDTH="15" VPOS="2091" HPOS="1440"/>
                  <String HEIGHT="43"
                          WIDTH="290"
                          VPOS="2091"
                          HPOS="1394"
                          CONTENT="supernaturalis,"/>
                  <SP HEIGHT="43" WIDTH="15" VPOS="2091" HPOS="1684"/>
                  <String HEIGHT="43"
                          WIDTH="122"
                          VPOS="2091"
                          HPOS="1638"
                          CONTENT="illa"/>
                  <SP HEIGHT="43" WIDTH="15" VPOS="2091" HPOS="1760"/>
                  <String HEIGHT="43"
                          WIDTH="107"
                          VPOS="2091"
                          HPOS="1715"
                          CONTENT="non"/>
                  <SP HEIGHT="43" WIDTH="15" VPOS="2091" HPOS="1821"/>
                  <String HEIGHT="43"
                          WIDTH="137"
                          VPOS="2091"
                          HPOS="1776"
                          CONTENT="solum"/>
                  <SP HEIGHT="43" WIDTH="15" VPOS="2091" HPOS="1913"/>
                  <String HEIGHT="43"
                          WIDTH="137"
                          VPOS="2091"
                          HPOS="1852"
                          CONTENT="specle,"/>
               </TextLine>
               <TextLine ID="r4l59"
                         BASELINE="2178"
                         HEIGHT="56"
                         WIDTH="452"
                         VPOS="2122"
                         HPOS="1140">
                  <String HEIGHT="56"
                          WIDTH="145"
                          VPOS="2122"
                          HPOS="1124"
                          CONTENT="uerum"/>
                  <SP HEIGHT="56" WIDTH="16" VPOS="2122" HPOS="1269"/>
                  <String HEIGHT="56"
                          WIDTH="145"
                          VPOS="2122"
                          HPOS="1221"
                          CONTENT="etiam"/>
                  <SP HEIGHT="56" WIDTH="16" VPOS="2122" HPOS="1366"/>
                  <String HEIGHT="56"
                          WIDTH="210"
                          VPOS="2122"
                          HPOS="1318"
                          CONTENT="differunt"/>
                  <SP HEIGHT="56" WIDTH="16" VPOS="2122" HPOS="1527"/>
                  <String HEIGHT="56"
                          WIDTH="129"
                          VPOS="2122"
                          HPOS="1463"
                          CONTENT="genere"/>
               </TextLine>
               <TextLine ID="line_1603054222943_10966"
                         BASELINE="2216"
                         HEIGHT="52"
                         WIDTH="845"
                         VPOS="2164"
                         HPOS="1168">
                  <String HEIGHT="52"
                          WIDTH="106"
                          VPOS="2164"
                          HPOS="1150"
                          CONTENT="Ad"/>
                  <SP HEIGHT="52" WIDTH="18" VPOS="2164" HPOS="1256"/>
                  <String HEIGHT="52"
                          WIDTH="176"
                          VPOS="2164"
                          HPOS="1203"
                          CONTENT="primum"/>
                  <SP HEIGHT="52" WIDTH="18" VPOS="2164" HPOS="1379"/>
                  <String HEIGHT="52"
                          WIDTH="141"
                          VPOS="2164"
                          HPOS="1326"
                          CONTENT="nego"/>
                  <SP HEIGHT="52" WIDTH="18" VPOS="2164" HPOS="1467"/>
                  <String HEIGHT="52"
                          WIDTH="211"
                          VPOS="2164"
                          HPOS="1414"
                          CONTENT="minorem."/>
                  <SP HEIGHT="52" WIDTH="18" VPOS="2164" HPOS="1626"/>
                  <String HEIGHT="52"
                          WIDTH="106"
                          VPOS="2164"
                          HPOS="1573"
                          CONTENT="Ad"/>
                  <SP HEIGHT="52" WIDTH="18" VPOS="2164" HPOS="1679"/>
                  <String HEIGHT="52"
                          WIDTH="264"
                          VPOS="2164"
                          HPOS="1626"
                          CONTENT="probationem"/>
                  <SP HEIGHT="52" WIDTH="18" VPOS="2164" HPOS="1890"/>
                  <String HEIGHT="52"
                          WIDTH="194"
                          VPOS="2164"
                          HPOS="1819"
                          CONTENT="dicendum,"/>
               </TextLine>
               <TextLine ID="r4l61"
                         BASELINE="2254"
                         HEIGHT="46"
                         WIDTH="842"
                         VPOS="2208"
                         HPOS="1133">
                  <String HEIGHT="46"
                          WIDTH="118"
                          VPOS="2208"
                          HPOS="1118"
                          CONTENT="quod"/>
                  <SP HEIGHT="46" WIDTH="15" VPOS="2208" HPOS="1236"/>
                  <String HEIGHT="46"
                          WIDTH="118"
                          VPOS="2208"
                          HPOS="1192"
                          CONTENT="illa"/>
                  <SP HEIGHT="46" WIDTH="15" VPOS="2208" HPOS="1310"/>
                  <String HEIGHT="46"
                          WIDTH="133"
                          VPOS="2208"
                          HPOS="1266"
                          CONTENT="verba"/>
                  <SP HEIGHT="46" WIDTH="15" VPOS="2208" HPOS="1399"/>
                  <String HEIGHT="46"
                          WIDTH="133"
                          VPOS="2208"
                          HPOS="1355"
                          CONTENT="beati"/>
                  <SP HEIGHT="46" WIDTH="15" VPOS="2208" HPOS="1488"/>
                  <String HEIGHT="46"
                          WIDTH="148"
                          VPOS="2208"
                          HPOS="1443"
                          CONTENT="Petri,"/>
                  <SP HEIGHT="46" WIDTH="15" VPOS="2208" HPOS="1591"/>
                  <String HEIGHT="46" WIDTH="74" VPOS="2208" HPOS="1547" CONTENT="&amp;"/>
                  <SP HEIGHT="46" WIDTH="15" VPOS="2208" HPOS="1620"/>
                  <String HEIGHT="46"
                          WIDTH="222"
                          VPOS="2208"
                          HPOS="1576"
                          CONTENT="consimilia,"/>
                  <SP HEIGHT="46" WIDTH="15" VPOS="2208" HPOS="1798"/>
                  <String HEIGHT="46"
                          WIDTH="192"
                          VPOS="2208"
                          HPOS="1753"
                          CONTENT="vbicunque"/>
                  <SP HEIGHT="46" WIDTH="15" VPOS="2208" HPOS="1945"/>
                  <String HEIGHT="46"
                          WIDTH="89"
                          VPOS="2208"
                          HPOS="1886"
                          CONTENT="repe"/>
               </TextLine>
               <TextLine ID="r4l62"
                         BASELINE="2292"
                         HEIGHT="44"
                         WIDTH="858"
                         VPOS="2248"
                         HPOS="1135">
                  <String HEIGHT="44"
                          WIDTH="166"
                          VPOS="2248"
                          HPOS="1120"
                          CONTENT="riuntur"/>
                  <SP HEIGHT="44" WIDTH="15" VPOS="2248" HPOS="1286"/>
                  <String HEIGHT="44" WIDTH="90" VPOS="2248" HPOS="1240" CONTENT="in"/>
                  <SP HEIGHT="44" WIDTH="15" VPOS="2248" HPOS="1331"/>
                  <String HEIGHT="44"
                          WIDTH="226"
                          VPOS="2248"
                          HPOS="1286"
                          CONTENT="scripturis,"/>
                  <SP HEIGHT="44" WIDTH="15" VPOS="2248" HPOS="1511"/>
                  <String HEIGHT="44"
                          WIDTH="151"
                          VPOS="2248"
                          HPOS="1466"
                          CONTENT="quibus"/>
                  <SP HEIGHT="44" WIDTH="15" VPOS="2248" HPOS="1617"/>
                  <String HEIGHT="44"
                          WIDTH="181"
                          VPOS="2248"
                          HPOS="1572"
                          CONTENT="coelorum"/>
                  <SP HEIGHT="44" WIDTH="15" VPOS="2248" HPOS="1752"/>
                  <String HEIGHT="44"
                          WIDTH="211"
                          VPOS="2248"
                          HPOS="1707"
                          CONTENT="exprimitur"/>
                  <SP HEIGHT="44" WIDTH="15" VPOS="2248" HPOS="1918"/>
                  <String HEIGHT="44"
                          WIDTH="135"
                          VPOS="2248"
                          HPOS="1858"
                          CONTENT="dissolu"/>
               </TextLine>
               <TextLine ID="r4l63"
                         BASELINE="2335"
                         HEIGHT="54"
                         WIDTH="833"
                         VPOS="2281"
                         HPOS="1143">
                  <String HEIGHT="54"
                          WIDTH="111"
                          VPOS="2281"
                          HPOS="1129"
                          CONTENT="tio,"/>
                  <SP HEIGHT="54" WIDTH="14" VPOS="2281" HPOS="1240"/>
                  <String HEIGHT="54"
                          WIDTH="111"
                          VPOS="2281"
                          HPOS="1199"
                          CONTENT="sunt"/>
                  <SP HEIGHT="54" WIDTH="14" VPOS="2281" HPOS="1310"/>
                  <String HEIGHT="54"
                          WIDTH="222"
                          VPOS="2281"
                          HPOS="1268"
                          CONTENT="intelligenda"/>
                  <SP HEIGHT="54" WIDTH="14" VPOS="2281" HPOS="1490"/>
                  <String HEIGHT="54" WIDTH="83" VPOS="2281" HPOS="1448" CONTENT="de"/>
                  <SP HEIGHT="54" WIDTH="14" VPOS="2281" HPOS="1532"/>
                  <String HEIGHT="54"
                          WIDTH="139"
                          VPOS="2281"
                          HPOS="1490"
                          CONTENT="coelis"/>
                  <SP HEIGHT="54" WIDTH="14" VPOS="2281" HPOS="1629"/>
                  <String HEIGHT="54"
                          WIDTH="153"
                          VPOS="2281"
                          HPOS="1587"
                          CONTENT="aereis,"/>
                  <SP HEIGHT="54" WIDTH="14" VPOS="2281" HPOS="1740"/>
                  <String HEIGHT="54"
                          WIDTH="125"
                          VPOS="2281"
                          HPOS="1698"
                          CONTENT="sicut"/>
                  <SP HEIGHT="54" WIDTH="14" VPOS="2281" HPOS="1823"/>
                  <String HEIGHT="54" WIDTH="83" VPOS="2281" HPOS="1782" CONTENT="et"/>
                  <SP HEIGHT="54" WIDTH="14" VPOS="2281" HPOS="1865"/>
                  <String HEIGHT="54"
                          WIDTH="167"
                          VPOS="2281"
                          HPOS="1809"
                          CONTENT="intelligen"/>
               </TextLine>
               <TextLine ID="r4l64"
                         BASELINE="2366"
                         HEIGHT="40"
                         WIDTH="858"
                         VPOS="2326"
                         HPOS="1132">
                  <String HEIGHT="40"
                          WIDTH="107"
                          VPOS="2326"
                          HPOS="1117"
                          CONTENT="dum"/>
                  <SP HEIGHT="40" WIDTH="15" VPOS="2326" HPOS="1224"/>
                  <String HEIGHT="40"
                          WIDTH="107"
                          VPOS="2326"
                          HPOS="1178"
                          CONTENT="est"/>
                  <SP HEIGHT="40" WIDTH="15" VPOS="2326" HPOS="1285"/>
                  <String HEIGHT="40"
                          WIDTH="153"
                          VPOS="2326"
                          HPOS="1239"
                          CONTENT="illud,"/>
                  <SP HEIGHT="40" WIDTH="15" VPOS="2326" HPOS="1392"/>
                  <String HEIGHT="40"
                          WIDTH="184"
                          VPOS="2326"
                          HPOS="1347"
                          CONTENT="volucres"/>
                  <SP HEIGHT="40" WIDTH="15" VPOS="2326" HPOS="1530"/>
                  <String HEIGHT="40"
                          WIDTH="138"
                          VPOS="2326"
                          HPOS="1484"
                          CONTENT="coeli"/>
                  <SP HEIGHT="40" WIDTH="15" VPOS="2326" HPOS="1622"/>
                  <String HEIGHT="40"
                          WIDTH="215"
                          VPOS="2326"
                          HPOS="1576"
                          CONTENT="comederunt"/>
                  <SP HEIGHT="40" WIDTH="15" VPOS="2326" HPOS="1791"/>
                  <String HEIGHT="40"
                          WIDTH="153"
                          VPOS="2326"
                          HPOS="1745"
                          CONTENT="illud;"/>
                  <SP HEIGHT="40" WIDTH="15" VPOS="2326" HPOS="1898"/>
                  <String HEIGHT="40" WIDTH="77" VPOS="2326" HPOS="1852" CONTENT="&amp;"/>
                  <SP HEIGHT="40" WIDTH="15" VPOS="2326" HPOS="1929"/>
                  <String HEIGHT="40"
                          WIDTH="107"
                          VPOS="2326"
                          HPOS="1883"
                          CONTENT="non"/>
                  <SP HEIGHT="40" WIDTH="15" VPOS="2326" HPOS="1990"/>
                  <String HEIGHT="40" WIDTH="61" VPOS="2326" HPOS="1929" CONTENT="de"/>
               </TextLine>
               <TextLine ID="r4l65"
                         BASELINE="2413"
                         HEIGHT="46"
                         WIDTH="843"
                         VPOS="2367"
                         HPOS="1143">
                  <String HEIGHT="46"
                          WIDTH="133"
                          VPOS="2367"
                          HPOS="1128"
                          CONTENT="celis"/>
                  <SP HEIGHT="46" WIDTH="15" VPOS="2367" HPOS="1261"/>
                  <String HEIGHT="46"
                          WIDTH="251"
                          VPOS="2367"
                          HPOS="1217"
                          CONTENT="superioribus,"/>
                  <SP HEIGHT="46" WIDTH="15" VPOS="2367" HPOS="1468"/>
                  <String HEIGHT="46"
                          WIDTH="118"
                          VPOS="2367"
                          HPOS="1424"
                          CONTENT="quia"/>
                  <SP HEIGHT="46" WIDTH="15" VPOS="2367" HPOS="1542"/>
                  <String HEIGHT="46"
                          WIDTH="118"
                          VPOS="2367"
                          HPOS="1498"
                          CONTENT="illi"/>
                  <SP HEIGHT="46" WIDTH="15" VPOS="2367" HPOS="1616"/>
                  <String HEIGHT="46"
                          WIDTH="118"
                          VPOS="2367"
                          HPOS="1572"
                          CONTENT="sunt"/>
                  <SP HEIGHT="46" WIDTH="15" VPOS="2367" HPOS="1690"/>
                  <String HEIGHT="46"
                          WIDTH="296"
                          VPOS="2367"
                          HPOS="1646"
                          CONTENT="intransmutabiles"/>
                  <SP HEIGHT="46" WIDTH="15" VPOS="2367" HPOS="1942"/>
                  <String HEIGHT="46"
                          WIDTH="104"
                          VPOS="2367"
                          HPOS="1882"
                          CONTENT="quan"
                          SUBS_TYPE="HypPart1"
                          SUBS_CONTENT="quantum"/>
                  <HYP CONTENT="-"/>
               </TextLine>
               <TextLine ID="r4l66"
                         BASELINE="2453"
                         HEIGHT="51"
                         WIDTH="839"
                         VPOS="2402"
                         HPOS="1140">
                  <String HEIGHT="51"
                          WIDTH="101"
                          VPOS="2402"
                          HPOS="1126"
                          CONTENT="tum"
                          SUBS_TYPE="HypPart2"
                          SUBS_CONTENT="quantum"/>
                  <SP HEIGHT="51" WIDTH="14" VPOS="2402" HPOS="1227"/>
                  <String HEIGHT="51" WIDTH="87" VPOS="2402" HPOS="1183" CONTENT="ad"/>
                  <SP HEIGHT="51" WIDTH="14" VPOS="2402" HPOS="1270"/>
                  <String HEIGHT="51"
                          WIDTH="231"
                          VPOS="2402"
                          HPOS="1227"
                          CONTENT="substantiam,"/>
                  <SP HEIGHT="51" WIDTH="14" VPOS="2402" HPOS="1458"/>
                  <String HEIGHT="51"
                          WIDTH="159"
                          VPOS="2402"
                          HPOS="1415"
                          CONTENT="quamuis"/>
                  <SP HEIGHT="51" WIDTH="14" VPOS="2402" HPOS="1574"/>
                  <String HEIGHT="51"
                          WIDTH="145"
                          VPOS="2402"
                          HPOS="1531"
                          CONTENT="aliquo"/>
                  <SP HEIGHT="51" WIDTH="14" VPOS="2402" HPOS="1675"/>
                  <String HEIGHT="51"
                          WIDTH="116"
                          VPOS="2402"
                          HPOS="1632"
                          CONTENT="modo"/>
                  <SP HEIGHT="51" WIDTH="14" VPOS="2402" HPOS="1748"/>
                  <String HEIGHT="51"
                          WIDTH="174"
                          VPOS="2402"
                          HPOS="1704"
                          CONTENT="mutentur"/>
                  <SP HEIGHT="51" WIDTH="14" VPOS="2402" HPOS="1878"/>
                  <String HEIGHT="51" WIDTH="87" VPOS="2402" HPOS="1834" CONTENT="in"/>
                  <SP HEIGHT="51" WIDTH="14" VPOS="2402" HPOS="1921"/>
                  <String HEIGHT="51"
                          WIDTH="116"
                          VPOS="2402"
                          HPOS="1863"
                          CONTENT="clari"
                          SUBS_TYPE="HypPart1"
                          SUBS_CONTENT="clariate:"/>
                  <HYP CONTENT="-"/>
               </TextLine>
               <TextLine ID="r4l67"
                         BASELINE="2487"
                         HEIGHT="48"
                         WIDTH="839"
                         VPOS="2439"
                         HPOS="1147">
                  <String HEIGHT="48"
                          WIDTH="120"
                          VPOS="2439"
                          HPOS="1132"
                          CONTENT="ate:"
                          SUBS_TYPE="HypPart2"
                          SUBS_CONTENT="clariate:"/>
                  <SP HEIGHT="48" WIDTH="15" VPOS="2439" HPOS="1252"/>
                  <String HEIGHT="48"
                          WIDTH="120"
                          VPOS="2439"
                          HPOS="1207"
                          CONTENT="quia"/>
                  <SP HEIGHT="48" WIDTH="15" VPOS="2439" HPOS="1327"/>
                  <String HEIGHT="48"
                          WIDTH="135"
                          VPOS="2439"
                          HPOS="1282"
                          CONTENT="lumen"/>
                  <SP HEIGHT="48" WIDTH="15" VPOS="2439" HPOS="1417"/>
                  <String HEIGHT="48"
                          WIDTH="135"
                          VPOS="2439"
                          HPOS="1372"
                          CONTENT="Lunae"/>
                  <SP HEIGHT="48" WIDTH="15" VPOS="2439" HPOS="1507"/>
                  <String HEIGHT="48"
                          WIDTH="120"
                          VPOS="2439"
                          HPOS="1462"
                          CONTENT="erit"/>
                  <SP HEIGHT="48" WIDTH="15" VPOS="2439" HPOS="1581"/>
                  <String HEIGHT="48"
                          WIDTH="135"
                          VPOS="2439"
                          HPOS="1537"
                          CONTENT="sicut"/>
                  <SP HEIGHT="48" WIDTH="15" VPOS="2439" HPOS="1671"/>
                  <String HEIGHT="48"
                          WIDTH="135"
                          VPOS="2439"
                          HPOS="1626"
                          CONTENT="lumen"/>
                  <SP HEIGHT="48" WIDTH="15" VPOS="2439" HPOS="1761"/>
                  <String HEIGHT="48"
                          WIDTH="150"
                          VPOS="2439"
                          HPOS="1716"
                          CONTENT="Solis,"/>
                  <SP HEIGHT="48" WIDTH="15" VPOS="2439" HPOS="1866"/>
                  <String HEIGHT="48" WIDTH="75" VPOS="2439" HPOS="1821" CONTENT="&amp;"/>
                  <SP HEIGHT="48" WIDTH="15" VPOS="2439" HPOS="1896"/>
                  <String HEIGHT="48"
                          WIDTH="135"
                          VPOS="2439"
                          HPOS="1851"
                          CONTENT="lumen"/>
                  <SP HEIGHT="48" WIDTH="15" VPOS="2439" HPOS="1986"/>
                  <String HEIGHT="48" WIDTH="60" VPOS="2439" HPOS="1926" CONTENT="So"/>
               </TextLine>
               <TextLine ID="r4l69"
                         BASELINE="2525"
                         HEIGHT="48"
                         WIDTH="841"
                         VPOS="2477"
                         HPOS="1147">
                  <String HEIGHT="48" WIDTH="87" VPOS="2477" HPOS="1133" CONTENT="is"/>
                  <SP HEIGHT="48" WIDTH="15" VPOS="2477" HPOS="1220"/>
                  <String HEIGHT="48"
                          WIDTH="276"
                          VPOS="2477"
                          HPOS="1176"
                          CONTENT="septempliciter,"/>
                  <SP HEIGHT="48" WIDTH="15" VPOS="2477" HPOS="1452"/>
                  <String HEIGHT="48" WIDTH="87" VPOS="2477" HPOS="1408" CONTENT="vt"/>
                  <SP HEIGHT="48" WIDTH="15" VPOS="2477" HPOS="1495"/>
                  <String HEIGHT="48"
                          WIDTH="131"
                          VPOS="2477"
                          HPOS="1452"
                          CONTENT="dicit"/>
                  <SP HEIGHT="48" WIDTH="15" VPOS="2477" HPOS="1582"/>
                  <String HEIGHT="48"
                          WIDTH="116"
                          VPOS="2477"
                          HPOS="1539"
                          CONTENT="lsa."/>
                  <SP HEIGHT="48" WIDTH="15" VPOS="2477" HPOS="1655"/>
                  <String HEIGHT="48"
                          WIDTH="102"
                          VPOS="2477"
                          HPOS="1611"
                          CONTENT="Nec"/>
                  <SP HEIGHT="48" WIDTH="15" VPOS="2477" HPOS="1713"/>
                  <String HEIGHT="48"
                          WIDTH="131"
                          VPOS="2477"
                          HPOS="1669"
                          CONTENT="tamen"/>
                  <SP HEIGHT="48" WIDTH="15" VPOS="2477" HPOS="1800"/>
                  <String HEIGHT="48"
                          WIDTH="116"
                          VPOS="2477"
                          HPOS="1756"
                          CONTENT="ista"/>
                  <SP HEIGHT="48" WIDTH="15" VPOS="2477" HPOS="1872"/>
                  <String HEIGHT="48"
                          WIDTH="174"
                          VPOS="2477"
                          HPOS="1814"
                          CONTENT="accidenta"
                          SUBS_TYPE="HypPart1"
                          SUBS_CONTENT="accidentalis"/>
                  <HYP CONTENT="-"/>
               </TextLine>
               <TextLine ID="r4l70"
                         BASELINE="2566"
                         HEIGHT="46"
                         WIDTH="841"
                         VPOS="2520"
                         HPOS="1135">
                  <String HEIGHT="46"
                          WIDTH="109"
                          VPOS="2520"
                          HPOS="1119"
                          CONTENT="lis"
                          SUBS_TYPE="HypPart2"
                          SUBS_CONTENT="accidentalis"/>
                  <SP HEIGHT="46" WIDTH="16" VPOS="2520" HPOS="1228"/>
                  <String HEIGHT="46"
                          WIDTH="171"
                          VPOS="2520"
                          HPOS="1182"
                          CONTENT="mutatio"/>
                  <SP HEIGHT="46" WIDTH="16" VPOS="2520" HPOS="1353"/>
                  <String HEIGHT="46"
                          WIDTH="187"
                          VPOS="2520"
                          HPOS="1306"
                          CONTENT="coelorum"/>
                  <SP HEIGHT="46" WIDTH="16" VPOS="2520" HPOS="1493"/>
                  <String HEIGHT="46"
                          WIDTH="125"
                          VPOS="2520"
                          HPOS="1446"
                          CONTENT="erit"/>
                  <SP HEIGHT="46" WIDTH="16" VPOS="2520" HPOS="1571"/>
                  <String HEIGHT="46"
                          WIDTH="109"
                          VPOS="2520"
                          HPOS="1524"
                          CONTENT="per"/>
                  <SP HEIGHT="46" WIDTH="16" VPOS="2520" HPOS="1633"/>
                  <String HEIGHT="46"
                          WIDTH="156"
                          VPOS="2520"
                          HPOS="1587"
                          CONTENT="ignem,"/>
                  <SP HEIGHT="46" WIDTH="16" VPOS="2520" HPOS="1742"/>
                  <String HEIGHT="46"
                          WIDTH="109"
                          VPOS="2520"
                          HPOS="1696"
                          CONTENT="sed"/>
                  <SP HEIGHT="46" WIDTH="16" VPOS="2520" HPOS="1805"/>
                  <String HEIGHT="46"
                          WIDTH="202"
                          VPOS="2520"
                          HPOS="1758"
                          CONTENT="immediate"/>
                  <SP HEIGHT="46" WIDTH="16" VPOS="2520" HPOS="1960"/>
                  <String HEIGHT="46"
                          WIDTH="78"
                          VPOS="2520"
                          HPOS="1898"
                          CONTENT="per"/>
               </TextLine>
               <TextLine ID="r4l71"
                         BASELINE="2599"
                         HEIGHT="47"
                         WIDTH="287"
                         VPOS="2552"
                         HPOS="1138">
                  <String HEIGHT="47"
                          WIDTH="186"
                          VPOS="2552"
                          HPOS="1121"
                          CONTENT="diuinam"/>
                  <SP HEIGHT="47" WIDTH="17" VPOS="2552" HPOS="1307"/>
                  <String HEIGHT="47"
                          WIDTH="186"
                          VPOS="2552"
                          HPOS="1239"
                          CONTENT="actionem."/>
               </TextLine>
               <TextLine ID="r4l73"
                         BASELINE="2642"
                         HEIGHT="44"
                         WIDTH="806"
                         VPOS="2598"
                         HPOS="1176">
                  <String HEIGHT="44" WIDTH="95" VPOS="2598" HPOS="1160" CONTENT="Ad"/>
                  <SP HEIGHT="44" WIDTH="16" VPOS="2598" HPOS="1255"/>
                  <String HEIGHT="44"
                          WIDTH="190"
                          VPOS="2598"
                          HPOS="1208"
                          CONTENT="secundum"/>
                  <SP HEIGHT="44" WIDTH="16" VPOS="2598" HPOS="1397"/>
                  <String HEIGHT="44"
                          WIDTH="190"
                          VPOS="2598"
                          HPOS="1350"
                          CONTENT="dicendum"/>
                  <SP HEIGHT="44" WIDTH="16" VPOS="2598" HPOS="1539"/>
                  <String HEIGHT="44" WIDTH="95" VPOS="2598" HPOS="1492" CONTENT="ad"/>
                  <SP HEIGHT="44" WIDTH="16" VPOS="2598" HPOS="1587"/>
                  <String HEIGHT="44"
                          WIDTH="190"
                          VPOS="2598"
                          HPOS="1539"
                          CONTENT="maiorem,"/>
                  <SP HEIGHT="44" WIDTH="16" VPOS="2598" HPOS="1729"/>
                  <String HEIGHT="44"
                          WIDTH="126"
                          VPOS="2598"
                          HPOS="1682"
                          CONTENT="quod"/>
                  <SP HEIGHT="44" WIDTH="16" VPOS="2598" HPOS="1808"/>
                  <String HEIGHT="44"
                          WIDTH="126"
                          VPOS="2598"
                          HPOS="1761"
                          CONTENT="illa"/>
                  <SP HEIGHT="44" WIDTH="16" VPOS="2598" HPOS="1887"/>
                  <String HEIGHT="44"
                          WIDTH="126"
                          VPOS="2598"
                          HPOS="1840"
                          CONTENT="glo,"/>
                  <SP HEIGHT="44" WIDTH="16" VPOS="2598" HPOS="1966"/>
                  <String HEIGHT="44"
                          WIDTH="79"
                          VPOS="2598"
                          HPOS="1903"
                          CONTENT="non"/>
               </TextLine>
               <TextLine ID="r4l74"
                         BASELINE="2688"
                         HEIGHT="53"
                         WIDTH="848"
                         VPOS="2635"
                         HPOS="1138">
                  <String HEIGHT="53"
                          WIDTH="106"
                          VPOS="2635"
                          HPOS="1123"
                          CONTENT="est"/>
                  <SP HEIGHT="53" WIDTH="15" VPOS="2635" HPOS="1229"/>
                  <String HEIGHT="53"
                          WIDTH="242"
                          VPOS="2635"
                          HPOS="1183"
                          CONTENT="intelligenda"/>
                  <SP HEIGHT="53" WIDTH="15" VPOS="2635" HPOS="1426"/>
                  <String HEIGHT="53" WIDTH="91" VPOS="2635" HPOS="1380" CONTENT="de"/>
                  <SP HEIGHT="53" WIDTH="15" VPOS="2635" HPOS="1471"/>
                  <String HEIGHT="53"
                          WIDTH="242"
                          VPOS="2635"
                          HPOS="1426"
                          CONTENT="consumptione"/>
                  <SP HEIGHT="53" WIDTH="15" VPOS="2635" HPOS="1668"/>
                  <String HEIGHT="53"
                          WIDTH="227"
                          VPOS="2635"
                          HPOS="1623"
                          CONTENT="substantiae"/>
                  <SP HEIGHT="53" WIDTH="15" VPOS="2635" HPOS="1850"/>
                  <String HEIGHT="53"
                          WIDTH="167"
                          VPOS="2635"
                          HPOS="1804"
                          CONTENT="ipsorum"/>
                  <SP HEIGHT="53" WIDTH="15" VPOS="2635" HPOS="1971"/>
                  <String HEIGHT="53"
                          WIDTH="76"
                          VPOS="2635"
                          HPOS="1910"
                          CONTENT="ele"/>
               </TextLine>
               <TextLine ID="r4l75"
                         BASELINE="2728"
                         HEIGHT="50"
                         WIDTH="852"
                         VPOS="2678"
                         HPOS="1134">
                  <String HEIGHT="50"
                          WIDTH="209"
                          VPOS="2678"
                          HPOS="1118"
                          CONTENT="mentorum,"/>
                  <SP HEIGHT="50" WIDTH="16" VPOS="2678" HPOS="1327"/>
                  <String HEIGHT="50"
                          WIDTH="113"
                          VPOS="2678"
                          HPOS="1279"
                          CONTENT="sed"/>
                  <SP HEIGHT="50" WIDTH="16" VPOS="2678" HPOS="1391"/>
                  <String HEIGHT="50" WIDTH="96" VPOS="2678" HPOS="1343" CONTENT="de"/>
                  <SP HEIGHT="50" WIDTH="16" VPOS="2678" HPOS="1439"/>
                  <String HEIGHT="50"
                          WIDTH="193"
                          VPOS="2678"
                          HPOS="1391"
                          CONTENT="aliquali"/>
                  <SP HEIGHT="50" WIDTH="16" VPOS="2678" HPOS="1584"/>
                  <String HEIGHT="50"
                          WIDTH="209"
                          VPOS="2678"
                          HPOS="1536"
                          CONTENT="mutatione"/>
                  <SP HEIGHT="50" WIDTH="16" VPOS="2678" HPOS="1745"/>
                  <String HEIGHT="50"
                          WIDTH="225"
                          VPOS="2678"
                          HPOS="1697"
                          CONTENT="qualitatis"/>
                  <SP HEIGHT="50" WIDTH="16" VPOS="2678" HPOS="1922"/>
                  <String HEIGHT="50"
                          WIDTH="129"
                          VPOS="2678"
                          HPOS="1857"
                          CONTENT="eorum,"/>
               </TextLine>
               <TextLine ID="r4l76"
                         BASELINE="2767"
                         HEIGHT="55"
                         WIDTH="848"
                         VPOS="2712"
                         HPOS="1140">
                  <String HEIGHT="55" WIDTH="91" VPOS="2712" HPOS="1125" CONTENT="Et"/>
                  <SP HEIGHT="55" WIDTH="15" VPOS="2712" HPOS="1216"/>
                  <String HEIGHT="55"
                          WIDTH="121"
                          VPOS="2712"
                          HPOS="1170"
                          CONTENT="dico"/>
                  <SP HEIGHT="55" WIDTH="15" VPOS="2712" HPOS="1291"/>
                  <String HEIGHT="55"
                          WIDTH="182"
                          VPOS="2712"
                          HPOS="1246"
                          CONTENT="notanter"/>
                  <SP HEIGHT="55" WIDTH="15" VPOS="2712" HPOS="1428"/>
                  <String HEIGHT="55"
                          WIDTH="182"
                          VPOS="2712"
                          HPOS="1382"
                          CONTENT="aliquali"/>
                  <SP HEIGHT="55" WIDTH="15" VPOS="2712" HPOS="1564"/>
                  <String HEIGHT="55"
                          WIDTH="212"
                          VPOS="2712"
                          HPOS="1519"
                          CONTENT="mutatione,"/>
                  <SP HEIGHT="55" WIDTH="15" VPOS="2712" HPOS="1731"/>
                  <String HEIGHT="55"
                          WIDTH="121"
                          VPOS="2712"
                          HPOS="1685"
                          CONTENT="quia"/>
                  <SP HEIGHT="55" WIDTH="15" VPOS="2712" HPOS="1806"/>
                  <String HEIGHT="55"
                          WIDTH="212"
                          VPOS="2712"
                          HPOS="1761"
                          CONTENT="intrinsece"/>
                  <SP HEIGHT="55" WIDTH="15" VPOS="2712" HPOS="1973"/>
                  <String HEIGHT="55"
                          WIDTH="76"
                          VPOS="2712"
                          HPOS="1912"
                          CONTENT="ma"
                          SUBS_TYPE="HypPart1"
                          SUBS_CONTENT="manent"/>
                  <HYP CONTENT="-"/>
               </TextLine>
               <TextLine ID="r4l77"
                         BASELINE="2801"
                         HEIGHT="44"
                         WIDTH="837"
                         VPOS="2757"
                         HPOS="1133">
                  <String HEIGHT="44"
                          WIDTH="120"
                          VPOS="2757"
                          HPOS="1118"
                          CONTENT="nent"
                          SUBS_TYPE="HypPart2"
                          SUBS_CONTENT="manent"/>
                  <SP HEIGHT="44" WIDTH="15" VPOS="2757" HPOS="1238"/>
                  <String HEIGHT="44"
                          WIDTH="224"
                          VPOS="2757"
                          HPOS="1193"
                          CONTENT="qualitates,"/>
                  <SP HEIGHT="44" WIDTH="15" VPOS="2757" HPOS="1417"/>
                  <String HEIGHT="44"
                          WIDTH="135"
                          VPOS="2757"
                          HPOS="1372"
                          CONTENT="licet"/>
                  <SP HEIGHT="44" WIDTH="15" VPOS="2757" HPOS="1507"/>
                  <String HEIGHT="44"
                          WIDTH="209"
                          VPOS="2757"
                          HPOS="1462"
                          CONTENT="extrinsece"/>
                  <SP HEIGHT="44" WIDTH="15" VPOS="2757" HPOS="1671"/>
                  <String HEIGHT="44"
                          WIDTH="105"
                          VPOS="2757"
                          HPOS="1626"
                          CONTENT="non"/>
                  <SP HEIGHT="44" WIDTH="15" VPOS="2757" HPOS="1731"/>
                  <String HEIGHT="44"
                          WIDTH="194"
                          VPOS="2757"
                          HPOS="1686"
                          CONTENT="appareant"/>
                  <SP HEIGHT="44" WIDTH="15" VPOS="2757" HPOS="1880"/>
                  <String HEIGHT="44"
                          WIDTH="120"
                          VPOS="2757"
                          HPOS="1835"
                          CONTENT="quia"/>
                  <SP HEIGHT="44" WIDTH="15" VPOS="2757" HPOS="1955"/>
                  <String HEIGHT="44"
                          WIDTH="75"
                          VPOS="2757"
                          HPOS="1895"
                          CONTENT="ces"/>
               </TextLine>
               <TextLine ID="r4l78"
                         BASELINE="2837"
                         HEIGHT="46"
                         WIDTH="843"
                         VPOS="2791"
                         HPOS="1135">
                  <String HEIGHT="46"
                          WIDTH="141"
                          VPOS="2791"
                          HPOS="1119"
                          CONTENT="sante"/>
                  <SP HEIGHT="46" WIDTH="16" VPOS="2791" HPOS="1260"/>
                  <String HEIGHT="46"
                          WIDTH="125"
                          VPOS="2791"
                          HPOS="1213"
                          CONTENT="motu"/>
                  <SP HEIGHT="46" WIDTH="16" VPOS="2791" HPOS="1338"/>
                  <String HEIGHT="46"
                          WIDTH="141"
                          VPOS="2791"
                          HPOS="1291"
                          CONTENT="coeli"/>
                  <SP HEIGHT="46" WIDTH="16" VPOS="2791" HPOS="1432"/>
                  <String HEIGHT="46"
                          WIDTH="219"
                          VPOS="2791"
                          HPOS="1385"
                          CONTENT="qualitates"/>
                  <SP HEIGHT="46" WIDTH="16" VPOS="2791" HPOS="1603"/>
                  <String HEIGHT="46"
                          WIDTH="234"
                          VPOS="2791"
                          HPOS="1557"
                          CONTENT="elementorum"/>
                  <SP HEIGHT="46" WIDTH="16" VPOS="2791" HPOS="1791"/>
                  <String HEIGHT="46"
                          WIDTH="109"
                          VPOS="2791"
                          HPOS="1744"
                          CONTENT="non"/>
                  <SP HEIGHT="46" WIDTH="16" VPOS="2791" HPOS="1853"/>
                  <String HEIGHT="46"
                          WIDTH="172"
                          VPOS="2791"
                          HPOS="1806"
                          CONTENT="faciunt"/>
                  <SP HEIGHT="46" WIDTH="16" VPOS="2791" HPOS="1978"/>
                  <String HEIGHT="46" WIDTH="62" VPOS="2791" HPOS="1916" CONTENT="ex"/>
               </TextLine>
               <TextLine ID="r4l79"
                         BASELINE="2876"
                         HEIGHT="41"
                         WIDTH="848"
                         VPOS="2835"
                         HPOS="1131">
                  <String HEIGHT="41"
                          WIDTH="185"
                          VPOS="2835"
                          HPOS="1116"
                          CONTENT="trinsece"/>
                  <SP HEIGHT="41" WIDTH="15" VPOS="2835" HPOS="1301"/>
                  <String HEIGHT="41" WIDTH="93" VPOS="2835" HPOS="1254" CONTENT="ad"/>
                  <SP HEIGHT="41" WIDTH="15" VPOS="2835" HPOS="1347"/>
                  <String HEIGHT="41"
                          WIDTH="262"
                          VPOS="2835"
                          HPOS="1301"
                          CONTENT="generationem,"/>
                  <SP HEIGHT="41" WIDTH="15" VPOS="2835" HPOS="1563"/>
                  <String HEIGHT="41" WIDTH="77" VPOS="2835" HPOS="1516" CONTENT="&amp;"/>
                  <SP HEIGHT="41" WIDTH="15" VPOS="2835" HPOS="1594"/>
                  <String HEIGHT="41"
                          WIDTH="247"
                          VPOS="2835"
                          HPOS="1547"
                          CONTENT="corruptionem"/>
                  <SP HEIGHT="41" WIDTH="15" VPOS="2835" HPOS="1794"/>
                  <String HEIGHT="41"
                          WIDTH="154"
                          VPOS="2835"
                          HPOS="1748"
                          CONTENT="rerum."/>
                  <SP HEIGHT="41" WIDTH="15" VPOS="2835" HPOS="1902"/>
                  <String HEIGHT="41" WIDTH="93" VPOS="2835" HPOS="1856" CONTENT="Et"/>
                  <SP HEIGHT="41" WIDTH="15" VPOS="2835" HPOS="1948"/>
                  <String HEIGHT="41"
                          WIDTH="93"
                          VPOS="2835"
                          HPOS="1886"
                          CONTENT="pro"
                          SUBS_TYPE="HypPart1"
                          SUBS_CONTENT="propter"/>
                  <HYP CONTENT="-"/>
               </TextLine>
               <TextLine ID="r4l80"
                         BASELINE="2920"
                         HEIGHT="42"
                         WIDTH="849"
                         VPOS="2878"
                         HPOS="1142">
                  <String HEIGHT="42"
                          WIDTH="126"
                          VPOS="2878"
                          HPOS="1126"
                          CONTENT="pter"
                          SUBS_TYPE="HypPart2"
                          SUBS_CONTENT="propter"/>
                  <SP HEIGHT="42" WIDTH="16" VPOS="2878" HPOS="1252"/>
                  <String HEIGHT="42"
                          WIDTH="110"
                          VPOS="2878"
                          HPOS="1205"
                          CONTENT="hoc"/>
                  <SP HEIGHT="42" WIDTH="16" VPOS="2878" HPOS="1315"/>
                  <String HEIGHT="42"
                          WIDTH="126"
                          VPOS="2878"
                          HPOS="1268"
                          CONTENT="eade"/>
                  <SP HEIGHT="42" WIDTH="16" VPOS="2878" HPOS="1394"/>
                  <String HEIGHT="42"
                          WIDTH="142"
                          VPOS="2878"
                          HPOS="1346"
                          CONTENT="glosa"/>
                  <SP HEIGHT="42" WIDTH="16" VPOS="2878" HPOS="1488"/>
                  <String HEIGHT="42"
                          WIDTH="142"
                          VPOS="2878"
                          HPOS="1441"
                          CONTENT="magis"/>
                  <SP HEIGHT="42" WIDTH="16" VPOS="2878" HPOS="1582"/>
                  <String HEIGHT="42"
                          WIDTH="189"
                          VPOS="2878"
                          HPOS="1535"
                          CONTENT="exprimit"/>
                  <SP HEIGHT="42" WIDTH="16" VPOS="2878" HPOS="1724"/>
                  <String HEIGHT="42"
                          WIDTH="267"
                          VPOS="2878"
                          HPOS="1677"
                          CONTENT="consumptionem"/>
                  <SP HEIGHT="42" WIDTH="16" VPOS="2878" HPOS="1944"/>
                  <String HEIGHT="42"
                          WIDTH="110"
                          VPOS="2878"
                          HPOS="1881"
                          CONTENT="ignis"/>
               </TextLine>
               <TextLine ID="r4l81"
                         BASELINE="2960"
                         HEIGHT="49"
                         WIDTH="843"
                         VPOS="2911"
                         HPOS="1140">
                  <String HEIGHT="49" WIDTH="74" VPOS="2911" HPOS="1125" CONTENT="&amp;"/>
                  <SP HEIGHT="49" WIDTH="15" VPOS="2911" HPOS="1199"/>
                  <String HEIGHT="49"
                          WIDTH="148"
                          VPOS="2911"
                          HPOS="1155"
                          CONTENT="aquae,"/>
                  <SP HEIGHT="49" WIDTH="15" VPOS="2911" HPOS="1303"/>
                  <String HEIGHT="49"
                          WIDTH="118"
                          VPOS="2911"
                          HPOS="1258"
                          CONTENT="quam"/>
                  <SP HEIGHT="49" WIDTH="15" VPOS="2911" HPOS="1377"/>
                  <String HEIGHT="49"
                          WIDTH="148"
                          VPOS="2911"
                          HPOS="1332"
                          CONTENT="aeris,"/>
                  <SP HEIGHT="49" WIDTH="15" VPOS="2911" HPOS="1480"/>
                  <String HEIGHT="49" WIDTH="74" VPOS="2911" HPOS="1436" CONTENT="&amp;"/>
                  <SP HEIGHT="49" WIDTH="15" VPOS="2911" HPOS="1510"/>
                  <String HEIGHT="49"
                          WIDTH="148"
                          VPOS="2911"
                          HPOS="1465"
                          CONTENT="terre,"/>
                  <SP HEIGHT="49" WIDTH="15" VPOS="2911" HPOS="1613"/>
                  <String HEIGHT="49"
                          WIDTH="104"
                          VPOS="2911"
                          HPOS="1569"
                          CONTENT="eo,"/>
                  <SP HEIGHT="49" WIDTH="15" VPOS="2911" HPOS="1672"/>
                  <String HEIGHT="49"
                          WIDTH="118"
                          VPOS="2911"
                          HPOS="1628"
                          CONTENT="quod"/>
                  <SP HEIGHT="49" WIDTH="15" VPOS="2911" HPOS="1746"/>
                  <String HEIGHT="49"
                          WIDTH="207"
                          VPOS="2911"
                          HPOS="1702"
                          CONTENT="qualitates"/>
                  <SP HEIGHT="49" WIDTH="15" VPOS="2911" HPOS="1909"/>
                  <String HEIGHT="49"
                          WIDTH="148"
                          VPOS="2911"
                          HPOS="1865"
                          CONTENT="ignis,"/>
                  <SP HEIGHT="49" WIDTH="15" VPOS="2911" HPOS="2013"/>
                  <String HEIGHT="49" WIDTH="30" VPOS="2911" HPOS="1953" CONTENT=""/>
               </TextLine>
               <TextLine ID="r4l82"
                         BASELINE="3006"
                         HEIGHT="53"
                         WIDTH="847"
                         VPOS="2953"
                         HPOS="1135">
                  <String HEIGHT="53" WIDTH="73" VPOS="2953" HPOS="1120" CONTENT="&amp;"/>
                  <SP HEIGHT="53" WIDTH="15" VPOS="2953" HPOS="1193"/>
                  <String HEIGHT="53"
                          WIDTH="146"
                          VPOS="2953"
                          HPOS="1150"
                          CONTENT="aquae."/>
                  <SP HEIGHT="53" WIDTH="15" VPOS="2953" HPOS="1296"/>
                  <String HEIGHT="53"
                          WIDTH="219"
                          VPOS="2953"
                          HPOS="1252"
                          CONTENT="s.caliditas"/>
                  <SP HEIGHT="53" WIDTH="15" VPOS="2953" HPOS="1471"/>
                  <String HEIGHT="53" WIDTH="73" VPOS="2953" HPOS="1427" CONTENT="&amp;"/>
                  <SP HEIGHT="53" WIDTH="15" VPOS="2953" HPOS="1500"/>
                  <String HEIGHT="53"
                          WIDTH="204"
                          VPOS="2953"
                          HPOS="1456"
                          CONTENT="frigiditas"/>
                  <SP HEIGHT="53" WIDTH="15" VPOS="2953" HPOS="1661"/>
                  <String HEIGHT="53"
                          WIDTH="117"
                          VPOS="2953"
                          HPOS="1617"
                          CONTENT="sint"/>
                  <SP HEIGHT="53" WIDTH="15" VPOS="2953" HPOS="1734"/>
                  <String HEIGHT="53"
                          WIDTH="131"
                          VPOS="2953"
                          HPOS="1690"
                          CONTENT="inter"/>
                  <SP HEIGHT="53" WIDTH="15" VPOS="2953" HPOS="1821"/>
                  <String HEIGHT="53"
                          WIDTH="131"
                          VPOS="2953"
                          HPOS="1778"
                          CONTENT="omnes"/>
                  <SP HEIGHT="53" WIDTH="15" VPOS="2953" HPOS="1909"/>
                  <String HEIGHT="53"
                          WIDTH="131"
                          VPOS="2953"
                          HPOS="1851"
                          CONTENT="elemen"
                          SUBS_TYPE="HypPart1"
                          SUBS_CONTENT="elementares"/>
                  <HYP CONTENT="-"/>
               </TextLine>
               <TextLine ID="r4l83"
                         BASELINE="3041"
                         HEIGHT="50"
                         WIDTH="843"
                         VPOS="2991"
                         HPOS="1136">
                  <String HEIGHT="50"
                          WIDTH="129"
                          VPOS="2991"
                          HPOS="1122"
                          CONTENT="tares"
                          SUBS_TYPE="HypPart2"
                          SUBS_CONTENT="elementares"/>
                  <SP HEIGHT="50" WIDTH="14" VPOS="2991" HPOS="1250"/>
                  <String HEIGHT="50"
                          WIDTH="200"
                          VPOS="2991"
                          HPOS="1207"
                          CONTENT="qualitates"/>
                  <SP HEIGHT="50" WIDTH="14" VPOS="2991" HPOS="1407"/>
                  <String HEIGHT="50"
                          WIDTH="129"
                          VPOS="2991"
                          HPOS="1365"
                          CONTENT="magis"/>
                  <SP HEIGHT="50" WIDTH="14" VPOS="2991" HPOS="1493"/>
                  <String HEIGHT="50"
                          WIDTH="171"
                          VPOS="2991"
                          HPOS="1450"
                          CONTENT="actiuae:"/>
                  <SP HEIGHT="50" WIDTH="14" VPOS="2991" HPOS="1622"/>
                  <String HEIGHT="50"
                          WIDTH="157"
                          VPOS="2991"
                          HPOS="1579"
                          CONTENT="propter"/>
                  <SP HEIGHT="50" WIDTH="14" VPOS="2991" HPOS="1736"/>
                  <String HEIGHT="50"
                          WIDTH="114"
                          VPOS="2991"
                          HPOS="1693"
                          CONTENT="quod"/>
                  <SP HEIGHT="50" WIDTH="14" VPOS="2991" HPOS="1808"/>
                  <String HEIGHT="50"
                          WIDTH="186"
                          VPOS="2991"
                          HPOS="1765"
                          CONTENT="praedicta"/>
                  <SP HEIGHT="50" WIDTH="14" VPOS="2991" HPOS="1950"/>
                  <String HEIGHT="50"
                          WIDTH="86"
                          VPOS="2991"
                          HPOS="1893"
                          CONTENT="ele"
                          SUBS_TYPE="HypPart1"
                          SUBS_CONTENT="elementorum"/>
                  <HYP CONTENT="-"/>
               </TextLine>
               <TextLine ID="r4l84"
                         BASELINE="3071"
                         HEIGHT="39"
                         WIDTH="812"
                         VPOS="3032"
                         HPOS="1141">
                  <String HEIGHT="39"
                          WIDTH="203"
                          VPOS="3032"
                          HPOS="1124"
                          CONTENT="mentorum"
                          SUBS_TYPE="HypPart2"
                          SUBS_CONTENT="elementorum"/>
                  <SP HEIGHT="39" WIDTH="17" VPOS="3032" HPOS="1327"/>
                  <String HEIGHT="39"
                          WIDTH="186"
                          VPOS="3032"
                          HPOS="1276"
                          CONTENT="mutatio"/>
                  <SP HEIGHT="39" WIDTH="17" VPOS="3032" HPOS="1462"/>
                  <String HEIGHT="39"
                          WIDTH="152"
                          VPOS="3032"
                          HPOS="1412"
                          CONTENT="magis"/>
                  <SP HEIGHT="39" WIDTH="17" VPOS="3032" HPOS="1564"/>
                  <String HEIGHT="39"
                          WIDTH="220"
                          VPOS="3032"
                          HPOS="1513"
                          CONTENT="apparebit"/>
                  <SP HEIGHT="39" WIDTH="17" VPOS="3032" HPOS="1733"/>
                  <String HEIGHT="39"
                          WIDTH="102"
                          VPOS="3032"
                          HPOS="1682"
                          CONTENT="in"/>
                  <SP HEIGHT="39" WIDTH="17" VPOS="3032" HPOS="1784"/>
                  <String HEIGHT="39"
                          WIDTH="152"
                          VPOS="3032"
                          HPOS="1733"
                          CONTENT="igne,"/>
                  <SP HEIGHT="39" WIDTH="17" VPOS="3032" HPOS="1885"/>
                  <String HEIGHT="39" WIDTH="85" VPOS="3032" HPOS="1835" CONTENT="&amp;"/>
                  <SP HEIGHT="39" WIDTH="17" VPOS="3032" HPOS="1919"/>
                  <String HEIGHT="39"
                          WIDTH="102"
                          VPOS="3032"
                          HPOS="1852"
                          CONTENT="aqua"/>
               </TextLine>
               <TextLine ID="r4l85"
                         BASELINE="3116"
                         HEIGHT="61"
                         WIDTH="842"
                         VPOS="3055"
                         HPOS="1149">
                  <String HEIGHT="61"
                          WIDTH="153"
                          VPOS="3055"
                          HPOS="1134"
                          CONTENT="quando"/>
                  <SP HEIGHT="61" WIDTH="15" VPOS="3055" HPOS="1287"/>
                  <String HEIGHT="61"
                          WIDTH="184"
                          VPOS="3055"
                          HPOS="1241"
                          CONTENT="elementa"/>
                  <SP HEIGHT="61" WIDTH="15" VPOS="3055" HPOS="1425"/>
                  <String HEIGHT="61"
                          WIDTH="184"
                          VPOS="3055"
                          HPOS="1379"
                          CONTENT="desinunt"/>
                  <SP HEIGHT="61" WIDTH="15" VPOS="3055" HPOS="1562"/>
                  <String HEIGHT="61" WIDTH="92" VPOS="3055" HPOS="1516" CONTENT="ab"/>
                  <SP HEIGHT="61" WIDTH="15" VPOS="3055" HPOS="1608"/>
                  <String HEIGHT="61"
                          WIDTH="168"
                          VPOS="3055"
                          HPOS="1562"
                          CONTENT="actione"/>
                  <SP HEIGHT="61" WIDTH="15" VPOS="3055" HPOS="1731"/>
                  <String HEIGHT="61"
                          WIDTH="214"
                          VPOS="3055"
                          HPOS="1685"
                          CONTENT="exteriori,"/>
                  <SP HEIGHT="61" WIDTH="15" VPOS="3055" HPOS="1899"/>
                  <String HEIGHT="61"
                          WIDTH="122"
                          VPOS="3055"
                          HPOS="1853"
                          CONTENT="quae"/>
                  <SP HEIGHT="61" WIDTH="15" VPOS="3055" HPOS="1976"/>
                  <String HEIGHT="61"
                          WIDTH="77"
                          VPOS="3055"
                          HPOS="1914"
                          CONTENT="est"/>
               </TextLine>
               <TextLine ID="r4l86"
                         BASELINE="3159"
                         HEIGHT="44"
                         WIDTH="839"
                         VPOS="3115"
                         HPOS="1149">
                  <String HEIGHT="44"
                          WIDTH="206"
                          VPOS="3115"
                          HPOS="1134"
                          CONTENT="eneratiua,"/>
                  <SP HEIGHT="44" WIDTH="15" VPOS="3115" HPOS="1340"/>
                  <String HEIGHT="44"
                          WIDTH="103"
                          VPOS="3115"
                          HPOS="1296"
                          CONTENT="vel"/>
                  <SP HEIGHT="44" WIDTH="15" VPOS="3115" HPOS="1399"/>
                  <String HEIGHT="44"
                          WIDTH="221"
                          VPOS="3115"
                          HPOS="1355"
                          CONTENT="corruptiua."/>
                  <SP HEIGHT="44" WIDTH="15" VPOS="3115" HPOS="1576"/>
                  <String HEIGHT="44"
                          WIDTH="132"
                          VPOS="3115"
                          HPOS="1532"
                          CONTENT="Etiam"/>
                  <SP HEIGHT="44" WIDTH="15" VPOS="3115" HPOS="1664"/>
                  <String HEIGHT="44"
                          WIDTH="132"
                          VPOS="3115"
                          HPOS="1620"
                          CONTENT="minor"/>
                  <SP HEIGHT="44" WIDTH="15" VPOS="3115" HPOS="1752"/>
                  <String HEIGHT="44"
                          WIDTH="103"
                          VPOS="3115"
                          HPOS="1708"
                          CONTENT="non"/>
                  <SP HEIGHT="44" WIDTH="15" VPOS="3115" HPOS="1811"/>
                  <String HEIGHT="44"
                          WIDTH="103"
                          VPOS="3115"
                          HPOS="1767"
                          CONTENT="est"/>
                  <SP HEIGHT="44" WIDTH="15" VPOS="3115" HPOS="1870"/>
                  <String HEIGHT="44"
                          WIDTH="132"
                          VPOS="3115"
                          HPOS="1826"
                          CONTENT="vera:"/>
                  <SP HEIGHT="44" WIDTH="15" VPOS="3115" HPOS="1959"/>
                  <String HEIGHT="44"
                          WIDTH="88"
                          VPOS="3115"
                          HPOS="1900"
                          CONTENT="quia"/>
               </TextLine>
               <TextLine ID="r4l87"
                         BASELINE="3198"
                         HEIGHT="49"
                         WIDTH="846"
                         VPOS="3149"
                         HPOS="1139">
                  <String HEIGHT="49"
                          WIDTH="135"
                          VPOS="3149"
                          HPOS="1122"
                          CONTENT="idem"/>
                  <SP HEIGHT="49" WIDTH="17" VPOS="3149" HPOS="1257"/>
                  <String HEIGHT="49"
                          WIDTH="152"
                          VPOS="3149"
                          HPOS="1207"
                          CONTENT="totum"/>
                  <SP HEIGHT="49" WIDTH="17" VPOS="3149" HPOS="1359"/>
                  <String HEIGHT="49"
                          WIDTH="203"
                          VPOS="3149"
                          HPOS="1308"
                          CONTENT="secundum"/>
                  <SP HEIGHT="49" WIDTH="17" VPOS="3149" HPOS="1511"/>
                  <String HEIGHT="49"
                          WIDTH="135"
                          VPOS="3149"
                          HPOS="1460"
                          CONTENT="vnam"/>
                  <SP HEIGHT="49" WIDTH="17" VPOS="3149" HPOS="1596"/>
                  <String HEIGHT="49"
                          WIDTH="169"
                          VPOS="3149"
                          HPOS="1545"
                          CONTENT="partem"/>
                  <SP HEIGHT="49" WIDTH="17" VPOS="3149" HPOS="1714"/>
                  <String HEIGHT="49"
                          WIDTH="169"
                          VPOS="3149"
                          HPOS="1664"
                          CONTENT="potest"/>
                  <SP HEIGHT="49" WIDTH="17" VPOS="3149" HPOS="1833"/>
                  <String HEIGHT="49"
                          WIDTH="152"
                          VPOS="3149"
                          HPOS="1782"
                          CONTENT="agere"/>
                  <SP HEIGHT="49" WIDTH="17" VPOS="3149" HPOS="1934"/>
                  <String HEIGHT="49"
                          WIDTH="102"
                          VPOS="3149"
                          HPOS="1883"
                          CONTENT="in"/>
                  <SP HEIGHT="49" WIDTH="17" VPOS="3149" HPOS="1985"/>
                  <String HEIGHT="49" WIDTH="68" VPOS="3149" HPOS="1917" CONTENT="se"/>
               </TextLine>
            </TextBlock>
         </PrintSpace>
      </Page>
   </Layout>
</alto>
