2356 3524
168 255 163 61 regem
276 255 145 61 ait.
367 255 271 61 Elecmosvnis
584 255 199 61 redimae
729 255 199 61 peccata
856 255 90 61 tua

220 312 73 57 3
250 312 205 57 Praeterea,
410 312 146 57 beatus
513 312 146 57 Ambro.
615 312 117 57 ait.
688 312 88 57 Et
732 312 88 57 si
775 312 131 57 fides
863 312 146 57 desit,
951 312 102 57 poens

188 356 196 43 satisfacit,
345 356 65 43 &
371 356 157 43 releuat:
489 356 92 43 sed
541 356 131 43 planum
633 356 105 43 est,
698 356 105 43 quod
764 356 92 43 vbi
816 356 118 43 fides
895 356 157 43 deficit,
1000 356 65 43 ibi

182 395 210 45 deest
322 395 210 45 etiam
439 395 234 45 caritas.

228 435 117 52 Sed
295 435 134 52 ista
379 435 117 52 non
446 435 251 52 concludunt.
647 435 134 52 Ergo
731 435 101 52 ad
781 435 168 52 primum
882 435 168 52 dicendun

190 474 119 44 quod
264 474 134 44 licet
354 474 119 44 homo
428 474 193 44 nonpossit
576 474 119 44 esse
651 474 149 44 certus
755 474 89 44 de
799 474 119 44 hoc,
874 474 119 44 quod
933 474 119 44 habeat

194 516 205 50 caritatem
352 516 237 50 cercitudine
542 516 205 50 euidentis
700 516 205 50 notitiae:
857 516 142 50 tamen
936 516 111 50 potes

188 556 118 44 esse
262 556 147 44 certus
365 556 221 44 certitudine
541 556 206 44 probabilis
703 556 235 44 coniecturae,
894 556 74 44 &
924 556 118 44 haec
982 556 74 44 cer

188 593 159 41 titudo
299 593 191 41 sufficit
442 593 95 41 ei
490 593 95 41 ad
538 593 127 41 hoc,
617 593 127 41 quod
696 593 111 41 non
760 593 191 41 teneatur
887 593 159 41 poeniten

195 629 125 56 tiam
258 629 141 56 iterare

222 668 103 54 Ad
273 668 207 54 secundum
429 668 224 54 dicendum,
601 668 138 54 quod
687 668 241 54 redemptio,
877 668 103 54 de
928 668 121 54 qua
980 668 69 54 lo

180 712 147 39 quitur
283 712 103 39 ibi
342 712 162 39 Daniel,
460 712 103 39 non
519 712 118 39 fuit
593 712 221 39 fatisfactio
769 712 133 39 digna
858 712 103 39 pro
902 712 147 39 peccatis

177 749 108 54 sed
238 749 123 54 fuit
315 749 216 54 temporalis
485 749 154 54 poenae
593 749 170 54 euasio,
716 749 123 54 quam
793 749 154 54 ibidem
885 749 170 54 praedixem

174 791 105 45 rat
234 791 90 45 ei
279 791 166 45 Daniel,
400 791 120 45 quae
475 791 135 45 etiam
565 791 151 45 euenit
671 791 120 45 illi
746 791 135 45 regi:
836 791 120 45 quia
896 791 166 45 immutauit

174 829 118 51 Deus
248 829 147 51 sensum
351 829 132 51 eius,
439 829 73 51 &
468 829 147 51 factus
571 829 118 51 fuit
645 829 132 51 quasi
733 829 206 51 svluestris
894 829 162 51 bestia,
997 829 59 51 eo

179 870 130 49 quod
260 870 114 49 non
325 870 146 49 fecit
422 870 195 49 secundum
568 870 211 49 consilium
730 870 130 49 sibi
812 870 146 49 datum
909 870 114 49 per
958 870 97 49 pro

166 910 168 48 phetam.

216 946 103 48 Ad
267 946 188 48 tertium
404 946 223 48 dicendum,
576 946 137 48 quod
661 946 154 48 Ambr.
764 946 120 48 ibi
832 946 120 48 non
884 946 171 48 loquitur

180 986 91 43 de
225 986 136 43 fide,
316 986 121 43 quae
392 986 106 43 est
453 986 152 43 virtus
559 986 227 43 theologica,
741 986 121 43 sine
817 986 106 43 qua
862 986 182 43 impossibil

185 1030 110 39 est
248 1030 172 39 placere
373 1030 125 39 Deo:
452 1030 110 39 sed
514 1030 188 39 loquitur
655 1030 110 39 ibi
718 1030 94 39 de
765 1030 251 39 credulitate,
953 1030 94 39 quan

182 1064 127 53 homo
262 1064 143 53 habet
357 1064 96 53 de
405 1064 127 53 hoc,
485 1064 127 53 quod
564 1064 111 53 sit
628 1064 96 53 in
676 1064 191 53 peccato;
819 1064 127 53 Quia
899 1064 159 53 posito
994 1064 64 53 be

172 1118 118 41 ne,
240 1118 135 41 quod
324 1118 135 41 homo
408 1118 118 41 sit
475 1118 101 41 in
526 1118 185 41 mortali
661 1118 202 41 peccato,
812 1118 101 41 de
863 1118 118 41 quo
913 1118 135 41 nondun

182 1145 224 49 satisfecit,
361 1145 75 49 &
391 1145 149 49 credit
496 1145 90 49 se
540 1145 105 49 non
600 1145 119 49 esse
675 1145 90 49 in
720 1145 164 49 peccato
839 1145 119 49 quia
899 1145 149 49 huiusmo-

186 1183 92 48 di
232 1183 183 48 peccatum
369 1183 168 48 penitus
491 1183 107 48 est
553 1183 183 48 oblitus,
690 1183 122 48 tunc
767 1183 92 48 si
812 1183 122 48 isto
889 1183 122 48 modo
950 1183 107 48 fides

178 1228 162 45 desit,
291 1228 130 45 quod
373 1228 195 45 scilicet
519 1228 130 45 homo
600 1228 114 45 non
665 1228 146 45 habet
763 1228 276 45 credulitatem,
974 1228 81 45 seu

174 1264 144 51 fidem
270 1264 96 51 de
318 1264 128 51 hoc,
398 1264 128 51 quod
478 1264 128 51 ipse
558 1264 112 51 sit
622 1264 96 51 in
669 1264 160 51 aliquo
781 1264 176 51 mortali
893 1264 160 51 peccato.

181 1303 121 48 tunc
257 1303 91 48 de
302 1303 121 48 tali
378 1303 167 48 peccato
500 1303 152 48 poena;
606 1303 152 48 idest,
712 1303 182 48 communis
849 1303 212 48 contritio,
1015 1303 76 48 &

194 1349 215 43 vniuersalis
365 1349 186 43 confessio
494 1349 186 43 satisfacit.

221 1384 87 51 Ex
264 1384 115 51 ista
336 1384 144 51 igitur
437 1384 216 51 conclusione
610 1384 202 51 corollarie
769 1384 144 51 potest
870 1384 173 51 inferri,
985 1384 58 51 qu

182 1422 140 50 falsa
276 1422 109 50 est
338 1422 125 50 illa
416 1422 172 50 opinio,
541 1422 125 50 quae
619 1422 156 50 ponit,
728 1422 125 50 quod
806 1422 156 50 homine
900 1422 156 50 permanen

177 1468 90 44 te
222 1468 90 44 in
267 1468 105 44 vno
327 1468 165 44 mortali
447 1468 180 44 peccato,
582 1468 120 44 ipse
656 1468 135 44 digne
746 1468 150 44 possit
851 1468 135 44 satis
926 1468 120 44 faceri

177 1504 97 52 de
225 1504 145 52 alio.

222 1539 77 53 1
252 1539 124 53 Quia
330 1539 93 53 si
376 1539 124 53 sic,
453 1539 124 53 tunc
531 1539 139 53 talis
623 1539 124 53 homo
701 1539 139 53 simul
793 1539 139 53 esset
886 1539 170 53 amitus,
1010 1539 77 53 &

173 1582 191 51 inimicus
316 1582 127 51 Dei.
396 1582 143 51 Esset
492 1582 127 51 enim
571 1582 159 51 amicus
683 1582 127 51 Dei,
762 1582 127 51 quia
842 1582 127 51 sine
906 1582 143 51 carita.

177 1621 87 52 te
221 1621 102 52 non
279 1621 145 52 posset
381 1621 232 52 satisfacere,
569 1621 87 52 vt
613 1621 203 52 praedictum
772 1621 116 52 est:
845 1621 160 52 caritas
946 1621 102 52 autem

181 1661 144 47 facit
277 1661 159 47 amicum
388 1661 128 47 Dei.
468 1661 96 47 Et
516 1661 144 47 esset
612 1661 191 47 inimicus
755 1661 128 47 Dei,
835 1661 175 47 propter
946 1661 112 47 trans

173 1702 221 54 gressionem
347 1702 158 54 diuini
457 1702 221 54 praecepti,
630 1702 110 54 qua
693 1702 221 54 supponitur
867 1702 126 54 esse
945 1702 95 54 in
977 1702 63 54 mo

154 1743 331 53 tali
319 1743 414 53 peccato.

205 1780 89 50 2
241 1780 142 50 Item
329 1780 159 50 talis
435 1780 142 50 homo
524 1780 177 50 manens
648 1780 195 50 auersus
789 1780 89 50 a
825 1780 142 50 Deo,
913 1780 124 50 non
966 1780 89 50 ma-

177 1819 149 48 neret
277 1819 182 48 auersus
409 1819 83 48 a
442 1819 132 48 Deo;
525 1819 116 48 Nam
591 1819 149 48 omnis
691 1819 199 48 mortalis
840 1819 199 48 peccator
972 1819 83 48 est

174 1859 187 45 auersus
310 1859 85 45 a
344 1859 136 45 Deo,
428 1859 119 45 cum
496 1859 102 45 in
547 1859 220 45 auersione
717 1859 85 45 a
751 1859 136 45 bono
819 1859 237 45 incommutabi-

175 1902 100 47 li
225 1902 151 47 omnia
326 1902 201 47 mortalia
477 1902 184 47 peccata
611 1902 251 47 conueniant,
795 1902 251 47 quamuiscunqui

172 1939 222 49 differant
342 1939 102 49 in
393 1939 256 49 conuersione
598 1939 102 49 ad
649 1939 256 49 commutabile
854 1939 170 49 bonum:
973 1939 119 49 Sed

175 1976 143 60 omnis
270 1976 143 60 digne
366 1976 254 60 satisfaciens
572 1976 127 60 Deo,
652 1976 127 60 ille
731 1976 238 60 conuertitur
922 1976 95 60 ad
954 1976 95 60 Deum

174 2019 106 42 &
216 2019 149 42 non
301 2019 212 42 potest
450 2019 170 42 esse
556 2019 234 42 auersus
726 2019 106 42 a
769 2019 170 42 Deo.

213 2057 106 49 Sed
274 2057 152 49 aliqui
380 2057 198 49 veritatis
532 2057 167 49 inimici
654 2057 152 49 contra
760 2057 137 49 istam
851 2057 198 49 veritatem
988 2057 61 49 al

140 2106 489 57 guunt
411 2106 326 57 sic.

220 2134 165 46 1Illa,
336 2134 132 46 quae
419 2134 149 46 sicse
518 2134 182 46 habent,
650 2134 132 46 quod
733 2134 99 46 ad
782 2134 182 46 inuicem
914 2134 116 46 non
964 2134 99 46 sunt

186 2178 190 48 connexa,
329 2178 95 48 de
376 2178 174 48 talibus
502 2178 158 48 potest
613 2178 142 48 tolli
708 2178 127 48 vnum
787 2178 158 48 altero
882 2178 174 48 remanente

190 2216 72 48 &
218 2216 100 48 per
276 2216 201 48 consequens
433 2216 86 48 de
476 2216 100 48 vno
533 2216 143 48 potest
634 2216 129 48 fieri
720 2216 129 48 satis
806 2216 143 48 factio
906 2216 115 48 sine
963 2216 86 48 alti

191 2254 128 50 rius
271 2254 287 50 satisfactione:
510 2254 112 50 Sed
574 2254 128 50 vnum
654 2254 192 50 peccatum
798 2254 176 50 mortale
925 2254 112 50 non
973 2254 80 50 ha-

184 2302 119 46 bet
252 2302 256 46 necessariam
457 2302 256 46 connexionem
661 2302 119 46 cum
729 2302 170 46 altero
849 2302 85 46 :
883 2302 136 46 ergo
951 2302 85 46 &c.

202 2343 135 41 Maior
292 2343 151 41 patet.
398 2343 181 41 probatur
533 2343 151 41 minor:
639 2343 120 41 quia
714 2343 135 41 licet
804 2343 181 41 virtutes
925 2343 135 41 ratione

188 2374 222 58 prudentiae
363 2374 127 58 sint
442 2374 207 58 connexae,
601 2374 191 58 secundum
744 2374 159 58 Arist.
855 2374 95 58 8.
887 2374 175 58 Ethicorum

194 2414 155 47 tamen
297 2414 190 47 nusquam
436 2414 155 47 ponit
539 2414 173 47 Arist.
660 2414 259 47 connexionem
850 2414 190 47 vitiorum.

215 2454 78 49 2
247 2454 218 49 Praeterea,
418 2454 125 49 vnus
496 2454 156 49 morbus
605 2454 218 49 corporalis
776 2454 156 49 potest
885 2454 156 49 curari
978 2454 78 49 al-

182 2502 141 43 tero
271 2502 159 43 morbo
376 2502 194 43 manente
517 2502 123 43 non
588 2502 194 43 curato:
729 2502 141 43 ergo
817 2502 141 43 vnum
888 2502 176 43 peccatum

204 2534 151 50 potest
309 2534 106 50 per
370 2534 271 50 satisfactionem
596 2534 166 50 curari,
716 2534 151 50 altero
822 2534 106 50 non
882 2534 166 50 curato.
988 2534 75 50 Con

197 2572 206 52 sequentia
356 2572 143 52 patet
451 2572 79 52 a
483 2572 254 52 similitudine
689 2572 143 52 morbi
784 2572 222 52 corporalis
959 2572 95 52 ad
991 2572 79 52 mor

186 2614 213 46 bum
277 2614 426 46 spiritualem.

216 2658 73 47 2
246 2658 205 47 Praeterea,
406 2658 146 47 beatus
509 2658 117 47 Aug.
582 2658 117 47 ait.
655 2658 132 47 Satis
742 2658 146 47 facere
845 2658 102 47 est
903 2658 146 47 causas
991 2658 73 47 pec

202 2700 192 40 eatorum
341 2700 261 40 abscindere,
550 2700 87 40 &
585 2700 157 40 eorum
690 2700 314 40 suggestionibus
934 2700 139 40 aditum

206 2729 161 52 minime
318 2729 193 52 vlterius
463 2729 225 52 indulgere:
639 2729 112 52 Sed
704 2729 145 52 causa
800 2729 145 52 vnius
896 2729 177 52 peccati
1009 2729 80 52 po-

200 2779 204 45 testtolli
357 2779 173 45 manente
483 2779 157 45 altero
593 2779 189 45 peccato:
735 2779 126 45 ergo
797 2779 79 45 &c.

212 2805 90 53 4
248 2805 251 53 Praeterea,
445 2805 143 53 vnum
535 2805 215 53 vinculum
696 2805 377 53 excommunicationis
1001 2805 72 53 ec

210 2853 130 48 clesi
296 2853 159 48 asticae
412 2853 145 48 potest
513 2853 145 48 tolli,
614 2853 145 48 altero
716 2853 202 48 remanente:
875 2853 116 48 ergo
947 2853 116 48 vnum
1005 2853 72 48 vin

212 2887 139 60 culum
304 2887 123 60 exco
381 2887 262 60 mmunicationis
597 2887 170 60 diuinae
721 2887 154 60 potest
829 2887 108 60 per
875 2887 201 60 satisfactio

200 2930 115 52 nem
265 2930 148 52 tolli
364 2930 165 52 altero
480 2930 231 52 remanente,
661 2930 115 52 sed
727 2930 198 52 peccatum
875 2930 181 52 mortale
991 2930 82 52 est

211 2972 173 47 diuina
332 2972 312 47 excommunicatio
591 2972 225 47 excludens
764 2972 87 47 a
799 2972 121 47 Dei
868 2972 242 47 consortio.

221 3008 118 48 Ad
280 3008 197 48 primum
419 3008 158 48 nego
517 3008 237 48 minorem,
695 3008 197 48 maxime
833 3008 237 48 loquendo
991 3008 79 48 di

211 3053 217 53 peccatis,
378 3053 133 53 quae
462 3053 150 53 simul
562 3053 133 53 sunt
645 3053 100 53 in
695 3053 167 53 eodem,
812 3053 184 53 quantum
946 3053 100 53 ad
996 3053 117 53 eo

213 3084 107 55 rum
274 3084 245 55 remissionem:
473 3084 122 55 quia
549 3084 168 55 nullius
672 3084 168 55 peccati
794 3084 184 55 mortalis
917 3084 153 55 remissio

215 3124 107 61 fit,
282 3124 107 61 nisi
349 3124 94 61 per
402 3124 188 61 infusionem
550 3124 188 61 coritatis,
697 3124 67 61 &
724 3124 161 61 gratiae:
845 3124 107 61 quia
912 3124 80 61 in
952 3124 107 61 tali
1006 3124 67 61 in

1079 249 173 80 fusione
1205 249 236 80 connectitur
1394 249 142 80 omnis
1489 249 189 80 remissio
1631 249 189 80 mortalis
1773 249 189 80 peccati,
1899 249 47 80 &

1079 323 140 39 talem
1173 323 218 39 infusionem
1344 323 249 39 praesupponit
1546 323 124 39 ipsa
1624 323 233 39 satisfactio
1810 323 93 39 de
1841 323 109 39 morta

1083 355 87 52 li
1127 355 175 52 peccato;
1258 355 117 52 ergo
1331 355 87 52 si
1375 355 146 52 datur,
1477 355 117 52 quod
1550 355 175 52 toliatur
1681 355 117 52 vnum
1754 355 160 52 mortale
1856 355 87 52 pec-

1088 399 163 47 catum,
1202 399 81 47 &
1234 399 114 47 non
1299 399 195 47 alterum,
1446 399 130 47 tunc
1527 399 179 47 ratione
1657 399 244 47 remissionis
1836 399 114 47 vnius

1084 438 169 47 peccati
1206 438 138 47 talis
1298 438 123 47 homo
1375 438 169 47 haberet
1498 438 215 47 caritatem:
1667 438 169 47 ratione
1790 438 123 47 vero
1851 438 92 47 alte

1089 473 130 48 rius
1170 473 179 48 peccati
1300 473 227 48 remanentis
1478 473 114 48 non
1543 473 162 48 posset
1657 473 162 48 habere
1754 473 195 48 caritatem,

1085 518 78 41 &
1117 518 109 41 sic
1179 518 171 41 haberet
1303 518 218 41 caritatem,
1475 518 78 41 &
1506 518 109 41 non
1568 518 171 41 haberet
1693 518 218 41 caritatem,
1849 518 93 41 quod

1090 555 105 42 est
1150 555 255 42 contradictio.
1360 555 90 42 Et
1405 555 135 42 eodem
1495 555 120 42 modo
1571 555 180 42 arguatur
1706 555 90 42 de
1751 555 135 42 satis
1826 555 120 42 factio

1085 596 105 46 ne:
1145 596 120 46 quia
1220 596 120 46 viuo
1296 596 105 46 Deo
1356 596 105 46 non
1416 596 181 46 possumus
1552 596 241 46 satisfacere,
1747 596 120 46 nisi
1823 596 135 46 viuis
1898 596 60 46 o-

1093 632 183 49 peribus:
1230 632 107 49 sed
1291 632 153 49 nullum
1399 632 122 49 opus
1475 632 168 49 nostrum
1597 632 138 49 viuum
1689 632 122 49 esse
1766 632 153 49 potest
1857 632 92 49 sine

1090 671 189 48 caritate:
1236 671 116 48 ergo
1308 671 87 48 si
1352 671 145 48 fieret
1454 671 218 48 satisfactio
1628 671 116 48 alio
1701 671 160 48 peccato
1803 671 145 48 manente,

1081 721 117 41 tunc
1155 721 161 41 ratione
1272 721 147 41 primi,
1374 721 161 41 inesset
1492 721 278 41 caritas:ratione
1726 721 176 41 secundi,
1843 721 103 41 exclu

1084 751 162 43 deretur
1202 751 176 43 caritas,
1334 751 74 43 &
1364 751 103 43 sic
1423 751 132 43 esset
1511 751 147 43 simul,
1614 751 74 43 &
1643 751 103 43 non
1702 751 147 43 esset.
1790 751 162 43 Auctorita

1086 794 107 46 tes
1147 794 138 46 etiam
1239 794 153 46 Arist.
1346 794 107 46 non
1407 794 153 46 valent
1514 794 92 46 ad
1560 794 230 46 propositum:
1744 794 122 46 quia
1820 794 122 46 ipse
1881 794 77 46 non

1083 830 148 44 habuit
1187 830 178 44 scribere
1320 830 119 44 haec
1395 830 74 44 &
1424 830 222 44 consimilia,
1602 830 119 44 quae
1676 830 193 44 catholica
1825 830 119 44 fide
1884 830 74 44 te-

1082 874 158 46 nemus.
1193 874 142 46 Etiam
1288 874 158 46 aliquo
1398 874 127 46 modo
1478 874 158 46 falsum
1588 874 221 46 assumitur,
1762 874 127 46 quia
1841 874 142 46 sicut

1086 915 155 45 Arist
1189 915 172 45 posuit
1309 915 155 45 omnem
1413 915 189 45 hominem
1550 915 224 45 virtuosum
1722 915 138 45 esse
1791 915 155 45 pruden-

1085 948 130 49 tem,
1166 948 114 49 sic
1231 948 163 49 posuit
1346 948 147 49 omnem
1443 948 196 49 vitiosum
1590 948 130 49 esse
1672 948 245 49 ignorantem.
1851 948 98 49 Vnde

1088 991 94 46 in
1135 991 157 46 eodem.
1246 991 94 46 3.
1293 991 126 46 Eth.
1371 991 110 46 ait
1434 991 126 46 sic.
1513 991 142 46 Omnis
1607 991 157 46 igitur
1717 991 142 46 malus
1796 991 157 46 ignorans

1107 1030 101 43 Ad
1158 1030 201 43 secundum
1309 1030 218 43 dicendum,
1476 1030 134 43 quod
1560 1030 235 43 similitudo
1745 1030 134 43 illa
1829 1030 117 43 non
1879 1030 67 43 va

1086 1064 111 47 let
1149 1064 95 47 in
1197 1064 221 47 proposito:
1371 1064 127 47 quia
1450 1064 142 47 alio,
1545 1064 79 47 &
1576 1064 127 47 alio
1656 1064 221 47 medicamine
1814 1064 142 47 curatur

1088 1110 131 48 vnus
1170 1110 181 48 morbus,
1301 1110 82 48 &
1334 1110 164 48 alter:
1449 1110 115 48 sed
1515 1110 131 48 omne
1597 1110 197 48 peccatum
1745 1110 131 48 post
1810 1110 148 48 baptis-

1081 1151 113 42 mum
1145 1151 177 42 curatur
1274 1151 113 42 vno
1338 1151 241 42 medicamine,
1531 1151 193 42 scilicet
1676 1151 209 42 infusione
1820 1151 129 42 poeni-

1080 1188 158 41 tentiae
1195 1188 101 41 cum
1252 1188 158 41 gratia,
1367 1188 72 41 &
1396 1188 187 41 caritate,
1540 1188 158 41 quamuis
1655 1188 158 41 diuersa
1756 1188 187 41 satisfactio

1088 1223 233 55 ordinetur
1267 1223 125 55 pro
1321 1223 143 55 emenda

1121 1265 109 46 Ad
1175 1265 200 46 tertium
1321 1265 237 46 dicendum,
1503 1265 146 46 quod
1594 1265 200 46 manente
1740 1265 127 46 vno
1794 1265 164 46 mortali

1091 1303 177 49 peccato,
1224 1303 118 49 tunc
1297 1303 103 49 non
1356 1303 236 49 sufficienter
1548 1303 221 49 abscinditur
1724 1303 147 49 causa,
1827 1303 103 49 vel
1871 1303 74 49 ra-

1087 1340 105 54 dix
1147 1340 179 54 alterius
1281 1340 179 54 peccati:
1416 1340 119 54 quia
1490 1340 134 54 sicut
1580 1340 105 54 ait
1639 1340 134 54 Oreg.
1729 1340 194 54 peccatum,
1863 1340 90 54 quod

1089 1387 226 54 poenitentia
1270 1387 106 54 non
1330 1387 166 54 diluit,
1451 1387 106 54 mox
1511 1387 106 54 suo
1572 1387 151 54 podere
1677 1387 91 54 in
1723 1387 166 54 alterum
1828 1387 121 54 trahit

1120 1426 98 42 Ad
1169 1426 179 42 quartum
1299 1426 212 42 dicendum,
1462 1426 130 42 quod
1543 1426 114 42 non
1608 1426 114 42 est
1673 1426 179 42 simile:
1803 1426 130 42 quia
1869 1426 81 42 iu-

1078 1463 111 48 dex
1142 1463 287 48 ecclesiasticus
1381 1463 111 48 non
1444 1463 191 48 infundit
1588 1463 191 48 virtutem
1731 1463 96 48 in
1763 1463 191 48 absoluendo

1085 1503 93 43 ab
1131 1503 108 43 vno
1193 1503 325 43 excommunicationis
1472 1503 170 43 vinculo
1596 1503 124 43 quae
1673 1503 155 43 virtus
1782 1503 108 43 sit
1828 1503 124 43 incom-

1087 1540 213 55 possibilis
1254 1540 106 55 cum
1315 1540 122 55 alio
1391 1540 183 55 vinculo:
1528 1540 106 55 sed
1589 1540 122 55 Deus
1665 1540 106 55 non
1726 1540 183 55 absoluit
1863 1540 91 55 ab
1893 1540 76 55 ali

1084 1578 104 54 quo
1144 1578 179 54 peccato,
1278 1578 119 54 nisi
1353 1578 209 54 infundendo
1517 1578 179 54 virtutes
1651 1578 224 54 praedictas,
1830 1578 119 54 quae
1889 1578 75 54 in-

1087 1615 297 52 compossibiles
1331 1615 140 52 sunt
1419 1615 122 52 cum
1489 1615 227 52 quocumque
1664 1615 192 52 mortali
1786 1615 175 52 peccato;

1094 1662 151 46 ergo
1170 1662 75 46 &c

1121 1693 187 47 Secundo,
1261 1693 93 47 ex
1308 1693 202 47 praedicta
1464 1693 233 47 conclusione
1650 1693 202 47 sequitur,
1806 1693 124 47 quod
1884 1693 124 47 illa

1095 1735 152 48 opinio
1201 1735 106 48 est
1262 1735 152 48 falsa,
1368 1735 122 48 quae
1444 1735 152 48 ponit,
1551 1735 122 48 quod
1627 1735 122 48 bona
1703 1735 152 48 opera,
1809 1735 122 48 quae
1870 1735 106 48 facit

1075 1775 134 50 homo
1159 1775 100 50 in
1209 1775 184 50 mortali
1342 1775 200 50 peccato,
1493 1775 184 50 quamuis
1626 1775 117 50 non
1693 1775 134 50 sint
1760 1775 217 50 satisfacto-

1087 1819 116 47 ria,
1159 1819 159 47 durante
1275 1819 116 47 illo
1347 1819 174 47 peccato:
1478 1819 130 47 tamen
1564 1819 145 47 postea
1666 1819 130 47 fiunt
1753 1819 217 47 fructifera,
1927 1819 72 47 &

1091 1851 284 52 satisfactoria,
1328 1851 158 52 quando
1438 1851 126 52 homo
1517 1851 205 52 contritus
1675 1851 126 52 erit
1754 1851 95 52 de
1785 1851 174 52 huiusmodi

1096 1891 188 56 peccato.
1237 1891 110 56 Exe
1300 1891 141 56 mplum
1394 1891 94 56 de
1441 1891 141 56 illo,
1535 1891 110 56 qui
1598 1891 141 56 ficte
1692 1891 172 56 recipit
1802 1891 172 56 sactamen-

1096 1931 110 49 tum
1159 1931 204 49 baptismi:
1316 1931 110 49 cui
1378 1931 141 49 tamen
1472 1931 172 49 incipit
1598 1931 188 49 prodesse
1739 1931 204 49 baptismus
1880 1931 78 49 re-

1083 1976 250 43 cedente
1265 1976 295 43 huiusmodi
1469 1976 250 43 fictione.

1108 2012 110 49 Sed
1171 2012 110 49 nec
1234 2012 141 49 istud
1328 2012 157 49 valet:
1437 2012 125 49 Quia
1516 2012 141 49 illa,
1609 2012 125 49 quae
1688 2012 172 49 numquam
1797 2012 157 49 vixerunt

1095 2051 144 48 talia
1191 2051 112 48 per
1255 2051 289 48 superuenientem
1496 2051 257 48 contritionem
1704 2051 112 48 non
1753 2051 208 48 reuiuiscunt

1092 2087 106 52 nam
1152 2087 227 52 reuiuiscere
1334 2087 242 52 praesupponit
1531 2087 197 52 aliquando
1682 2087 182 52 vixisse:
1819 2087 106 52 sed
1864 2087 106 52 talia

1088 2135 141 53 opera
1182 2135 110 53 cum
1245 2135 126 53 sine
1324 2135 188 53 caritate
1465 2135 173 53 fuerint
1590 2135 188 53 peracta,
1732 2135 126 53 ante
1810 2135 141 53 illam
1889 2135 78 53 su-

1094 2182 281 45 peruenientem
1323 2182 281 45 poenitentiam
1551 2182 193 45 numquam
1692 2182 228 45 vixerunt;
1850 2182 105 45 ergo

1087 2211 105 45 nec
1147 2211 105 45 per
1207 2211 120 45 hmoi
1282 2211 225 45 penitentiam
1462 2211 120 45 viua
1538 2211 120 45 erut
1613 2211 105 45 Nec
1673 2211 105 45 est
1733 2211 150 45 simile
1823 2211 135 45 exemplu

1095 2247 219 49 assumptum
1264 2247 101 49 de
1314 2247 219 49 baptismo:
1483 2247 135 49 quia
1567 2247 101 49 in
1618 2247 202 49 baptismo
1753 2247 202 49 imprimitus

1087 2299 235 42 character,
1272 2299 184 42 ratione
1406 2299 168 42 cuius,
1523 2299 201 42 secundum
1674 2299 117 42 Dei
1724 2299 235 42 ordinationem

1104 2328 76 50 b
1134 2328 198 50 aptixatus
1287 2328 107 50 est
1348 2328 213 50 dispositus
1515 2328 91 50 ad
1561 2328 229 50 recipiendum
1744 2328 168 50 gratiam
1850 2328 107 50 sacra

1088 2365 187 52 mentalem
1228 2365 202 52 recedente
1384 2365 202 52 fictione,
1539 2365 109 52 sed
1601 2365 109 52 nec
1664 2365 93 52 in
1710 2365 187 52 operibus
1835 2365 124 52 poeni-

1091 2407 170 52 tentiam
1214 2407 294 52 praecedentibus,
1462 2407 108 52 nec
1524 2407 139 52 etiam
1617 2407 93 52 in
1664 2407 124 52 ipsa
1741 2407 217 52 penitentia
1896 2407 62 52 im

1093 2442 188 60 primitur
1234 2442 219 60 character,
1407 2442 94 60 si
1454 2442 125 60 enim
1532 2442 251 60 imprimeretur
1736 2442 110 60 per
1783 2442 172 60 poeniten-

1103 2484 136 51 tiam,
1194 2484 121 51 tunc
1269 2484 227 51 sacramentum
1451 2484 242 51 poenitentiae
1648 2484 106 51 non
1709 2484 136 51 esset
1784 2484 182 51 iterabile,

1098 2531 159 48 sicut
1204 2531 123 48 nec
1275 2531 264 48 sacramentum
1486 2531 229 48 baptismi.

1122 2566 144 46 Tertio
1222 2566 86 46 ex
1266 2566 202 46 praedictis
1424 2566 130 46 patet
1510 2566 173 46 falsitas
1640 2566 144 46 illius
1741 2566 202 46 opinionis,
1885 2566 86 46 quae

1102 2610 149 53 ponit,
1207 2610 119 53 quod
1281 2610 224 53 satisfactio
1460 2610 194 53 iniuncta,
1610 2610 75 53 &
1640 2610 179 53 inchoata
1774 2610 90 53 in
1804 2610 164 53 catitate,

1095 2638 121 51 quae
1170 2638 211 51 perficitur
1337 2638 121 51 sine
1412 2638 196 51 caritate,
1563 2638 121 51 puta
1639 2638 106 51 cum
1699 2638 136 51 ante,
1790 2638 121 51 quam
1850 2638 121 51 fuerit

1098 2684 148 51 racta,
1202 2684 192 51 poenitens
1349 2684 192 51 relabitur
1497 2684 89 51 in
1542 2684 163 51 mortale
1660 2684 192 51 peccatum,
1807 2684 103 51 sit
1852 2684 118 51 suffi-

1107 2728 135 44 ciens
1197 2728 135 44 etiam
1287 2728 105 44 pro
1346 2728 120 44 illa
1421 2728 150 44 parte,
1526 2728 105 44 qua
1586 2728 120 44 sine
1661 2728 180 44 caritate
1780 2728 180 44 peragitur;

1102 2759 127 56 quia
1181 2759 143 56 sicut
1276 2759 143 56 ille,
1371 2759 111 56 qui
1435 2759 174 56 tenetut
1561 2759 127 56 dare
1641 2759 158 56 alicui
1751 2759 158 56 centum
1846 2759 127 56 marcas

1098 2791 136 59 auri,
1189 2791 91 59 si
1234 2791 136 59 daret
1324 2791 136 59 hodie
1415 2791 227 59 quinquagita
1596 2791 151 59 marcas
1702 2791 121 59 veri
1778 2791 136 59 auri,
1868 2791 76 59 &
1883 2791 91 59 cras

1095 2843 139 43 daret
1187 2843 247 43 quinquaginta
1388 2843 154 43 marcas
1495 2843 139 43 salsi
1588 2843 139 43 auri,
1680 2843 123 43 outa
1758 2843 108 43 non
1819 2843 93 43 de
1850 2843 108 43 auro,

1098 2883 104 54 sed
1157 2883 89 54 de
1202 2883 208 54 auricalco,
1365 2883 133 54 vtiqu
1454 2883 193 54 tantumodo
1602 2883 252 54 satisfecisset
1810 2883 89 54 de
1840 2883 133 54 quinqua

1103 2914 132 64 ginta
1192 2914 162 64 marcis,
1309 2914 74 64 &
1339 2914 132 64 adhuc
1427 2914 191 64 teneretur
1574 2914 221 64 satisfacere
1751 2914 88 64 de
1795 2914 132 64 aliis
1869 2914 88 64 quin

1104 2963 190 49 quaginta:
1251 2963 103 49 sic
1309 2963 88 49 in
1353 2963 190 49 preposito
1500 2963 103 49 &c.
1558 2963 88 49 Et
1602 2963 132 49 sicut
1690 2963 161 49 aliquis
1793 2963 161 49 obligatus

1104 2994 141 61 alicui
1203 2994 113 61 dare
1273 2994 127 61 equum
1358 2994 141 61 viuum,
1456 2994 85 61 si
1499 2994 127 61 daret
1583 2994 113 61 illi
1654 2994 155 61 cadauer
1767 2994 169 61 mortuum,
1894 2994 71 61 &
1908 2994 56 61 im

1099 3035 143 55 mudum,
1199 3035 271 55 nonsatisfaceret
1427 3035 200 55 creditori;
1584 3035 100 55 sic
1641 3035 100 55 &c.
1698 3035 171 55 Pesatis.
1827 3035 71 55 n
1841 3035 114 55 nostri

1105 3081 152 45 operib)
1216 3081 110 45 sine
1285 3081 166 45 caritate
1409 3081 152 45 factis,
1519 3081 97 45 tum
1575 3081 83 45 de
1616 3081 124 45 ipsis
1699 3081 207 45 verificatur
1851 3081 138 45 illudls-

1108 3109 186 67 lustitiae
1251 3109 157 67 nostrae
1365 3109 143 67 taquam
1465 3109 129 67 panus
1551 3109 200 67 mestruatae
1708 3109 86 67 in
1751 3109 186 67 conspectu
1880 3109 100 67 eius.
