2408 3533
403 258 118 64 do,
471 258 219 64 submittam
639 258 135 64 vnam
724 258 304 64 distinctionem.
976 258 169 64 Tertio
1095 258 101 64 ex
1128 258 152 64 membris

397 318 156 44 illius
507 318 266 44 distinctionis
726 318 172 44 eliciam
851 318 203 44 triplicem
991 318 235 44 conclusionem.

445 357 155 45 Circa
548 357 172 45 primum
669 357 120 45 est
737 357 275 45 aduertendum,
961 357 138 45 quod
1047 357 120 45 per
1116 357 155 45 bonum
1202 357 69 45 fi

411 395 122 51 dei,
487 395 107 51 hic
548 395 259 51 intelligitur,
762 395 122 51 quod
838 395 168 51 maritus
960 395 183 51 propriam
1097 395 168 51 accedat
1204 395 76 51 vxo

416 432 129 58 tem,
496 432 80 58 &
528 432 145 58 nullo
625 432 129 58 modo
705 432 161 58 aliam,
818 432 80 58 &
850 432 129 58 vxor
930 432 193 58 proprium
1075 432 193 58 recipiat
1204 432 64 58 vi

403 473 135 49 rum,
487 473 84 49 &
521 473 151 49 nullo
622 473 135 49 modo
706 473 168 49 alium.
824 473 118 49 Per
891 473 151 49 bonum
992 473 185 49 prolis,
1127 473 135 49 quid
1194 473 84 49 in-

414 515 168 52 telligi
536 515 168 52 debeat,
658 515 92 52 de
704 515 92 52 se
750 515 153 52 patet.
857 515 107 52 Sed
918 515 107 52 per
979 515 153 52 bonum,
1086 515 122 52 quod
1147 515 122 52 dicitu

410 554 251 46 sactamentum,
614 554 251 46 intelligitur
818 554 298 46 inseparabilitas
1069 554 173 46 ipsorum
1179 554 94 46 con-

416 592 164 49 iugum.
530 592 98 49 Et
580 592 246 49 vnumquodque
777 592 181 49 istorum
908 592 181 49 dicitur
1039 592 164 49 bonum,
1138 592 131 49 aliter

404 629 168 51 tamen,
522 629 84 51 &
555 629 185 51 aliter,
690 629 202 51 secundum
841 629 134 51 quod
925 629 151 51 bonum
1026 629 235 51 tripartite
1194 629 84 51 di-

409 676 212 43 stinguitur
575 676 76 43 a
605 676 212 43 philosopho
771 676 91 43 S.
817 676 151 43 ethic.
923 676 181 43 scilicet
1059 676 91 43 in
1104 676 136 43 bonum
1179 676 91 43 sim-

416 710 209 59 pliciter,
577 710 129 59 quod
657 710 113 59 est
721 710 145 59 bonum
818 710 209 59 honestum,
979 710 80 59 &
1011 710 145 59 bonum
1091 710 177 59 conferens

414 755 107 44 seu
475 755 153 44 vtile,
582 755 77 44 &
613 755 138 44 bonum
705 755 245 44 delectabile.
904 755 138 44 luxta
995 755 122 44 quam
1072 755 230 44 distinctio¬

407 793 129 40 nem,
487 793 161 40 sides,
600 793 96 40 de
648 793 113 40 qua
712 793 96 40 ad
761 793 193 40 praesens
905 793 209 40 loquimur,
1066 793 209 40 reducitur
1211 793 64 40 ad

403 830 158 48 bonum
509 830 228 48 honestum:
684 830 140 48 quia
772 830 105 48 ad
824 830 175 48 magnam
947 830 193 48 spectat
1070 830 210 48 honestate,

413 873 125 44 quod
492 873 125 44 modo
570 873 203 44 praedicto
726 873 188 44 coniuges
867 873 125 44 sibi
945 873 141 44 mutuo
1039 873 172 44 seruent
1149 873 125 44 fidem,

405 905 159 47 Proles
516 905 206 47 reducitur
675 905 95 47 ad
723 905 143 47 bonum
818 905 159 47 vtile:
929 905 127 47 quia
1008 905 143 47 sicut
1103 905 127 47 cibi
1167 905 111 47 come-

408 947 126 47 stio
487 947 142 47 cedit
582 947 95 47 ad
629 947 300 47 conseruationem,
882 947 79 47 &
914 947 111 47 per
977 947 221 47 consequens
1150 947 95 47 ad
1182 947 79 47 vti

418 990 150 41 itatem
523 990 210 41 indiuidui,
687 990 105 41 sic
747 990 150 41 prolis
852 990 195 41 generatio
1002 990 135 41 cedit
1091 990 90 41 ad
1121 990 150 41 conserua

414 1030 172 45 tionem,
539 1030 78 45 &
571 1030 94 45 ad
618 1030 219 45 vtilitatem
789 1030 188 45 speciei,
930 1030 109 45 Sed
993 1030 234 45 sacramentum
1165 1030 109 45 redum

407 1067 146 52 citur
504 1067 97 52 ad
553 1067 146 52 bonum
650 1067 259 52 delectabile,
860 1067 130 52 quia
941 1067 113 52 cum
1006 1067 259 52 delectabilis
1200 1067 81 52 sit

417 1110 215 50 praesentia
586 1110 200 50 amicorum,
739 1110 92 50 vt
786 1110 169 50 dicitur
908 1110 92 50 o.
955 1110 215 50 ethicorum:
1108 1110 154 50 sequitur

413 1148 110 48 que
476 1148 282 48 indissolubilis
711 1148 188 48 coniugum
852 1148 125 48 vnio
930 1148 110 48 hic
993 1148 235 48 sacramentum
1165 1148 110 48 appel

414 1188 133 43 lata,
503 1188 118 43 quae
577 1188 207 43 amicissima
740 1188 118 43 esse
814 1188 148 43 debet:
917 1188 118 43 quia
991 1188 163 43 propter
1109 1188 104 43 hoc
1154 1188 118 43 relin-

418 1225 133 54 quet
501 1225 133 54 homo
585 1225 166 54 patrem
701 1225 83 54 &
734 1225 183 54 matrem,
867 1225 83 54 &
900 1225 233 54 adhaerebit
1083 1225 150 54 vxori
1166 1225 100 54 suae

414 1269 159 45 merito
525 1269 206 45 reducatur
684 1269 95 45 ad
731 1269 143 45 bonum
827 1269 254 45 delectabile.
1033 1269 95 45 Et
1081 1269 143 45 forte
1176 1269 95 45 ex
1208 1269 63 45 hi

413 1309 164 49 mouetur
533 1309 164 49 Aristo.
652 1309 90 49 5.
697 1309 135 49 ethic
787 1309 105 49 cum
847 1309 120 49 ait,
921 1309 120 49 quod
996 1309 194 49 amicitia,
1145 1309 120 49 quae
1205 1309 60 49 es

417 1345 132 44 inter
505 1345 147 44 vitum,
608 1345 73 44 &
637 1345 161 44 vxorem,
755 1345 103 44 est
813 1345 205 44 naturalis,
975 1345 73 44 &
1004 1345 176 44 includit
1136 1345 88 44 in
1180 1345 88 44 se
1209 1345 59 44 ho

408 1382 174 55 nestum,
535 1382 158 55 vtile,
645 1382 79 55 &
661 1382 205 55 delectabile

456 1405 108 62 est
517 1405 138 62 etiam
609 1405 108 62 hic
671 1405 246 62 aduertendum,
871 1405 123 62 quod
948 1405 138 62 licet
1040 1405 108 62 per
1102 1405 138 62 istud
1179 1405 92 62 tri-

429 1456 112 52 lex
493 1456 143 52 bonum
588 1456 191 52 coniugii
732 1456 112 52 iam
796 1456 175 52 dictum,
923 1456 175 52 triplex
1051 1456 143 52 genus
1131 1456 143 52 bonorum

416 1502 162 44 homines
534 1502 206 44 habuissent
696 1502 88 44 in
740 1502 103 44 sua
799 1502 191 44 puritate,
946 1502 88 44 si
990 1502 206 44 mansissent
1151 1502 88 44 in
1181 1502 88 44 sta-

407 1542 94 51 tu
454 1542 252 51 integritatis
659 1542 79 51 &
691 1542 252 51 innocentiae,
895 1542 142 51 tamen
990 1542 126 51 post
1068 1542 157 51 lapsum
1163 1542 110 51 primo

403 1584 117 41 rum
470 1584 201 41 parentum
621 1584 151 41 istud
721 1584 184 41 triplex
855 1584 151 41 genus
956 1584 184 41 bonorum
1090 1584 151 41 circa
1174 1584 100 41 bona

417 1614 218 48 matrimonii
589 1614 140 48 valde
682 1614 78 48 a
714 1614 109 48 sua
776 1614 187 48 puritate
916 1614 234 48 remittitur,
1103 1614 78 48 &
1119 1614 156 48 triplici

400 1659 108 54 suo
461 1659 200 54 contrario
615 1659 246 54 permiscetur:
814 1659 108 54 nam
876 1659 184 54 honestas
1014 1659 138 54 fidei
1091 1659 184 54 verecundia

412 1710 210 39 pmiscetur,
577 1710 180 39 vtilitas
712 1710 150 39 prolis
817 1710 135 39 damno
906 1710 75 39 &
936 1710 270 39 delectabilitas
1146 1710 120 39 sacta.

408 1735 138 54 menti,
505 1735 97 54 seu
560 1735 276 54 indissolubilitas
794 1735 193 54 laboribus,
946 1735 69 54 &
974 1735 152 54 taedio:
1084 1735 97 54 nam
1139 1735 124 54 licet
1208 1735 69 54 sit

408 1776 201 40 honestum,
562 1776 124 40 quod
640 1776 124 40 fide
717 1776 170 40 seruata
841 1776 186 40 quilibet
980 1776 139 40 sciat
1073 1776 124 40 suum
1150 1776 108 40 vas
1197 1776 77 40 pos

415 1818 162 41 sidere,
533 1818 133 41 sicut
622 1818 103 41 ait
681 1818 207 41 Apostolus:
843 1818 133 41 tamen
932 1818 133 41 actus
1020 1818 177 41 carnalis
1138 1818 133 41 copulae

403 1859 110 48 est
466 1859 189 48 connexus
608 1859 173 48 pronunc
733 1859 252 48 verecundiae:
938 1859 126 48 Quod
1016 1859 110 48 non
1079 1859 189 48 fuisset,
1205 1859 63 48 si

405 1896 121 55 homo
481 1896 197 55 mansisset
632 1896 91 55 in
678 1896 136 55 statu
769 1896 243 55 innocentiae.
966 1896 91 55 Et
1011 1896 167 55 quamuis
1133 1896 106 55 sit
1178 1896 91 55 vti-

411 1936 92 53 le
457 1936 107 53 pro
518 1936 168 53 speciei
640 1936 275 53 conseruatione,
869 1936 122 53 quod
945 1936 153 53 proles
1052 1936 229 53 generentur,
1220 1936 46 53 &

410 1981 235 47 educentur:
595 1981 151 47 tamen
695 1981 101 47 ex
746 1981 151 47 earum
847 1981 252 47 generatione
1048 1981 201 47 parentes
1182 1981 84 47 pa-

402 2012 183 49 tiuntur
535 2012 183 49 damnum,
668 2012 83 49 &
701 2012 199 49 iacturam
851 2012 100 49 in
901 2012 133 49 suis
984 2012 249 49 corporibus,
1183 2012 83 49 &
1200 2012 66 49 ex

409 2055 151 44 earum
510 2055 235 44 educatione
694 2055 218 44 patiuntur
862 2055 168 44 damnum
980 2055 101 44 in
1030 2055 151 44 rebus
1114 2055 151 44 exterio

406 2097 147 44 ribus:
509 2097 118 44 Quod
583 2097 191 44 similiter
730 2097 103 44 non
789 2097 177 44 fuisset,
922 2097 88 44 si
966 2097 88 44 in
1010 2097 133 44 statu
1084 2097 191 44 innocentiae

409 2131 127 47 homo
489 2131 191 47 stabilis
616 2131 238 47 permansisset.

450 2167 149 53 Etiam
550 2167 182 53 quamuis
682 2167 298 53 indissolubilis
930 2167 132 53 vnio
1013 2167 198 53 coniugum
1161 2167 99 53 ex
1194 2167 83 53 na-

416 2210 148 43 turali
520 2210 177 43 amicitia
652 2210 133 43 valde
741 2210 162 43 deberet
859 2210 118 43 esse
933 2210 251 43 delectabilis:
1139 2210 133 43 tamen
1213 2210 59 43 ra

408 2251 94 52 ro
455 2251 234 52 inueniuntur
642 2251 203 52 coniuges,
798 2251 125 52 quin
876 2251 140 52 multo
970 2251 234 52 afficiantur
1141 2251 125 52 tedio.

407 2286 84 52 &
441 2286 168 52 poenam
559 2286 219 52 angustiae
727 2286 235 52 patiantur,
912 2286 84 52 &
945 2286 202 52 laborem:
1097 2286 135 52 quia
1164 2286 101 52 homo

410 2332 190 46 nascitur
553 2332 95 46 ad
600 2332 190 46 laborem,
743 2332 143 46 sicut
838 2332 127 46 auis
917 2332 95 46 ad
965 2332 206 46 volandum,
1123 2332 95 46 vt
1155 2332 111 46 dicit

407 2371 115 51 lob.
478 2371 86 51 Et
521 2371 100 51 nec
579 2371 129 51 istud
665 2371 158 51 fuisset
779 2371 86 51 in
822 2371 186 51 paradiso:
966 2371 115 51 quia
1037 2371 143 51 semper
1138 2371 129 51 vnius
1209 2371 72 51 cum

419 2415 144 49 iltero
519 2415 158 49 fuisset
634 2415 187 49 socialis,
778 2415 72 49 &
807 2415 158 49 iucunda
907 2415 173 49 possessio.

461 2445 110 56 dis
524 2445 220 56 praemissis
697 2445 110 56 est
760 2445 251 56 aduertendum,
964 2445 126 56 quod
1042 2445 204 56 praedicta
1184 2445 94 56 bona

416 2488 225 53 matrimonii
592 2488 176 53 possunt
721 2488 241 53 tripliciter
913 2488 257 53 considerari.
1122 2488 112 53 Vno
1170 2488 96 53 modo

407 2526 142 52 prout
502 2526 157 52 cadunt
612 2526 94 52 in
659 2526 220 52 intentione
832 2526 126 52 Alio
911 2526 142 52 modo,
1005 2526 94 52 vt
1053 2526 157 52 cadunt
1163 2526 94 52 in
1194 2526 79 52 exe

408 2568 181 55 cutione.
544 2568 91 55 Et
589 2568 151 55 tertio
695 2568 136 55 modo,
785 2568 91 55 vt
830 2568 151 55 cadunt
936 2568 91 55 in
981 2568 241 55 obligatione.
1177 2568 91 55 Et
1208 2568 75 55 se-

406 2605 167 49 cundum
523 2605 117 49 hoc
590 2605 134 49 pono
674 2605 134 49 tres
757 2605 167 49 breues
857 2605 234 49 conclusiones

453 2633 138 66 Prima
545 2633 123 66 est,
621 2633 123 66 quod
698 2633 245 66 sacramentum,
897 2633 107 66 seu
958 2633 276 66 indissolubilis
1173 2633 92 66 vnio

402 2679 281 58 contrahentium
634 2679 182 58 omnibus
766 2679 116 58 his
832 2679 165 58 tribus
948 2679 149 58 modis
1047 2679 116 58 est
1113 2679 99 58 de
1146 2679 116 58 neces

415 2720 152 48 sitate
521 2720 228 48 matrimonii.
703 2720 121 48 lsta
779 2720 197 48 conclusio
931 2720 137 48 patet
1022 2720 91 48 ex
1068 2720 152 48 dictis
1159 2720 106 48 supe-

405 2764 131 50 rius,
493 2764 116 50 quia
565 2764 87 50 in
609 2764 116 50 ista
681 2764 305 50 indissolubilitate
943 2764 189 50 consistit
1088 2764 131 50 forma
1160 2764 102 50 matri

406 2805 149 44 monii,
510 2805 119 44 quae
584 2805 223 44 simpliciter
763 2805 104 44 est
822 2805 89 44 de
867 2805 223 44 necessitate
1045 2805 223 44 matrimonii.
1209 2805 59 44 Et

420 2844 102 43 sta
479 2844 102 43 est
537 2844 176 43 intentio
669 2844 88 43 P.
713 2844 117 43 Aug.
786 2844 102 43 qui
845 2844 88 43 in
889 2844 102 43 lib
947 2844 88 43 de
991 2844 117 43 bono
1064 2844 190 43 coniugali
1196 2844 73 43 ait

411 2882 230 46 Sacramentum
594 2882 107 46 ita
656 2882 291 46 indissolubiter,
901 2882 107 46 seu
962 2882 291 46 inseparabiliter
1191 2882 77 46 con

411 2925 126 50 iugio
495 2925 155 50 haeret,
608 2925 84 50 vt
650 2925 112 50 sine
720 2925 112 50 illo
790 2925 112 50 esse
860 2925 98 50 non
903 2925 140 50 videatur

447 2962 132 50 Forte
535 2962 176 50 dicetur,
667 2962 88 50 si
711 2962 293 50 indissolubilitas
960 2962 132 50 esset
1047 2962 88 50 de
1077 2962 190 50 necessitate

415 3003 250 40 matrimonii,
615 3003 133 40 tunc
699 3003 117 40 non
765 3003 167 40 posset
882 3003 133 40 esse
965 3003 150 40 verum
1048 3003 217 40 matrimonium

406 3040 136 44 inter
496 3040 136 44 tales
587 3040 196 44 personas,
738 3040 121 44 quae
813 3040 90 44 ab
858 3040 166 44 inuicem
979 3040 90 44 de
1024 3040 121 44 iure
1099 3040 166 44 possunt
1205 3040 60 44 si

410 3080 174 52 parari.
537 3080 254 52 Consequentia
743 3080 158 52 patet.
854 3080 111 52 Sed
917 3080 190 52 falsitas
1044 3080 222 52 consequentis

410 3119 183 63 probatur,
551 3119 113 63 quia
621 3119 127 63 sicut
705 3119 197 63 declaratum
860 3119 98 63 est
916 3119 127 63 dist.
1001 3119 98 63 27.
1057 3119 98 63 ar.
1113 3119 84 63 3.
1141 3119 127 63 quamuis

1311 243 151 67 verum
1412 243 117 67 fit
1479 243 251 67 matrimonium
1679 243 151 67 inter
1780 243 184 67 aliquas
1913 243 217 67 personas:
2064 243 117 67 tamen

1308 295 87 54 si
1351 295 145 54 intrat
1452 295 202 54 religionem
1611 295 145 54 contra
1712 295 202 54 voluntatem
1871 295 188 54 alterius,
2016 295 130 54 illa,
2088 295 87 54 quae

1309 339 144 55 manet
1405 339 96 55 in
1453 339 176 55 seculo,
1581 339 160 55 potest
1693 339 144 55 aliud
1788 339 224 55 contrahere
1948 339 224 55 matrimouium,

1305 372 135 67 qued
1389 372 152 67 ficri
1491 372 118 67 non
1558 372 185 67 posset,
1693 372 101 67 si
1744 372 169 67 primum
1862 372 253 67 matrimonium
2047 372 118 67 impli

1307 422 157 53 casset
1417 422 267 53 indissolubile
1621 422 157 53 vinculum

1344 443 240 70 Respondeo,
1533 443 137 70 quod
1619 443 189 70 quamuis
1756 443 103 70 de
1807 443 258 70 necessitate
1996 443 172 70 matrimo-

1311 488 108 64 nii
1372 488 108 64 sit
1434 488 263 64 indissolubile
1651 488 201 64 vinculum:
1806 488 139 64 tamen
1898 488 93 64 in
1945 488 139 64 morte
2022 488 155 64 alterius

1310 536 196 51 coniugum
1457 536 262 51 corrumpitur,
1670 536 82 51 &
1702 536 245 51 dissoluitur
1899 536 213 51 huiusmodi
2046 536 131 51 vineu-

1312 574 128 74 lum:
1392 574 112 74 Sed
1456 574 192 74 postquam
1601 574 128 74 homo
1681 574 144 74 fecit
1777 574 257 74 professionem
1986 574 96 74 in
2018 574 160 74 religio-

1306 612 99 58 ne
1355 612 230 58 approbata,
1536 612 132 58 tunc
1618 612 214 58 reputatur
1782 612 181 58 mortuus
1914 612 148 58 morte
1996 612 181 58 spiritua-

1314 654 105 52 li,
1374 654 105 52 qua
1434 654 165 52 dicitur
1554 654 120 52 homo
1629 654 135 52 mori,
1719 654 105 52 quo
1778 654 90 52 ad
1823 654 135 52 vitam
1913 654 180 52 ciuilem:
2048 654 90 52 Et
2078 654 90 52 ided

1306 692 152 53 sicut
1407 692 253 53 matrimonium
1610 692 270 53 corporaliter
1829 692 270 53 consummatum,
2032 692 152 53 dissol-

1301 732 148 61 uitur
1399 732 148 61 morte
1498 732 230 61 corporali;
1679 732 115 61 sic
1745 732 247 61 matrimonium
1942 732 164 61 ratum,
2040 732 132 61 nondum

1297 772 85 58 c
1331 772 237 58 rporaliter
1517 772 271 58 consummatum,
1737 772 85 58 &
1771 772 152 58 adhuc
1872 772 169 58 manens
1991 772 152 58 infra
2075 772 102 58 spi-

1298 809 190 59 ritualem
1441 809 221 59 matrimonii
1615 809 221 59 veritatem,
1789 809 127 59 vere
1868 809 237 59 dissoluitur
2042 809 142 59 praedi-

1313 863 98 53 cta
1369 863 126 53 morte
1439 863 183 53 spiritualis

1346 884 204 60 Conclusio
1503 884 172 60 secunda
1628 884 125 60 est,
1707 884 125 60 quod
1785 884 157 60 fides,
1895 884 78 60 &
1926 884 172 60 proles,
2036 884 141 60 quamuis

1308 937 155 60 primis
1416 937 155 60 duobus
1524 937 155 60 modis,
1632 937 185 60 scilicet
1771 937 93 60 vt
1818 937 155 60 cadunt
1926 937 93 60 in
1972 937 232 60 intentione,

1301 974 79 47 &
1333 974 95 47 in
1380 974 126 47 vsu,
1459 974 111 47 seu
1522 974 237 47 executione,
1712 974 126 47 sint
1791 974 95 47 de
1838 974 126 47 bene
1917 974 126 47 esse
1980 974 190 47 matrimonii

1312 1016 139 56 tamen
1404 1016 108 56 non
1466 1016 123 56 sunt
1543 1016 93 56 de
1589 1016 232 56 necessitate
1775 1016 232 56 matrimonii:
1960 1016 123 56 quia
2037 1016 123 56 sine
2099 1016 77 56 his

1315 1053 172 52 potest
1435 1053 206 52 contrahi
1589 1053 275 52 matrimonium,
1813 1053 86 52 &
1847 1053 240 52 contractum
2019 1053 154 52 manere-

1313 1093 98 51 bi
1362 1093 131 51 enim
1444 1093 147 51 bonum
1542 1093 164 51 prolis
1656 1093 147 51 esset
1755 1093 98 51 de
1804 1093 229 51 matrimonii
1967 1093 213 51 necessitate

1313 1131 209 61 praedictis
1477 1131 149 61 duobus
1582 1131 149 61 modis,
1686 1131 119 61 tunc
1760 1131 179 61 personae
1895 1131 194 61 steriles,
2044 1131 119 61 quae
2103 1131 75 61 ta-

1306 1169 112 57 men
1370 1169 176 57 possunt
1498 1169 224 57 carnaliter
1674 1169 240 57 commisceri,
1866 1169 112 57 non
1930 1169 176 57 possent
2042 1169 128 57 contra

1302 1212 134 60 here
1386 1212 269 60 matrimonium,
1605 1212 134 60 quod
1689 1212 118 60 est
1756 1212 185 60 falsum:
1890 1212 134 60 quia
1958 1212 218 60 matrimonium

1303 1260 111 48 non
1367 1260 143 48 solum
1462 1260 111 48 est
1525 1260 222 48 institutum
1699 1260 95 48 in
1747 1260 190 48 officium
1889 1260 95 48 ad
1937 1260 158 48 prolis
2032 1260 143 48 genera-

1299 1292 189 55 tionem,
1437 1292 121 55 sed
1505 1292 155 55 etiam
1609 1292 103 55 in
1660 1292 207 55 remedium
1815 1292 103 55 ad
1867 1292 207 55 vitandam
2005 1292 172 55 fornica-

1301 1325 172 62 tionem,
1426 1325 78 62 &
1458 1325 125 62 ideo
1536 1325 141 62 etiam
1630 1325 188 62 personae
1770 1325 203 62 steriles,
1927 1325 125 62 omni
2005 1325 109 62 spe
2052 1325 125 62 prolis

1297 1371 217 48 carentes,
1464 1371 184 48 possunt
1598 1371 134 48 vere
1682 1371 251 48 matrimonium
1882 1371 234 48 contrahere
2066 1371 117 48 pro
2116 1371 67 48 vi

1314 1412 131 53 tanda
1402 1412 247 53 fornicatione.
1605 1412 145 53 Etiam,
1706 1412 87 53 si
1750 1412 131 53 fides
1837 1412 87 53 in
1881 1412 218 53 intentione,
2055 1412 102 53 vel
2098 1412 73 53 exe

1308 1452 171 54 cutione
1433 1452 140 54 esset
1526 1452 93 54 de
1572 1452 233 54 necessitate
1759 1452 233 54 matrimonii,
1945 1452 124 54 tunc
2023 1452 124 54 homo
2085 1452 93 54 con-

1297 1500 182 45 trahens
1430 1500 116 45 cum
1496 1500 132 45 vna,
1579 1500 215 45 intendens
1744 1500 215 45 fornicari
1909 1500 116 45 eum
1976 1500 182 45 altera,
2091 1500 83 45 non

1301 1536 247 55 contraheret
1498 1536 264 55 matrimonium.
1713 1536 148 55 Etiam
1811 1536 99 55 si
1861 1536 99 55 de
1910 1536 148 55 facto
2009 1536 132 55 post
2075 1536 99 55 con-

1296 1574 198 52 tractum
1440 1574 271 52 matrimonium
1657 1574 271 52 committeret
1873 1574 271 52 adulterium,
2090 1574 126 52 non

1308 1611 195 51 maneret
1450 1611 266 51 matrimonium
1663 1611 124 51 iam
1734 1611 266 51 contractum,
1947 1611 178 51 quorum
2054 1611 124 51 vtrun

1316 1659 103 51 que
1375 1659 132 51 patet
1463 1659 118 51 esse
1522 1659 118 51 falsum

1353 1685 141 54 corte
1447 1685 188 54 dicetur,
1588 1685 125 54 quod
1666 1685 141 54 bonum
1760 1685 156 54 prolis
1869 1685 109 54 est
1932 1685 141 54 finis
2010 1685 156 54 matrimo-

1308 1726 121 54 nii:
1384 1726 121 54 ergo
1459 1726 106 54 vbi
1520 1726 136 54 nulla
1611 1726 121 54 snes
1686 1726 167 54 prolis,
1808 1726 106 54 ibi
1868 1726 151 54 nullum
1974 1726 106 54 est
2020 1726 151 54 matrimo-

1308 1774 146 46 nium.
1405 1774 227 46 Antecedens
1584 1774 146 46 patet
1681 1774 211 46 inlittera
1843 1774 195 46 probatio
1973 1774 195 46 consequen-

1300 1813 131 46 tiae,
1388 1813 116 46 quia
1461 1813 160 46 frustra
1577 1813 160 46 ponitur
1694 1813 160 46 aliquid
1810 1813 116 46 sine
1883 1813 102 46 suo
1941 1813 116 46 fine
2014 1813 102 46 sed
2072 1813 131 46 Deus,

1302 1851 102 54 qui
1361 1851 102 54 est
1419 1851 218 54 principalis
1593 1851 145 54 auctor
1695 1851 218 54 matrimonii,
1870 1851 131 54 nihil
1957 1851 131 54 facit
2030 1851 145 54 frustra-

1305 1895 91 51 vt
1350 1895 136 51 patet
1441 1895 91 51 1.
1487 1895 121 51 cae.
1563 1895 76 51 &
1593 1895 106 51 mun
1654 1895 121 51 ergo
1714 1895 76 51 &c.

1341 1931 227 52 Respondeo,
1519 1931 130 52 quod
1601 1931 146 52 licet
1698 1931 97 52 in
1747 1931 146 52 statu
1844 1931 244 52 innocentiae
2023 1931 146 52 tantum-

1307 1963 135 60 modo
1392 1963 152 60 bonum
1493 1963 169 60 prolis
1611 1963 186 60 fuisset
1747 1963 152 60 finis
1848 1963 203 60 proprius
1983 1963 203 60 matrimonii

1308 2009 141 49 tamen
1402 2009 94 49 in
1449 2009 141 49 statu
1543 2009 172 49 naturae
1668 2009 204 49 corruptae
1825 2009 141 49 etiam
1919 2009 172 49 vitatio
2028 2009 157 49 fornica-

1306 2055 150 42 tionis
1411 2055 105 42 est
1471 2055 135 42 finis
1561 2055 225 42 matrimonii:
1741 2055 120 42 quia
1815 2055 165 42 quantum
1935 2055 90 42 ad
1980 2055 135 42 istum
2055 2055 120 42 statum

1297 2094 112 50 non
1361 2094 144 50 solum
1457 2094 239 50 matrimonium
1648 2094 112 50 est
1712 2094 223 50 institutum
1888 2094 96 50 in
1936 2094 208 50 officium,
2095 2094 112 50 sed

1306 2133 138 48 etiam
1398 2133 92 48 in
1444 2133 199 48 remedium:
1597 2133 138 48 ideo,
1689 2133 169 48 quantum
1812 2133 92 48 ad
1858 2133 138 48 tales
1950 2133 199 48 personas,
2088 2133 77 48 quo

1298 2171 176 52 possunt
1426 2171 208 52 perficere
1585 2171 144 52 actum
1681 2171 192 52 carnalis
1825 2171 192 52 copulae,
1968 2171 176 52 quamuis
2096 2171 112 52 non

1305 2215 164 48 possint
1424 2215 193 48 generare,
1573 2215 223 48 matrimonium
1751 2215 104 48 non
1811 2215 104 48 est
1870 2215 179 48 frustra,
2004 2215 119 48 quia
2064 2215 104 48 quam-

1297 2256 115 50 uis
1362 2256 98 50 ex
1411 2256 147 50 eorum
1509 2256 229 50 matrimonio
1689 2256 115 50 non
1755 2256 196 50 sequatur
1902 2256 115 50 hoc
1968 2256 164 50 bonum,
2066 2256 98 50 quod

1305 2289 105 63 est
1365 2289 150 63 prolis
1470 2289 211 63 generatio,
1636 2289 150 63 potest
1741 2289 135 63 tamen
1831 2289 135 63 sequi
1921 2289 105 63 hoc
1982 2289 150 63 bonum,
2072 2289 90 63 quod

1306 2328 102 49 est
1365 2328 247 49 fornicationis
1553 2328 160 49 euitatio.

1333 2369 198 56 Conclusio
1485 2369 153 56 tertia
1592 2369 122 56 est,
1668 2369 122 56 quod
1745 2369 153 56 tertio
1852 2369 137 56 modo,
1943 2369 122 56 puta
2019 2369 92 56 vt
2050 2369 122 56 cadunt

1291 2411 100 44 in
1341 2411 266 44 obligatione,
1557 2411 133 44 tunc
1641 2411 116 44 non
1707 2411 150 44 solum
1807 2411 150 44 bonum
1907 2411 249 44 sactamenti,
2089 2411 67 44 ve

1293 2452 191 44 rumetiam
1436 2452 143 44 bonum
1532 2452 175 44 prolis,
1659 2452 80 44 &
1691 2452 159 44 fidei,
1803 2452 127 44 sunt
1882 2452 96 44 de
1930 2452 239 44 necessitate
2105 2452 48 44 m

1291 2490 218 52 trimonii:
1459 2490 134 52 Quia
1543 2490 101 52 in
1594 2490 134 52 omni
1678 2490 134 52 vero
1762 2490 235 52 matrimonio
1947 2490 202 52 coniuges
2081 2490 84 52 obi

1292 2541 161 39 gantur
1405 2541 113 39 non
1469 2541 145 39 solum
1566 2541 97 39 ad
1614 2541 370 39 indissolubilitatem,
1936 2541 129 39 quae
2016 2541 113 39 hic
2064 2541 97 39 saca

1291 2571 171 48 mentum
1410 2571 239 48 appellatur
1598 2571 85 48 :
1633 2571 120 48 sed
1701 2571 154 48 etiam
1803 2571 239 48 obligantur
1991 2571 102 48 ad
2025 2571 137 48 mutium

1299 2608 161 41 fidem
1407 2608 251 41 seruandam,
1604 2608 90 41 &
1640 2608 179 41 prolem
1765 2608 269 41 generandam,
1981 2608 90 41 &
1999 2608 161 41 educan-

1295 2648 119 54 dam,
1370 2648 89 54 si
1414 2648 164 54 fauente
1534 2648 119 54 Deo,
1608 2648 75 54 &
1638 2648 134 54 ipsis
1728 2648 268 54 cooperantibus,
1951 2648 149 54 foetus
2041 2648 119 54 fuerit

1289 2685 190 51 conceptus.

1371 2714 133 62 Forte
1460 2714 178 62 dicetur,
1593 2714 178 62 steriles
1727 2714 104 62 non
1786 2714 163 62 possunt
1904 2714 178 62 obligari
2038 2714 89 62 ad
2067 2714 89 62 gene

1294 2758 182 59 randum,
1427 2758 116 59 vel
1493 2758 215 59 educandum
1659 2758 182 59 prolem,
1791 2758 133 59 ergo
1874 2758 149 59 bonum
1974 2758 182 59 prolis,
2090 2758 66 59 vt

1299 2808 137 44 cadit
1390 2808 91 44 in
1436 2808 244 44 obligatione,
1634 2808 107 44 non
1695 2808 107 44 est
1756 2808 91 44 de
1801 2808 228 44 necessitate
1969 2808 198 44 matrimonii,

1302 2842 218 47 Antecedens
1474 2842 156 47 patet.
1583 2842 187 47 Probatio
1723 2842 280 47 consequentiae,
1957 2842 125 47 quia
2034 2842 109 47 iam
2081 2842 78 47 di-

1292 2888 122 41 ctum
1368 2888 107 41 est
1429 2888 91 41 in
1475 2888 168 41 secunda
1596 2888 244 41 conclusione,
1794 2888 122 41 quod
1871 2888 137 41 inter
1962 2888 183 41 steriles
2084 2888 76 41 po-

1297 2921 136 46 test
1382 2921 136 46 esse
1467 2921 153 46 verum
1553 2921 221 46 matrimonium

1311 2958 90 51 2
1347 2958 234 51 Preterea,
1527 2958 162 51 verum
1635 2958 270 51 matrimonium
1851 2958 162 51 manet
1959 2958 126 51 cum
2013 2958 144 51 adulte

1296 2998 103 55 rio
1355 2998 192 55 coniugum:
1503 2998 118 55 ergo
1577 2998 148 55 fides,
1680 2998 89 55 vt
1725 2998 133 55 cadit
1813 2998 89 55 in
1858 2998 236 55 obligatione,
2050 2998 103 55 non
2094 2998 59 55 es

1305 3045 97 42 de
1353 3045 227 42 matrimonii
1532 3045 243 42 necessitate
1727 3045 227 42 Antecedens
1905 3045 146 42 patet
2003 3045 97 42 de
2051 3045 114 42 se,
2116 3045 81 42 &

1294 3085 150 50 etiam
1395 3085 100 50 ex
1445 3085 251 50 praecedente
1645 3085 267 50 conclusione.
1862 3085 150 50 Patet
1963 3085 150 50 etiam
2046 3085 117 50 conse

1305 3123 187 59 quentia:
1446 3123 125 59 quia
1524 3123 109 59 cum
1586 3123 218 59 adulterium
1758 3123 187 59 repugnet
1898 3123 156 59 fidei,
2007 3123 140 59 etiam
2085 3123 78 59 re
