2411 3529
237 243 122 72 quam
313 243 137 72 mater
404 243 243 72 ministrabat,
602 243 122 72 tunc
678 243 106 72 est
738 243 213 72 naturalis:
905 243 91 72 Si
951 243 137 72 autem
1027 243 76 72 ip-

221 312 108 50 sum
282 312 247 50 consideramus
483 312 93 50 ex
529 312 139 50 parte
622 312 185 50 virtutis
761 312 185 50 actiuae,
900 312 124 50 quae
962 312 139 50 penitus

229 348 113 46 fuit
299 348 268 46 supernaturalis,
525 348 113 46 tunc
596 348 113 46 ille
666 348 183 46 conceptus
808 348 99 46 est
864 348 268 46 supernaturalis.

226 387 99 44 Et
275 387 132 44 quia
357 387 148 44 magis
456 387 115 44 est
522 387 99 44 de
572 387 99 44 re
621 387 231 44 iudicandum
802 387 198 44 secundum
934 387 165 44 virtutem

238 431 172 42 actiuam,
367 431 115 42 quam
438 431 186 42 passiuam:
582 431 129 42 ideo,
668 431 86 42 vt
711 431 129 42 dixi,
797 431 215 42 simpliciter
969 431 129 42 debet
1041 431 57 42 di

234 465 90 43 ci
279 465 284 43 supernaturalis,
518 465 75 43 &
548 465 179 43 secundum
682 465 119 43 quid
757 465 149 43 potest
861 465 119 43 dici
921 465 179 43 naturalis.

229 507 95 41 Et
277 507 111 41 per
340 507 127 41 hanc
420 507 270 41 distinctionem
643 507 143 41 patet
738 507 175 41 solutio
865 507 159 41 omnium
961 507 127 41 instan

238 547 166 46 tiarum,
359 547 121 46 quae
435 547 166 46 possunt
556 547 151 46 adduci
661 547 151 46 contra
767 547 136 46 ambas
858 547 212 46 praemissas
1009 547 91 46 con

207 583 209 53 alusiones.

358 653 547 87 ARTICVLVS
737 653 210 87 II.

219 737 150 84 Vtrum
320 737 100 84 in
370 737 134 84 tali
453 737 267 84 conceptione,
671 737 117 84 vel
737 737 150 84 etiam
838 737 100 84 in
888 737 167 84 faetus
988 737 117 84 vsque

297 802 104 69 ad
349 802 121 69 sui
418 802 277 69 complemcntum
643 802 260 69 promotione,
851 802 156 69 vtrgo
937 802 87 69 ali

431 850 186 71 quomodo
566 850 101 71 se
617 850 203 71 habuerit
752 850 152 71 actiue.

266 976 103 52 N
308 976 207 52 VANTVM
453 976 124 52 ad
515 976 248 52 secundum
701 976 269 52 articulum
887 976 207 52 dicendum

263 1017 148 46 quod
355 1017 111 46 ad
410 1017 296 46 perfectionem
651 1017 185 46 prolis
780 1017 111 46 in
835 1017 203 46 materno
965 1017 129 46 vtero

242 1055 172 59 quattuor
370 1055 229 59 requiruntur,
556 1055 172 59 scilicet
685 1055 172 59 materiae
814 1055 229 59 praeparatio,
986 1055 114 59 carnis

241 1107 196 39 formatio,
392 1107 106 39 seu
452 1107 241 39 organixatio,
648 1107 166 39 localis
768 1107 241 39 conseruatio,
964 1107 75 39 &
979 1107 106 39 conce

247 1137 113 44 ptae
318 1137 142 44 prolis
417 1137 184 44 nutritio.
559 1137 85 44 Et
601 1137 85 44 ex
644 1137 99 44 hac
700 1137 227 44 distinctione
884 1137 128 44 ponam
969 1137 113 44 duas
1026 1137 71 44 con

244 1175 218 44 clusiones.
416 1175 140 44 Prima
509 1175 109 44 est
572 1175 125 44 quod
650 1175 172 44 quantum
775 1175 94 44 ad
821 1175 172 44 primum,
946 1175 78 44 &
962 1175 140 44 tertium

233 1219 80 44 &
265 1219 191 44 quartum,
408 1219 191 44 scilicet
552 1219 159 44 quatum
663 1219 96 44 ad
711 1219 191 44 materiae
838 1219 255 44 praeparationem

238 1261 80 46 &
270 1261 176 46 localem
398 1261 303 46 conseruationem,
653 1261 96 46 ac
701 1261 160 46 prolis
813 1261 239 46 cibationem,
988 1261 112 46 virgo

238 1295 190 63 gloriosa
380 1295 158 63 actiue
491 1295 95 63 se
538 1295 158 63 habuit
649 1295 111 63 quo
712 1295 95 63 ad
759 1295 174 63 Christi
870 1295 221 63 conceptionem

272 1336 172 42 Secunda
397 1336 125 42 est,
476 1336 125 42 quod
554 1336 172 42 quantum
679 1336 94 42 ad
726 1336 203 42 secundum,
882 1336 188 42 scilicet
1007 1336 94 42 car-

229 1373 113 51 nis
293 1373 290 51 organixationem
535 1373 145 51 nullo
632 1373 129 51 modo
713 1373 97 51 se
761 1373 161 51 habuit
858 1373 145 51 actiue-

281 1405 141 53 Prima
375 1405 203 53 conclusio
531 1405 141 53 patet
625 1405 125 53 sic.
703 1405 172 53 Persona
828 1405 219 53 concipiens
985 1405 109 53 veram

247 1449 168 56 prolem,
369 1449 122 56 quam
445 1449 137 56 nouem
537 1449 183 56 mensibus
674 1449 168 56 nutrit,
796 1449 76 56 &
826 1449 198 56 perficit,
979 1449 76 56 &
994 1449 107 56 vsque

246 1499 89 36 ad
291 1499 193 36 perfectam
439 1499 237 36 generationem
632 1499 193 36 producit,
780 1499 119 36 illa
854 1499 148 36 actiue
958 1499 89 36 se
987 1499 104 36 habet

244 1528 167 51 quantum
366 1528 91 51 ad
411 1528 137 51 illas
502 1528 122 51 tres
579 1528 228 51 condiciones
761 1528 137 51 supra
853 1528 228 51 praedictas:
1020 1528 76 51 sec

247 1566 154 50 Maria
350 1566 120 50 &c.
418 1566 154 50 Maior
521 1566 188 50 quantum
658 1566 103 50 ad
709 1566 171 50 primam
829 1566 257 50 condicionem
1017 1566 86 50 pa-

249 1609 116 50 tet:
322 1609 116 50 quia
395 1609 175 50 materiae
526 1609 218 50 praeparatio
701 1609 102 50 per
759 1609 160 50 actiuam
876 1609 233 50 digestionem,
1050 1609 44 50 u

243 1648 194 46 sanguinis
392 1648 239 46 depuratione,
586 1648 90 46 de
631 1648 224 46 necessitate
810 1648 179 46 pertinet
945 1648 90 46 ad
975 1648 119 46 foemel

242 1690 122 45 lam,
318 1690 92 45 vt
364 1690 137 45 patet
455 1690 107 45 per
516 1690 168 45 Aristo.
638 1690 137 45 Patet
730 1690 137 45 etiam
821 1690 168 45 quantum
943 1690 92 45 ad
974 1690 122 45 secun-

249 1725 117 50 dum:
323 1725 117 50 quia
396 1725 132 50 locus
484 1725 191 50 naturalis
631 1725 147 50 actiua
734 1725 103 50 sua
793 1725 206 50 influentia
939 1725 162 50 conseruat

246 1768 159 48 locatum
361 1768 72 48 :
390 1768 101 48 sed
448 1768 145 48 matrix
550 1768 101 48 est
608 1768 188 48 conceptae
752 1768 145 48 prolis
854 1768 130 48 locus
926 1768 174 48 naturalis.

247 1802 124 52 ergo
325 1802 155 52 prolem
434 1802 202 52 conceptam
589 1802 155 52 actiue
698 1802 217 52 conseruat.
868 1802 202 52 Similiter
1008 1802 93 52 ter-

247 1846 125 47 tium
326 1846 157 47 patet,
435 1846 188 47 scilicet
577 1846 125 47 quod
655 1846 157 47 actiue
765 1846 94 47 se
812 1846 157 47 habeat
922 1846 172 47 quantum
1031 1846 63 47 a-

252 1884 141 54 prolis
350 1884 225 54 nutritionem,
533 1884 113 54 quia
604 1884 127 54 sicut
688 1884 127 54 mater
772 1884 141 54 actiue
871 1884 84 54 se
913 1884 127 54 habet
998 1884 84 54 in
1026 1884 70 54 ma-

246 1928 143 48 teriae
346 1928 244 48 praeparatione
547 1928 115 48 ante
618 1928 244 48 conceptionem,
819 1928 100 48 sic
877 1928 158 48 necesse
991 1928 115 48 est,
1049 1928 57 48 vt

246 1960 153 51 actiue
353 1960 92 51 se
399 1960 153 51 habeat
506 1960 92 51 in
552 1960 215 51 nutrimenti
721 1960 169 51 congrua
843 1960 245 51 dispositione
1027 1960 77 51 per

252 2008 124 42 suam
329 2008 186 42 virtutem
468 2008 232 42 digestiuam,
654 2008 124 42 quae
731 2008 201 42 quandoque
886 2008 93 42 si
933 2008 155 42 multum
1026 2008 77 42 de-

237 2042 170 46 fecerit
360 2042 170 46 propter
484 2042 232 46 impuritatem
670 2042 201 46 alimenti,
825 2042 217 46 suffocatur
980 2042 124 46 partus

246 2078 92 55 in
292 2078 153 55 vtero,
399 2078 77 55 &
429 2078 199 55 generatur
582 2078 214 55 abortiuus.
751 2078 107 55 Est
812 2078 122 55 enim
889 2078 122 55 puer
965 2078 92 55 in
996 2078 107 55 vtero

251 2121 184 44 coiunctus
393 2121 142 44 matri,
492 2121 128 44 sicut
577 2121 156 44 fructus
691 2121 156 44 arbori.
804 2121 113 44 Ergo
875 2121 128 44 sicut
960 2121 128 44 arbor
1031 2121 71 44 non

236 2165 171 42 infecta
361 2165 156 42 habens
470 2165 249 42 sufficientem
672 2165 187 42 virtutem
812 2165 233 42 vegetatiuam
983 2165 125 42 nutrit

249 2195 184 50 fructum
383 2195 151 50 vsque
484 2195 100 50 ad
534 2195 184 50 debitum
668 2195 285 50 complementum,
902 2195 84 50 &
936 2195 134 50 tunc
1003 2195 100 50 fru-

240 2239 117 47 ctus
313 2239 219 47 naturaliter
489 2239 88 47 ab
532 2239 146 47 arbore
635 2239 190 47 separatur
781 2239 88 47 in
825 2239 102 47 suo
883 2239 117 47 esse
941 2239 161 47 perfecto.

243 2278 105 44 sed
303 2278 166 44 virtute
424 2278 166 44 arboris
544 2278 226 44 deficiente,
725 2278 75 44 &
755 2278 226 44 nutrimentum
935 2278 151 44 debite
1026 2278 75 44 di-

241 2315 179 48 spositum
376 2315 164 48 fructui
495 2315 105 48 non
555 2315 269 48 administrante,
779 2315 120 48 tunc
854 2315 164 48 fructus
959 2315 149 48 inutilis

249 2353 132 49 adhuc
337 2353 176 49 existens
469 2353 132 49 cadit
557 2353 88 49 de
601 2353 147 49 arbore
704 2353 117 49 ante
777 2353 103 49 sui
836 2353 249 49 perfectionem,
1027 2353 73 49 si-

245 2393 97 51 in
293 2393 209 51 proposito
454 2393 113 51 &c.
519 2393 145 51 Minor
615 2393 145 51 etiam
712 2393 145 51 patet
809 2393 97 51 ex
857 2393 129 51 fide
938 2393 177 51 quantum
1051 2393 64 51 ad

242 2435 136 42 omnes
333 2435 121 42 suas
408 2435 166 42 partes.
529 2435 166 42 Secunda
650 2435 196 42 conclusio
801 2435 121 42 est,
876 2435 121 42 quod
952 2435 151 42 virtus
1043 2435 60 42 a-

252 2477 134 45 ctiua
342 2477 105 45 non
401 2477 119 45 fuit
476 2477 90 45 in
521 2477 164 45 virgine
640 2477 105 45 quo
700 2477 90 45 ad
745 2477 149 45 carnis
849 2477 239 45 formationem,
1028 2477 75 45 seu

254 2510 179 51 organix
384 2510 195 51 ationem.
530 2510 130 51 Quia
611 2510 162 51 illud,
724 2510 130 51 quod
806 2510 179 51 proprie
935 2510 179 51 spectat
1049 2510 65 51 ad

251 2554 179 45 virtutem
386 2554 194 45 paternam,
535 2554 105 45 non
595 2554 135 45 debet
685 2554 164 45 virgini
804 2554 194 45 attribui,
954 2554 135 45 sicut
1028 2554 75 45 nec

246 2587 144 50 aliter
346 2587 144 50 alteri
447 2587 144 50 matri:
547 2587 129 50 istud
633 2587 100 50 est
691 2587 201 50 huiusmodi,
849 2587 86 50 vt
892 2587 129 50 patet
978 2587 100 50 per
1021 2587 86 50 Aui-

250 2628 126 49 cen.
329 2628 94 49 in
376 2628 94 49 9.
423 2628 94 49 de
470 2628 235 49 animalibus,
658 2628 78 49 &
690 2628 110 49 per
753 2628 173 49 Aristo.
878 2628 126 49 &per
941 2628 157 49 commenta

261 2670 136 45 torem
352 2670 91 45 in
397 2670 106 45 suo
443 2670 151 45 colliget

270 2704 78 52 2
302 2704 218 52 Praeterea,
473 2704 94 52 si
520 2704 140 52 virgo
614 2704 156 52 actiue
723 2704 94 52 se
770 2704 203 52 habuisset
926 2704 94 52 in
957 2704 156 52 corporis

258 2749 164 43 Christi
377 2749 223 43 formatione,
556 2749 119 43 tunc
630 2749 149 43 virtus
734 2749 164 43 creata,
853 2749 74 43 &
883 2749 179 43 limitata
1002 2749 104 43 orga-

255 2792 103 45 nia
314 2792 133 45 asset
403 2792 148 45 corpus
506 2792 89 45 in
551 2792 192 45 instanti,
698 2792 207 45 consequens
861 2792 103 45 est
905 2792 207 45 impossibile:

251 2825 120 53 quia
326 2825 105 53 cum
386 2825 149 53 virtus
490 2825 149 53 creata
595 2825 105 53 non
655 2825 149 53 possit
759 2825 164 53 aliquid
879 2825 209 53 organixare
1028 2825 90 53 nisi

260 2866 192 52 mediante
404 2866 144 52 motu,
499 2866 80 52 &
531 2866 303 52 transmutatione:
787 2866 128 52 ideo
867 2866 96 52 si
899 2866 208 52 organixaret

264 2914 88 47 in
308 2914 191 47 instanti,
455 2914 117 47 tunc
528 2914 161 47 faceret
646 2914 132 47 motum
734 2914 88 47 in
778 2914 191 47 instanti,
924 2914 117 47 quem
998 2914 103 47 est
1042 2914 73 47 im-

258 2948 193 48 possibile
407 2948 89 48 in
451 2948 178 48 instanti
585 2948 149 48 fieri,
689 2948 104 48 cum
748 2948 134 48 omnis
838 2948 134 48 motus
927 2948 163 48 proprie
1031 2948 74 48 di-

260 2990 128 44 ctus
340 2990 177 44 tempore
469 2990 241 44 mensuretur,
661 2990 96 44 vt
710 2990 145 44 patet
806 2990 96 44 4.
854 2990 112 44 &5.
902 2990 209 44 physicorum.

250 3022 265 46 Consequentia
466 3022 166 46 patet:
582 3022 133 46 quia
665 3022 149 46 omnes
764 3022 133 46 veri
847 3022 199 46 theologi
979 3022 133 46 ponunt

276 3062 106 52 uod
337 3062 152 52 corpus
443 3062 167 52 Christi
564 3062 91 52 in
610 3062 137 52 primo
701 3062 182 52 instanti
838 3062 121 52 suae
898 3062 213 52 conceptionis

254 3103 125 47 fuit
333 3103 188 47 perfecte
473 3103 203 47 formatum,
629 3103 78 47 &
661 3103 141 47 anima
754 3103 203 47 rationali
895 3103 172 47 animatum.

1166 260 115 73 Sro
1231 260 147 73 istis
1329 260 295 73 conclusionibus
1575 260 196 73 videntur
1722 260 180 73 obuiare
1853 260 196 73 quorudam

1137 312 207 57 doctorum
1292 312 242 57 opiniones.
1482 312 121 57 Nam
1551 312 173 57 contra
1672 312 173 57 primam
1775 312 242 57 conclusionem

1135 354 105 57 est
1195 354 164 57 quaedam
1314 354 164 57 opinio,
1434 354 119 57 quae
1508 354 149 57 ponit,
1613 354 119 57 quod
1688 354 134 57 virgo
1777 354 134 57 Maria
1867 354 105 57 nec
1911 354 105 57 quan-

1137 395 111 51 tum
1200 395 95 51 ad
1248 395 190 51 materiae
1390 395 300 51 praeparationem,
1643 395 111 51 nec
1706 395 174 51 quantum
1833 395 95 51 ad
1865 395 126 51 corpo-

1137 432 108 42 ris
1198 432 231 42 formationem
1383 432 93 42 se
1430 432 154 42 habuit
1537 432 170 42 actiue:
1661 432 108 42 sed
1722 432 139 42 solum
1815 432 170 42 dicitur
1923 432 77 42 ma-

1135 478 108 38 ter
1196 478 169 38 Christi
1319 478 108 38 pro
1380 478 154 38 tanto:
1488 478 123 38 quia
1565 478 184 38 spiritus
1703 478 138 38 illam
1795 478 200 38 materiam,
1934 478 61 38 de

1147 517 105 44 qua
1207 517 180 44 formauit
1342 517 150 44 corpus
1447 517 180 44 Christi,
1582 517 165 44 accepit
1701 517 75 44 a
1731 517 180 44 virgine.
1866 517 105 44 Sed
1911 517 90 44 isti

1138 553 183 56 videfitur
1279 553 127 56 prima
1363 553 141 56 fronte
1462 553 113 56 sibi
1532 553 127 56 ipsis
1617 553 239 56 contradicere.
1814 553 113 56 Quia
1884 553 141 56 illud,

1140 587 119 53 quod
1215 587 164 53 accepit
1334 587 164 53 aliquid
1453 587 89 53 ab
1498 587 164 53 aliquo,
1617 587 239 53 praesupponit
1811 587 134 53 illud
1886 587 104 53 prae-

1136 635 177 44 paratum,
1269 635 118 44 quod
1342 635 177 44 accepit:
1475 635 103 44 sed
1534 635 177 44 secundum
1666 635 118 44 eos,
1740 635 177 44 spiritus
1858 635 132 44 sanctus

1134 678 165 57 accepit
1254 678 180 57 materiam
1388 678 180 57 corporis
1523 678 165 57 Christi
1643 678 75 57 a
1673 678 195 57 Vvirgine:
1822 678 120 57 ergo
1882 678 105 57 prae-

1127 710 191 42 supponit
1270 710 143 42 ipsam
1365 710 238 42 praeparatam
1556 710 79 42 a
1572 710 159 42 virgine-

1140 742 75 51 2
1170 742 211 51 Praeterea,
1336 742 151 51 virtus
1442 742 196 51 digestiua
1593 742 181 51 virginis
1728 742 106 51 non
1789 742 121 51 fuit
1849 742 136 51 imperfi

1142 780 142 53 ctior
1237 780 110 53 quo
1300 780 95 53 ad
1347 780 205 53 sanguinis
1505 780 284 53 purificationem
1741 780 221 53 faciendam,
1898 780 95 53 quam

1129 821 217 53 communiter
1300 821 109 53 sit
1362 821 93 53 in
1409 821 171 53 ceteris
1517 821 202 53 mulieribus.

1146 865 73 51 3
1176 865 204 51 Praeterca,
1336 865 87 51 si
1379 865 116 51 sola
1452 865 175 51 acceptio
1583 865 175 51 materiae
1714 865 87 51 de
1758 865 146 51 aliquo
1845 865 146 51 suffice-

1132 900 96 57 ret
1187 900 82 57 ad
1228 900 109 57 hoc,
1296 900 109 57 quod
1364 900 136 57 illud,
1460 900 82 57 de
1501 900 96 57 quo
1555 900 191 57 accipitur,
1705 900 123 57 esset
1787 900 123 57 mater
1869 900 150 57 illius,

1138 945 119 47 quod
1212 945 89 47 de
1257 945 119 47 tali
1331 945 163 47 materia
1449 945 193 47 formatur,
1598 945 119 47 tunc
1672 945 133 47 silua
1761 945 133 47 esset
1850 945 133 47 mater
1924 945 74 47 do-

1132 985 129 44 mus,
1212 985 145 44 terra
1309 985 145 44 esset
1406 985 145 44 mater
1502 985 145 44 Adae,
1599 985 80 44 &
1631 985 129 44 Adam
1711 985 145 44 esset
1808 985 145 44 mater
1888 985 97 44 Euae

1131 1029 121 49 quae
1206 1029 136 49 omnia
1297 1029 121 49 sunt
1373 1029 287 49 inconuenientia:
1614 1029 121 49 ergo
1690 1029 76 49 &
1720 1029 151 49 illud,
1826 1029 91 49 ex
1871 1029 106 49 quo
1916 1029 76 49 se-

1144 1060 161 50 quitur,
1261 1060 102 50 est
1305 1060 205 50 inconueniens

1139 1109 78 44 4
1171 1109 141 44 Item,
1265 1109 94 44 si
1312 1109 125 44 sola
1390 1109 188 44 acceptio
1531 1109 188 44 materiae
1672 1109 94 44 de
1719 1109 157 44 aliquo
1813 1109 188 44 sufficeret

1145 1142 86 47 id
1188 1142 115 47 hoc,
1260 1142 115 47 quod
1332 1142 144 47 illud,
1433 1142 86 47 de
1476 1142 101 47 quo
1533 1142 202 47 accipitur,
1692 1142 130 47 esset
1778 1142 130 47 mater
1864 1142 158 47 illius,

1140 1181 120 47 quod
1215 1181 90 47 de
1260 1181 120 47 tali
1335 1181 165 47 materia
1456 1181 195 47 formatur,
1606 1181 120 47 tunc
1681 1181 165 47 posito,
1802 1181 120 47 quod
1877 1181 90 47 de
1907 1181 75 47 la-

1133 1222 125 50 pide
1212 1222 219 50 miraculose
1384 1222 125 50 Deus
1462 1222 172 50 faceret
1587 1222 188 50 hominem,
1728 1222 235 50 sequeretur,
1900 1222 94 50 quod

1133 1261 128 48 talis
1218 1261 128 48 lapis
1303 1261 128 48 esset
1388 1261 128 48 mater
1474 1261 142 48 illius
1559 1261 142 48 hominis.

1139 1304 187 49 CONTRa
1270 1304 224 49 secundam
1438 1304 299 49 conclusionem
1680 1304 149 49 sunt
1774 1304 205 49 quidam,
1904 1304 75 49 qu

1132 1338 177 50 dicunt,
1261 1338 129 50 quod
1342 1338 145 50 virgo
1438 1338 161 50 habuit
1551 1338 194 50 virtutem
1697 1338 177 50 actiuam
1826 1338 113 50 non
1874 1338 113 50 solum

1124 1380 109 38 quo
1187 1380 93 38 ad
1233 1380 187 38 materiae
1374 1380 296 38 praeparationem,
1623 1380 109 38 sed
1685 1380 140 38 etiam
1779 1380 109 38 quo
1841 1380 93 38 ad
1872 1380 109 38 carni

1129 1417 228 42 formationem.
1314 1417 85 42 Et
1357 1417 114 42 isti
1428 1417 171 42 videntur
1556 1417 114 42 esse
1613 1417 185 42 tripartiti.

1162 1454 95 56 NA
1210 1454 79 56 M
1241 1454 158 56 quidam
1352 1454 174 56 dicunt,
1478 1454 126 56 quod
1557 1454 126 56 ipsa
1636 1454 142 56 Virgo
1730 1454 110 56 non
1794 1454 174 56 fuisset
1904 1454 79 56 ve-

1134 1491 90 48 ra
1179 1491 135 48 mater
1269 1491 180 48 Christi,
1405 1491 90 48 si
1450 1491 90 48 in
1495 1491 135 48 carns
1585 1491 120 48 eius
1660 1491 211 48 formatione
1826 1491 90 48 se
1871 1491 105 48 non
1916 1491 60 48 ha

1131 1536 167 46 buisset
1253 1536 167 46 actiue.
1374 1536 76 46 &
1405 1536 152 46 habent
1511 1536 107 46 pro
1572 1536 91 46 se
1618 1536 167 46 aliquas
1740 1536 183 46 rationes
1861 1536 122 46 Qaleni

1139 1579 124 47 quas
1216 1579 93 47 ad
1262 1579 186 47 praesens
1401 1579 139 47 nolui
1494 1579 186 47 adducere
1633 1579 155 47 duabus
1742 1579 93 47 de
1788 1579 170 47 causis.
1896 1579 93 47 Pri-

1137 1612 88 45 mo
1181 1612 117 45 quia
1254 1612 102 45 ita
1313 1612 161 45 turpis,
1430 1612 73 45 &
1459 1612 132 45 soeda
1547 1612 102 45 est
1605 1612 175 45 materia,
1737 1612 117 45 quod
1810 1612 132 45 ipsam
1883 1612 102 45 abhoi

1138 1654 108 43 reo
1199 1654 169 43 miscere
1322 1654 108 43 cum
1384 1654 200 43 praesenti
1538 1654 185 43 materia,
1677 1654 92 43 in
1723 1654 108 43 qua
1785 1654 200 43 loquimur,
1923 1654 62 43 de

1143 1696 192 52 virginali
1291 1696 207 52 castissima
1454 1696 237 52 conceptione.
1646 1696 163 52 Secundo
1764 1696 133 52 dato,
1853 1696 118 52 quod
1912 1696 74 52 pra

1147 1732 152 38 dictae
1253 1732 182 38 rationes
1390 1732 167 38 aliquid
1511 1732 243 38 concluderent
1709 1732 182 38 loquendo
1845 1732 91 38 de
1876 1732 106 38 conci

1156 1770 153 45 tione
1258 1770 221 45 ceterorum
1428 1770 204 45 hominum,
1581 1770 170 45 quorum
1700 1770 204 45 formatio
1836 1770 153 45 contin-

1142 1808 112 51 git
1206 1808 96 51 in
1254 1808 192 51 tempore:
1398 1808 144 51 tamen
1494 1808 112 51 nec
1558 1808 240 51 existenter,
1751 1808 112 51 nec
1799 1808 192 51 apparenter

1137 1842 231 51 concludunt,
1321 1842 185 51 loquendo
1460 1842 92 51 de
1506 1842 169 51 Christi
1629 1842 246 51 conceptione,
1829 1842 139 51 cuius
1906 1842 77 51 con

1148 1886 125 42 poris
1232 1886 125 42 plena
1315 1886 167 42 formatio
1440 1886 125 42 facta
1523 1886 111 42 fuit
1593 1886 153 42 subito,
1704 1886 70 42 &
1732 1886 83 42 in
1774 1886 181 42 instanti,
1913 1886 70 42 &
1927 1886 70 42 per

1133 1928 219 45 consequens
1305 1928 141 45 fieri
1399 1928 110 45 non
1462 1928 156 45 potuit
1572 1928 156 45 humana
1681 1928 188 45 virtute,
1822 1928 110 45 sed
1869 1928 125 45 solum-

1144 1967 122 51 modo
1220 1967 168 51 diuina.
1343 1967 122 51 Alij
1419 1967 168 51 dicunt,
1541 1967 122 51 quod
1618 1967 92 51 in
1664 1967 168 51 materia
1786 1967 214 51 ministrata
1939 1967 46 51 a

1142 2004 168 54 Virgine
1264 2004 123 54 fuit
1341 2004 184 54 potentia
1479 2004 168 54 actiua,
1601 2004 107 54 per
1662 2004 123 54 quam
1739 2004 199 54 potuisset
1877 2004 107 54 coope

1140 2044 113 47 rari
1210 2044 84 47 ad
1252 2044 141 47 carnis
1351 2044 155 47 Christi
1463 2044 225 47 formationem,
1646 2044 84 47 si
1689 2044 127 47 facta
1773 2044 155 47 fuisset
1886 2044 84 47 in
1914 2044 70 47 tem

1149 2080 131 44 pore.
1237 2080 102 44 Sed
1295 2080 102 44 nec
1354 2080 131 44 illud
1442 2080 146 44 valet.
1544 2080 117 44 Quia
1617 2080 102 44 aut
1675 2080 117 44 illa
1748 2080 175 44 potentia
1865 2080 117 44 actiu;

1138 2129 165 38 fuisset
1258 2129 90 38 in
1303 2129 165 38 virgine
1424 2129 241 38 naturaliter,
1619 2129 105 38 aut
1679 2129 226 38 miraculose.
1860 2129 105 38 Non
1905 2129 90 38 natu

1141 2162 174 53 raliter:
1272 2162 116 53 quia
1345 2162 131 53 eadem
1432 2162 160 53 ratione
1548 2162 160 53 inesset
1665 2162 174 53 cuilibet
1796 2162 174 53 mulieri,
1912 2162 87 53 quod

1151 2202 169 45 uperius
1273 2202 107 45 est
1335 2202 230 45 reprobatum.
1519 2202 107 45 Nec
1580 2202 230 45 miraculose:
1764 2202 123 45 quia
1841 2202 92 45 in
1871 2202 123 45 operi-

1144 2243 99 46 bus
1200 2243 212 46 miraculosis
1370 2243 127 46 nihil
1455 2243 141 46 omnino
1554 2243 99 46 fit
1610 2243 170 46 frustra.
1738 2243 99 46 Sed
1794 2243 155 46 frustra
1893 2243 99 46 talis

1137 2280 149 43 virtus
1241 2280 193 43 poneretur
1390 2280 89 43 in
1435 2280 179 43 virgine,
1569 2280 89 43 eo
1613 2280 119 43 quod
1688 2280 119 43 ipsa
1762 2280 134 43 nihil
1836 2280 149 43 operare-

1139 2316 112 55 tur
1203 2316 192 55 secundum
1347 2316 128 55 eam.
1427 2316 128 55 Alij
1507 2316 176 55 dicunt,
1636 2316 128 55 quod
1716 2316 176 55 quamuis
1844 2316 144 55 virgo
1940 2316 112 55 non

1138 2360 169 51 fuerit
1256 2360 219 51 cooperata
1425 2360 185 51 quantum
1560 2360 101 51 ad
1610 2360 253 51 formationem
1813 2360 219 51 corporis,

1138 2400 104 46 seu
1198 2400 149 46 carnis
1302 2400 179 46 Christi,
1436 2400 119 46 fuit
1510 2400 134 46 tamen
1600 2400 194 46 cooperata
1749 2400 164 46 quantum
1868 2400 89 46 ad
1898 2400 89 46 com-

1136 2434 233 56 plementum
1297 2434 108 56 eius

1154 2473 130 45 SED
1229 2473 149 45 ista
1322 2473 167 45 verba
1433 2473 205 45 possunt
1582 2473 186 45 habere
1712 2473 167 45 bonum
1805 2473 186 45 intelle-

1140 2513 157 52 ctum,
1244 2513 122 52 vel
1314 2513 174 52 malum.
1436 2513 140 52 Quia
1523 2513 105 52 ly
1576 2513 279 52 complementum
1802 2513 122 52 vel
1855 2513 140 52 potest

1141 2553 169 46 referri
1264 2553 92 46 ad
1310 2553 246 46 formationem,
1510 2553 108 46 vel
1572 2553 92 46 ad
1618 2553 139 46 ipsam
1710 2553 169 46 carnem.
1834 2553 92 46 Si
1880 2553 92 46 ad
1911 2553 92 46 for-

1142 2589 210 48 mationem,
1303 2589 129 48 tunc
1384 2589 113 48 est
1448 2589 210 48 manifesta
1610 2589 274 48 contradictio:
1836 2589 129 48 quia
1900 2589 97 48 omne

1144 2638 173 42 illud,
1265 2638 138 42 quod
1351 2638 207 42 operatur
1506 2638 104 42 ad
1558 2638 276 42 complementum
1765 2638 224 42 formationis

1139 2676 108 45 hoc
1200 2676 262 45 principaliter
1416 2676 185 45 operatur
1554 2676 92 45 ad
1601 2676 246 45 sormationem,
1801 2676 77 45 &
1832 2676 108 45 sic
1878 2676 123 45 opera-

1140 2709 143 51 retur
1235 2709 95 51 ad
1283 2709 238 51 formationem
1473 2709 175 51 carnis,
1600 2709 79 51 &
1632 2709 111 51 non
1696 2709 222 51 operaretur
1870 2709 95 51 ad
1902 2709 95 51 for-

1130 2748 218 53 mationem
1293 2748 200 53 carnis:
1438 2748 127 53 sed
1511 2748 145 53 sily
1602 2748 290 53 complementum
1820 2748 181 53 refertur

1140 2788 95 53 ad
1188 2788 174 53 carnem,
1314 2788 111 53 hoc
1377 2788 158 53 potest
1488 2788 126 53 esse
1567 2788 221 53 dupliciter
1741 2788 79 53 :
1773 2788 126 53 quia
1852 2788 111 53 vel
1899 2788 79 53 re-

1135 2829 154 48 fertur
1243 2829 93 48 ad
1289 2829 216 48 veritatem,
1459 2829 77 48 &
1490 2829 170 48 speciem
1613 2829 170 48 carnis,
1737 2829 139 48 iuxta
1829 2829 139 48 illud
1906 2829 93 48 quod

1147 2867 197 44 dicitur.
1294 2867 99 44 7.
1344 2867 246 44 physicorum,
1541 2867 246 44 Vnumquodque
1738 2867 131 44 tunc
1804 2867 197 44 perfectum,

1137 2910 119 48 seu
1205 2910 221 48 completum
1375 2910 136 48 est,
1460 2910 119 48 cum
1528 2910 221 48 attigerit
1697 2910 204 48 propriam
1833 2910 170 48 speciem:

1144 2944 71 44 &
1172 2944 99 44 sic
1229 2944 127 44 adhuc
1313 2944 127 44 illud
1398 2944 141 44 dictum
1496 2944 99 44 est
1553 2944 155 44 falsum:
1666 2944 113 44 quia
1736 2944 113 44 sine
1807 2944 141 44 actiua
1891 2944 99 44 virtu

1139 2997 88 37 te
1183 2997 175 37 virginis
1315 2997 88 37 in
1358 2997 131 37 primo
1446 2997 175 37 instanti
1577 2997 204 37 praedictae
1738 2997 234 37 conceptionis
1913 2997 88 37 vir-

1148 3024 118 49 tute
1222 3024 177 49 spiritus
1355 3024 147 49 sancti
1458 3024 147 49 corpus
1561 3024 162 49 Christi
1679 3024 147 49 habuit
1782 3024 192 49 perfectam
1915 3024 88 49 spe-

1153 3062 133 53 ciem
1237 3062 183 53 carnis.
1370 3062 133 53 Alio
1453 3062 133 53 modo
1536 3062 116 53 per
1603 3062 266 53 complementum
1819 3062 166 53 carnis
1919 3062 83 53 pos

1139 3104 145 59 sumus
1235 3104 241 59 intelligere
1429 3104 209 59 augmentum
1590 3104 177 59 carnis,
1718 3104 80 59 &
1750 3104 113 59 sic
1815 3104 145 59 illud
1895 3104 113 59 dictu
