2409 3548
209 259 115 68 di,
274 259 99 68 eo
324 259 131 68 quod
406 259 148 68 iuxta
504 259 131 68 suam
586 259 230 68 positionem
767 259 148 68 anima
849 259 230 68 intellectiua

222 324 110 43 non
285 324 220 43 inhaerebat
458 324 173 43 homini,
584 324 110 43 nec
647 324 189 43 coniugeb
789 324 126 43 atur
867 324 126 43 sibi
930 324 142 43 secundi

229 366 130 47 esse.
315 366 130 47 Patet
402 366 130 47 etiam
489 366 145 47 minor,
590 366 116 47 quia
662 366 130 47 purus
749 366 130 47 actus
836 366 130 47 nulli
923 366 145 47 potest
1010 366 72 47 for

220 397 192 54 maliter
342 397 174 54 inherere

231 442 113 43 Ad
288 442 207 43 motiuum
438 442 169 43 eorum
550 442 244 43 dicendum,
738 442 150 43 quod
832 442 169 43 maior
945 442 131 43 non
1001 442 94 43 est

224 483 127 47 vera,
309 483 113 47 nisi
379 483 113 47 illa
450 483 99 47 duo
507 483 99 47 sic
563 483 113 47 sint
634 483 85 47 in
676 483 155 47 tertio,
789 483 113 47 quod
860 483 113 47 ambo
916 483 170 47 inhaereant

219 518 117 47 illi
292 518 160 47 tertio,
409 518 73 47 &
438 518 117 47 nisi
511 518 117 47 ambo
584 518 117 47 sint
656 518 146 47 formae
758 518 160 47 eiusdem
875 518 175 47 ordinis.
992 518 87 47 Pro-

214 558 132 51 pter
296 558 214 51 oppositum
460 558 164 51 primae
575 558 263 51 conditionis,
789 558 181 51 angelus
921 558 115 51 non
970 558 115 51 esset

218 598 140 45 forma
312 598 155 45 animae
420 598 233 45 rationalis,
607 598 140 45 dato,
700 598 124 45 quod
777 598 140 45 esset
871 598 93 45 in
917 598 124 45 eode
979 598 109 45 corpo

218 639 94 40 re
265 639 110 40 cum
328 639 141 40 anima
422 639 220 40 rationali,
595 639 173 40 Propter
721 639 204 40 oppositum
878 639 188 40 secundae
1003 639 79 40 con

222 678 192 47 ditionis
366 678 176 47 dulcedo
494 678 112 47 non
558 678 112 47 est
622 678 144 47 forma
719 678 224 47 albedinis,
895 678 176 47 quamuis
1007 678 80 47 si-

221 715 105 44 mul
281 715 209 44 inhaereant
445 715 135 44 eidem
535 715 149 44 lacti.
640 715 105 44 Cum
699 715 149 44 igitur
804 715 224 44 intellectus
983 715 105 44 sic
1028 715 60 44 in

225 755 160 44 hereat
337 755 176 44 animae,
465 755 128 44 quod
545 755 144 44 tamen
641 755 128 44 deus
720 755 112 44 non
784 755 192 44 inhaeret
928 755 160 44 anime,
1024 755 64 44 ac

218 798 140 44 etiam
312 798 140 44 deus,
405 798 78 44 &
436 798 233 44 intellectus
623 798 109 44 non
685 798 124 44 sint
763 798 155 44 formae
871 798 171 44 eiusdem
980 798 109 44 ordi-

220 832 124 51 nis,
298 832 124 51 ideo
376 832 171 51 quamuis
500 832 124 51 sint
578 832 140 51 simul
672 832 93 51 in
718 832 140 51 eadem
812 832 156 51 anima,
920 832 140 51 tamen
998 832 78 51 deu

222 875 103 45 non
281 875 118 45 erit
355 875 133 45 forma
443 875 147 45 ipsius
546 875 236 45 intellectus,
738 875 103 45 qua
797 875 118 45 sibi
870 875 177 45 competit
988 875 103 45 actus

226 913 180 46 videndi
356 913 147 46 ipsam
455 913 180 46 diuinam
585 913 213 46 essentiam
749 913 114 46 Nec
814 913 147 46 valet
896 913 180 46 responsio

222 955 103 48 qua
281 955 176 48 nituntur
413 955 206 48 instantiam
575 955 176 48 tollere,
707 955 118 48 quia
781 955 162 48 angelus
899 955 103 48 non
957 955 103 48 est
1001 955 74 48 com

221 998 177 44 positus
350 998 96 44 ex
398 998 193 44 materia,
542 998 80 44 &
575 998 161 44 forma,
687 998 80 44 &
719 998 145 44 tamen
816 998 113 44 non
880 998 161 44 potest
993 998 129 44 esse

221 1033 136 47 forma
311 1033 196 47 alterius.
462 1033 106 47 Nee
523 1033 136 47 valet
613 1033 226 47 similitudo,
794 1033 121 47 quam
870 1033 121 47 ipsi
930 1033 151 47 adducunt

219 1071 93 46 de
266 1071 140 46 anima
360 1071 218 46 rationali,
531 1071 125 46 quia
609 1071 140 46 anima
702 1071 234 46 rationalis,
889 1071 171 46 quamdiu
998 1071 78 46 ip-

217 1115 89 40 sa
262 1115 104 40 est
321 1115 134 40 forma
411 1115 179 40 hominis,
545 1115 119 40 tunc
620 1115 134 40 vere,
709 1115 75 40 &
739 1115 179 40 realiter
873 1115 179 40 inhaeret
993 1115 89 40 mate

213 1151 134 46 riae,
302 1151 119 46 quam
376 1151 193 46 informat,
525 1151 104 46 nec
584 1151 104 46 pro
644 1151 119 46 tunc
718 1151 193 46 subsistit
866 1151 104 46 per
926 1151 104 46 se,
970 1151 104 46 quaui

213 1187 102 44 sit
272 1187 145 44 illud,
373 1187 102 44 quo
431 1187 131 44 totus
519 1187 116 44 homo
591 1187 102 44 non
649 1187 203 44 subsistit:
809 1187 102 44 Sed
867 1187 174 44 essentia
983 1187 102 44 diui-

216 1227 90 49 na
261 1227 105 49 non
321 1227 149 49 potest
425 1227 149 49 alicui
530 1227 209 49 inhaerere,
694 1227 75 49 &
724 1227 105 49 non
783 1227 149 49 potest
888 1227 105 49 non
933 1227 149 49 subsiste

218 1272 96 40 re
266 1272 112 40 per
330 1272 112 40 se:
395 1272 128 40 ldeo
475 1272 177 40 quamuis
603 1272 161 40 animae
716 1272 209 40 rationali
876 1272 112 40 non
924 1272 161 40 repugnet

214 1308 134 61 esse
298 1308 167 61 formam
415 1308 117 61 rei
482 1308 201 61 creatae,
632 1308 117 61 hoc
699 1308 151 61 tamen
800 1308 201 61 repugnat
933 1308 151 61 diuinae

211 1346 157 62 essentiae.

370 1433 576 63 ARTICVLVS
768 1433 222 63 li-

285 1502 155 90 Vtrum
388 1502 155 90 omnes
491 1502 155 90 beati
595 1502 241 90 aequaliter
784 1502 189 90 videant
905 1502 103 90 duu-

501 1573 130 57 nam
557 1573 223 57 essentiam.

279 1699 190 46 VANTVM
412 1699 114 46 ad
469 1699 209 46 tertium
621 1699 247 46 articulum
812 1699 133 46 est
869 1699 209 46 aduerten-

213 1714 101 67 C,
264 1714 134 67 dum,
347 1714 134 67 quod
431 1714 251 67 aequalitas,
632 1714 101 67 de
683 1714 117 67 qua
750 1714 117 67 hic
817 1714 201 67 petitur,
968 1714 117 67 vno
1018 1714 67 67 mo

217 1781 86 46 do
260 1781 143 46 posset
360 1781 158 46 referri
474 1781 86 46 ad
517 1781 186 46 essentiae
661 1781 158 46 diuinae
775 1781 229 46 obiectionem:
961 1781 86 46 Et
990 1781 86 46 tuns

211 1818 146 48 esset
308 1818 178 48 sensus,
437 1818 146 48 vtrum
535 1818 146 48 omnes
632 1818 146 48 beati
729 1818 146 48 aeque
826 1818 146 48 nude,
923 1818 81 48 &
939 1818 146 48 immedia

217 1859 92 47 te
263 1859 169 47 videant
386 1859 169 47 diuinam
509 1859 215 47 essentiam,
678 1859 108 47 ita
739 1859 123 47 quod
816 1859 154 47 nullus
923 1859 154 47 videat
1016 1859 61 47 ea

221 1905 178 44 velate,
350 1905 81 44 &
382 1905 194 44 mediante
528 1905 210 44 creatura.
689 1905 129 44 Alio
770 1905 129 44 modo
851 1905 162 44 posset
948 1905 129 44 referr

202 1940 100 42 ad
252 1940 184 42 visorum
386 1940 284 42 multitudinem.
620 1940 100 42 Et
670 1940 134 42 tunc
753 1940 150 42 esset
853 1940 184 42 sensus,
970 1940 117 42 vtrum

218 1991 220 40 quaecumque
391 1991 142 40 videt
486 1991 126 40 vnus
565 1991 157 40 beatus
675 1991 94 40 in
722 1991 157 40 diuina
832 1991 205 40 essentia,
974 1991 110 40 vide-

210 2018 92 42 at
256 2018 138 42 etiam
348 2018 154 42 alius,
456 2018 108 42 ita
517 2018 123 42 quod
594 2018 92 42 in
640 2018 200 42 huiusmodi
794 2018 169 42 visione
917 2018 154 42 diuina
1009 2018 62 42 es

210 2053 152 46 sentia
316 2053 107 46 non
377 2053 137 46 plura
468 2053 243 46 repraesentet
666 2053 122 46 vni,
742 2053 122 46 quam
818 2053 152 46 alteri
925 2053 152 46 Tertio
1016 2053 61 46 mo

213 2092 87 56 do
257 2092 145 56 potest
359 2092 160 56 referri
475 2092 87 56 ad
519 2092 174 56 visionis
649 2092 247 56 perfectionem:
853 2092 87 56 Et
896 2092 102 56 est
954 2092 160 56 sensus,

222 2140 138 43 vtrum
314 2140 154 43 visio,
421 2140 108 43 qua
483 2140 138 43 beati
575 2140 154 43 vident
683 2140 169 43 diuinam
805 2140 215 43 essentiam,
974 2140 108 43 sit
1021 2140 61 43 in

223 2181 164 43 omnibus
342 2181 149 43 beatis
447 2181 134 43 aeque
536 2181 194 43 perfecta,
685 2181 254 43 delectabilis,
894 2181 75 43 &
909 2181 179 43 beatifica.

218 2219 145 43 Primo
315 2219 129 43 modo
395 2219 113 43 non
460 2219 258 43 intelligitur
669 2219 97 43 in
717 2219 226 43 proposito,
895 2219 129 43 quia
975 2219 97 43 de
1007 2219 81 43 hoc

229 2251 153 58 patuit
336 2251 92 58 in
382 2251 153 58 2tart.
490 2251 107 58 nec
551 2251 169 58 secundo
674 2251 138 58 modo:
766 2251 123 58 quia
842 2251 92 58 de
889 2251 107 58 hoc
935 2251 153 58 patebiti

207 2292 150 58 4art.
307 2292 134 58 ergo
391 2292 150 58 solum
491 2292 167 58 tertio
591 2292 117 58 modo.

257 2330 98 50 Et
306 2330 180 50 quantum
437 2330 98 50 ad
486 2330 147 50 illum
584 2330 180 50 sensum,
715 2330 131 50 pono
797 2330 262 50 conclusionem
993 2330 82 50 ne

212 2376 163 53 gatiuam.

226 2393 84 66 1
260 2393 135 66 Quia
344 2393 169 66 quanto
462 2393 169 66 aliqua
581 2393 203 66 potentia
733 2393 118 66 est
800 2393 169 66 melius
901 2393 186 66 disposita

208 2450 94 52 ad
255 2450 219 52 eliciendum
427 2450 172 52 aliquem
552 2450 156 52 actum,
661 2450 141 52 tanto
755 2450 141 52 actus
849 2450 203 52 elicitus,
989 2450 94 52 cete

220 2487 102 47 ris
279 2487 174 47 paribus,
409 2487 102 47 est
467 2487 218 47 perfectior,
641 2487 73 47 &
671 2487 261 47 delectabilior.
888 2487 102 47 Sed
932 2487 145 47 intelle-

228 2535 120 41 ctus
303 2535 135 41 vnius
393 2535 135 41 beati
483 2535 105 41 est
543 2535 150 41 melius
648 2535 210 41 dispositus
812 2535 90 41 ad
857 2535 210 41 eliciendum
1007 2535 75 41 vi-

220 2568 153 51 sionem
327 2568 168 51 diuinae
449 2568 214 51 essentiae,
616 2568 122 51 quam
693 2568 229 51 intellectus
876 2568 183 51 alterius
998 2568 76 51 bea

217 2615 101 51 ti,
274 2615 115 51 ergo
332 2615 72 51 &c.

261 2635 136 64 Maior
351 2635 136 64 patet
442 2635 75 64 2
472 2635 91 64 de
518 2635 151 64 anima,
623 2635 106 64 vbi
684 2635 181 64 dicitur,
819 2635 121 64 quod
895 2635 136 64 actus
970 2635 106 64 acti-

225 2684 133 50 uorum
314 2684 119 50 sunt
388 2684 89 50 in
433 2684 193 50 patiente,
581 2684 74 50 &
611 2684 208 50 disposito.
774 2684 119 50 Hinc
848 2684 104 50 est
907 2684 148 50 etiam,
996 2684 89 50 quod

224 2733 92 41 in
270 2733 215 41 nobisipsis
438 2733 199 41 experimur
592 2733 153 41 actus,
699 2733 107 41 qui
760 2733 199 41 sequuntur
913 2733 169 41 habitum
1021 2733 61 41 es

210 2772 91 38 se
255 2772 257 38 perfectiores,
467 2772 76 38 &
497 2772 136 38 magis
588 2772 242 38 delectabiles
785 2772 121 38 his,
860 2772 106 38 qui
906 2772 181 38 praecedunt

219 2803 190 51 habitum,
362 2803 95 51 eo
410 2803 127 51 quod
489 2803 190 51 potentia
632 2803 206 51 habituata
790 2803 111 51 est
854 2803 159 51 melius
949 2803 127 51 dispos

217 2846 97 47 ta
265 2846 97 47 ad
314 2846 227 47 eliciendum
492 2846 146 47 actum
589 2846 81 47 :
622 2846 178 47 Propter
751 2846 130 47 quod
832 2846 194 47 loquendo
978 2846 97 47 de
1010 2846 65 47 ha

217 2882 159 50 bitibus
332 2882 203 50 virtuosis,
492 2882 101 50 ait
549 2882 174 50 philoso.
680 2882 145 50 ethic.
781 2882 145 50 virtus
882 2882 116 50 est,
955 2882 116 50 quae
1013 2882 72 50 ha-

225 2923 156 52 bentem
335 2923 203 52 perficit,
491 2923 78 52 &
522 2923 125 52 opus
600 2923 125 52 suum
678 2923 141 52 bonum
772 2923 172 52 reddit.
897 2923 141 52 Minor
975 2923 109 52 etiam

221 2962 163 55 patet,
335 2962 130 55 quia
416 2962 146 55 iuxta
513 2962 195 55 numerum,
660 2962 81 55 &
692 2962 260 55 magnitudinem
887 2962 195 55 meritorum,

215 3001 140 49 lumen
309 3001 171 49 gloriae
434 3001 218 49 infunditur
605 3001 265 49 intellectibus
823 3001 203 49 beatorum,
979 3001 109 49 quo
1026 3001 62 49 lu

228 3042 131 49 mine
310 3042 213 49 huiusmodi
473 3042 246 49 intellectus
670 3042 164 49 optime
785 3042 246 49 disponuntur
982 3042 115 49 pro
1031 3042 49 49 v

222 3080 140 51 sione
316 3080 171 51 diuinae
440 3080 217 51 essentiae:
610 3080 109 51 Sed
672 3080 124 51 vnus
750 3080 186 51 beatorum
889 3080 78 51 e
920 3080 171 51 maioris
1029 3080 62 51 me

222 3125 135 65 riti,
312 3125 120 65 quam
387 3125 135 65 alter
478 3125 120 65 ergo
538 3125 75 65 &c.

1137 287 87 55 2
1171 287 226 55 Preterea,
1345 287 122 55 non
1415 287 156 55 omnes
1519 287 156 55 beati
1623 287 174 55 habent
1745 287 209 55 aequalem
1884 287 104 55 mer-

1127 335 161 50 cedem,
1240 335 129 50 ergo
1320 335 113 50 nec
1385 335 194 50 aequalem
1530 335 210 50 visionem.
1691 335 226 50 Antecedens
1869 335 161 50 patet,

1132 367 126 47 quia
1211 367 190 47 secundum
1353 367 253 47 differentiam
1559 367 205 47 meritorum
1717 367 126 47 erit
1780 367 205 47 differentis

1134 410 214 49 praemiorum
1302 410 107 49 tam
1363 410 92 49 in
1409 410 168 49 beatis,
1531 410 122 49 quam
1608 410 138 49 etiam
1699 410 92 49 in
1745 410 199 49 damnatis.
1883 410 107 49 Etiam

1134 452 125 48 atet
1212 452 265 48 consequentia,
1430 452 125 48 quia
1508 452 187 48 secundum
1648 452 93 48 b.
1695 452 125 48 Aug.
1773 452 140 48 visio
1866 452 109 48 est
1913 452 78 48 to-

1131 491 92 53 ta
1177 491 168 53 merces,
1299 491 122 53 quod
1375 491 153 53 vtique
1482 491 137 53 verum
1573 491 107 53 est
1634 491 107 53 cum
1695 491 214 53 inclusione
1848 491 137 53 fruitio

1130 524 109 51 nis,
1199 524 96 51 seu
1253 524 178 51 perfectae
1377 524 191 51 dilectionis,

1127 557 79 60 3
1159 557 206 60 Preterea,
1317 557 142 60 sicut
1412 557 95 60 se
1460 557 142 60 habet
1555 557 158 60 oculus
1665 557 222 60 corporalis
1840 557 95 60 ad
1871 557 111 60 corpe

1120 607 126 44 ralis
1204 607 126 44 solis
1287 607 209 44 claritatem:
1455 607 98 44 sic
1511 607 84 44 se
1553 607 126 44 habet
1636 607 140 44 oculus
1734 607 209 44 spiritualis
1901 607 84 44 ad
1929 607 56 44 sp

1118 645 176 45 ritualis
1250 645 132 45 solis
1338 645 220 45 claritatem:
1514 645 103 45 Sed
1573 645 147 45 oculus
1675 645 220 45 corporalis,
1851 645 147 45 quanto
1939 645 44 45 e

1124 682 175 51 sanior,
1251 682 79 51 &
1283 682 95 51 in
1331 682 207 51 qualitate
1490 682 95 51 ad
1537 682 191 51 videndum
1680 682 238 51 dispositiua
1855 682 127 51 perfe-

1119 726 149 49 ctior,
1224 726 134 49 tanto
1313 726 149 49 visio,
1418 726 105 49 qua
1477 726 134 49 videt
1567 726 209 49 corporalem
1731 726 149 49 solem,
1836 726 105 49 est
1880 726 105 49 dele-

1119 758 205 53 ctabilior,
1280 758 73 53 &
1310 758 176 53 firmior,
1442 758 117 53 ergo
1515 758 146 53 oculus
1617 758 220 53 spiritualis
1778 758 59 53 &c

1164 799 107 51 Sed
1225 799 152 51 contra
1331 799 137 51 istam
1423 799 198 51 veritatem
1575 799 122 51 sunt
1652 799 152 51 quidam
1758 799 213 51 haeretici,
1911 799 76 51 qui

1126 835 145 59 dicunt
1227 835 101 59 non
1285 835 130 59 solum
1372 835 174 59 visionem
1502 835 159 59 diuinae
1618 835 188 59 essentiae
1763 835 116 59 esse
1821 835 159 59 aequalem,

1124 880 79 46 &
1156 880 142 46 aeque
1251 880 222 46 perfectam,
1425 880 95 46 ac
1472 880 253 46 delectabilem
1678 880 95 46 in
1726 880 174 46 omnibus
1837 880 142 46 beatis.

1120 921 99 39 sed
1176 921 127 39 etiam
1261 921 141 39 dicunt
1359 921 141 39 animam
1458 921 169 39 Christi,
1585 921 99 39 vel
1641 921 141 39 beatae
1740 921 183 39 virginis,
1880 921 99 39 aut
1923 921 56 39 ci

1118 955 217 55 iuscumque
1285 955 150 55 magni
1385 955 167 55 sancti
1502 955 117 55 non
1568 955 167 55 habere
1685 955 183 55 maiorem
1802 955 183 55 beatitudi

1118 1004 131 49 nem,
1200 1004 82 49 &
1233 1004 279 49 delectationem
1462 1004 99 49 in
1512 1004 181 49 patria,
1643 1004 131 49 quam
1725 1004 164 49 animam
1840 1004 148 49 pueri
1922 1004 66 49 v-

1124 1036 132 51 nius
1206 1036 132 51 dici
1288 1036 214 51 immediate
1453 1036 132 51 post
1535 1036 214 51 baptismum
1700 1036 214 51 euolantis
1865 1036 99 51 ad
1898 1036 82 51 pa-

1115 1073 158 62 triam,
1226 1073 111 62 vel
1289 1073 158 62 animam
1400 1073 158 62 maximi
1511 1073 221 62 peccatoris
1685 1073 95 62 in
1732 1073 127 62 fine
1811 1073 142 62 vitae
1890 1073 95 62 poe-

1119 1112 211 52 nitentiam
1265 1112 162 52 agentis.

1130 1150 88 50 1
1166 1150 246 50 Principale
1359 1150 158 50 autem
1464 1150 193 50 motiuum
1605 1150 193 50 istorum
1745 1150 211 50 fundatur
1903 1150 88 50 i
1921 1150 70 50 au

1118 1190 195 50 ctoritate
1268 1190 210 50 saluatoris
1432 1190 180 50 scripta,
1567 1190 135 50 Matt.
1657 1190 90 50 20
1702 1190 90 50 de
1747 1190 165 50 denario
1851 1190 120 50 diurno

1123 1238 104 47 qui
1182 1238 208 47 aequaliter
1346 1238 163 47 dabatur
1464 1238 119 47 his,
1538 1238 104 47 qui
1598 1238 104 47 vna
1657 1238 119 47 hora
1731 1238 252 47 laborauerunt,
1924 1238 59 47 si

1117 1275 101 43 cut
1174 1275 144 43 illis,
1275 1275 101 43 qui
1332 1275 187 43 portabant
1476 1275 144 43 pondus
1577 1275 130 43 diei,
1663 1275 72 43 &
1692 1275 158 43 aestus.
1807 1275 101 43 Vbi
1865 1275 101 43 per
1908 1275 72 43 de-

1110 1313 159 57 narium
1221 1313 175 57 diuinum
1348 1313 254 57 intelligitur
1555 1313 175 57 premium
1681 1313 254 57 beatitudinis
1872 1313 111 57 vitae

1109 1349 138 52 aeteruae

1149 1378 86 66 2
1183 1378 242 66 Praeterea,
1373 1378 173 66 August
1494 1378 155 66 super
1597 1378 190 66 loannem
1735 1378 138 66 ait,
1822 1378 138 66 quod
1891 1378 86 66 om-

1114 1433 125 41 nium
1193 1433 188 41 beatorum
1333 1433 125 41 erit
1412 1433 110 41 par
1474 1433 188 41 gaudium,
1615 1433 110 41 Sed
1678 1433 219 41 parilitas,
1850 1433 110 41 seu
1897 1433 78 41 par

1117 1472 101 48 tas
1174 1472 144 48 gaudii
1275 1472 231 48 sufficienter
1462 1472 144 48 arguit
1563 1472 231 48 aequalitatem
1750 1472 231 48 felicitatis,
1938 1472 72 48 &

1126 1507 111 49 prae
1195 1507 111 49 mii:
1265 1507 111 49 ergo
1320 1507 69 49 &c.

1184 1548 227 48 Praeterea,
1362 1548 195 48 quilibet
1508 1548 162 48 beatus
1622 1548 179 48 habebit
1752 1548 162 48 summam
1849 1548 130 48 beati-

1109 1585 194 55 tudinem
1251 1585 194 55 speciei
1392 1585 194 55 humanae
1533 1585 335 55 communicabilem:
1815 1585 141 55 ergo
1886 1585 88 55 om-

1107 1630 118 49 nes
1175 1630 202 49 habebunt
1326 1630 202 49 aequalem
1478 1630 286 49 beatitudinem.
1714 1630 269 49 Consequentia
1916 1630 67 49 pa

1109 1664 125 52 tet,
1188 1664 125 52 quia
1266 1664 172 52 quamuis
1391 1664 94 52 in
1438 1664 157 52 summo,
1548 1664 78 52 &
1579 1664 94 52 in
1626 1664 110 52 eo,
1689 1664 125 52 quod
1767 1664 110 52 est
1829 1664 141 52 citra
1908 1664 78 52 sum

1113 1705 118 46 mum,
1187 1705 148 46 possit
1290 1705 118 46 esse
1364 1705 251 46 inaequalitas,
1571 1705 133 46 tamen
1659 1705 177 46 praecise
1792 1705 89 46 in
1836 1705 118 46 ipso
1895 1705 74 46 sum

1110 1756 91 40 mo
1155 1756 137 40 nulla
1247 1756 152 40 potest
1353 1756 122 40 esse
1429 1756 259 40 inaequalitas.
1642 1756 213 40 Antecedens
1810 1756 198 40 probatur,

1125 1785 120 47 quia
1200 1785 195 47 appetitus
1350 1785 195 47 naturalis
1500 1785 210 47 cuiuslibet
1664 1785 195 47 indiuidui
1814 1785 105 47 est
1874 1785 90 47 ad
1904 1785 75 47 sum

1121 1822 115 48 mam
1186 1822 264 48 perfectionem
1401 1822 231 48 possibilem
1582 1822 99 48 in
1631 1822 115 48 sua
1697 1822 181 48 specle.
1829 1822 115 48 Sed
1878 1822 99 48 uera

1115 1860 213 48 beatitudo
1278 1860 180 48 quietat
1409 1860 213 48 appetitum
1573 1860 229 48 naturalem:
1753 1860 131 48 ergo
1818 1860 164 48 cuilibet

1111 1908 132 43 vere
1194 1908 149 43 beato
1293 1908 265 43 communicatur
1509 1908 149 43 summa
1608 1908 232 43 beatitudo,
1790 1908 149 43 puta,
1873 1908 99 43 tan-

1111 1941 115 55 ta,
1176 1941 165 55 quanta
1292 1941 165 55 potest
1407 1941 247 55 communicari
1604 1941 165 55 aliqui
1719 1941 214 55 indiuiduo
1867 1941 99 55 huma

1116 1979 96 56 nae
1158 1979 138 56 speciei.

1121 2018 81 41 2
1153 2018 228 41 Praeterea,
1332 2018 147 41 beati
1430 2018 228 41 aequaliter
1609 2018 163 41 vident
1723 2018 130 41 deum
1805 2018 130 41 ergo
1870 2018 114 41 aequa

1126 2059 115 48 iter
1197 2059 172 48 fruuntur
1327 2059 115 48 deo,
1399 2059 72 48 &
1427 2059 101 48 per
1485 2059 201 48 consequens
1643 2059 201 48 aequaliter
1786 2059 187 48 beatificanm

1111 2099 117 49 tur,
1185 2099 117 49 quia
1258 2099 132 49 quasi
1346 2099 117 49 tota
1419 2099 191 49 beatitudo
1566 2099 161 49 hominis
1684 2099 191 49 consistit
1830 2099 88 49 in
1860 2099 117 49 visio-

1110 2136 104 55 ne,
1169 2136 74 55 &
1199 2136 208 55 fruitione.
1362 2136 237 55 Consequentia
1555 2136 148 55 patet,
1659 2136 119 55 quia
1733 2136 163 55 fruitio
1837 2136 148 55 sequitur

1112 2178 224 45 visionem,
1284 2178 172 45 tantum
1405 2178 138 45 enim
1491 2178 190 45 fruimur
1629 2178 138 45 deo,
1715 2178 190 45 quantum
1836 2178 138 45 cogno-

1111 2213 163 46 scimus
1225 2213 130 46 eum.
1306 2213 228 46 Antecedens
1485 2213 195 46 probatur
1615 2213 260 46 multipliciter.

1164 2252 131 54 Primo
1252 2252 116 54 Sic.
1324 2252 145 54 Quarto
1426 2252 204 54 expressior
1586 2252 204 54 similitudo
1746 2252 102 54 rei
1804 2252 131 54 visae
1891 2252 102 54 fit
1935 2252 58 54 in

1122 2292 187 46 vidente,
1262 2292 140 46 tanto
1356 2292 218 46 expressius
1527 2292 109 46 res
1589 2292 187 46 videtur,
1729 2292 109 46 Sed
1791 2292 155 46 quando
1884 2292 109 46 beati

1119 2336 153 48 vident
1226 2336 169 48 diuinam
1349 2336 215 48 essentiam,
1517 2336 123 48 tunc
1594 2336 107 48 non
1655 2336 153 48 potest
1762 2336 138 48 fieri
1839 2336 138 48 expres-

1114 2377 118 47 sior
1188 2377 206 47 similitudo
1350 2377 88 47 in
1394 2377 118 47 vno,
1467 2377 118 47 quam
1541 2377 88 47 in
1585 2377 162 47 altero,
1702 2377 118 47 quia
1776 2377 176 47 quilibet
1893 2377 74 47 be-

1112 2415 149 45 torum
1211 2415 149 45 videt
1310 2415 132 45 nude
1392 2415 182 45 diuinam
1524 2415 231 45 essentiam,
1706 2415 132 45 ergo
1772 2415 83 45 &c.

1150 2438 195 64 Secundo
1292 2438 142 64 Sic.
1381 2438 283 64 Quandocumque
1611 2438 266 64 impedimenta
1806 2438 177 64 visionis

1124 2489 116 49 sunt
1196 2489 203 49 aequaliter
1355 2489 145 49 remota
1457 2489 72 49 a
1486 2489 217 49 videntibus,
1659 2489 116 49 tunc
1732 2489 72 49 a
1761 2489 145 49 qualis
1862 2489 101 49 est
1906 2489 72 49 vi-

1115 2535 126 47 Sio.
1194 2535 110 47 Sed
1257 2535 94 47 ab
1304 2535 173 47 omnibus
1430 2535 157 47 beatis
1540 2535 220 47 aequaliter
1713 2535 126 47 sunt
1792 2535 157 47 remota
1887 2535 94 47 impe

1115 2569 179 42 dimenta
1245 2569 179 42 videndi
1375 2569 179 42 diuinam
1506 2569 228 42 essentiam,
1685 2569 130 42 ergo
1750 2569 65 42 &c

1162 2605 169 45 Tertio
1280 2605 135 45 Sic.
1365 2605 220 45 Quicumque
1534 2605 169 45 vident
1653 2605 186 45 aliquam
1788 2605 118 45 rem
1839 2605 135 45 Sicuti

1119 2649 116 47 est,
1192 2649 116 47 illi
1265 2649 203 47 aequaliter
1424 2649 145 47 vident
1526 2649 102 47 Sed
1584 2649 174 47 quilibet
1715 2649 145 47 beatus
1816 2649 131 47 videt
1889 2649 87 47 deum

1132 2681 140 53 Sicuti
1230 2681 112 53 est,
1300 2681 112 53 ergo
1370 2681 98 53 &c.
1426 2681 126 53 Maior
1510 2681 140 53 patet,
1607 2681 112 53 quia
1677 2681 98 53 res
1733 2681 182 53 visibilis
1873 2681 98 53 non
1915 2681 56 53 po

1111 2727 119 52 test
1186 2727 149 52 melius
1290 2727 164 52 videri,
1409 2727 119 52 quam
1484 2727 104 52 cum
1544 2727 164 52 videtur
1663 2727 149 52 sicuti
1767 2727 119 52 est.
1842 2727 164 52 Minorem

1123 2766 133 48 ponit.
1216 2766 67 48 8
1242 2766 106 48 loan
1309 2766 80 48 in
1349 2766 80 48 1.
1389 2766 93 48 Sua
1442 2766 160 48 epistola

1158 2794 145 62 Quarto
1260 2794 116 62 Sic.
1333 2794 174 62 Secundum
1463 2794 87 62 b.
1507 2794 160 62 August.
1623 2794 102 62 85.
1681 2794 87 62 qu
1724 2794 189 62 aestionum
1869 2794 102 62 qu.
1913 2794 58 62 3:

1118 2843 131 53 vnus
1200 2843 131 53 homo
1282 2843 115 53 non
1347 2843 229 53 intelligit
1527 2843 164 53 eandem
1642 2843 115 53 rem
1708 2843 180 53 melius,
1839 2843 131 53 quam
1904 2843 66 53 al

1112 2881 110 52 ter
1175 2881 142 52 homo,
1270 2881 126 52 quod
1349 2881 173 52 probans
1475 2881 158 52 ibidem
1585 2881 173 52 subdit,
1711 2881 126 52 quia
1790 2881 110 52 qui
1853 2881 110 52 rem
1900 2881 79 52 ali

1111 2920 99 51 ter
1168 2920 213 51 intelligit,
1338 2920 113 51 quam
1409 2920 113 51 est,
1480 2920 113 51 ille
1551 2920 184 51 fallitur,
1692 2920 113 51 ergo
1763 2920 113 51 deus
1834 2920 99 51 non
1877 2920 99 51 vide-

1111 2954 116 54 tur
1178 2954 165 54 melius
1293 2954 99 54 ab
1343 2954 116 54 vno
1409 2954 165 54 beato,
1524 2954 132 54 quam
1607 2954 99 54 ab
1656 2954 149 54 alio.
1739 2954 231 54 Consequentia

1125 3001 153 46 patet,
1232 3001 123 46 quia
1309 3001 153 46 videre
1416 3001 123 46 deum
1492 3001 107 46 est
1554 3001 230 46 intelligere
1738 3001 138 46 deum,
1829 3001 123 46 ergo
1891 3001 61 46 &c

1156 3041 110 43 Sed
1219 3041 125 43 ista
1297 3041 157 43 opinio
1407 3041 173 43 erronea
1533 3041 188 43 expresse
1674 3041 220 43 improbatur
1847 3041 110 43 per
1894 3041 78 43 tex

1117 3077 102 47 tum
1176 3077 205 47 veritatis,
1337 3077 117 47 loan
1410 3077 88 47 14
1454 3077 102 47 vbi
1512 3077 102 47 ait
1556 3077 161 47 Christus.

1196 3118 94 62 In
1243 3118 125 62 domo
1321 3118 156 62 patris
1430 3118 109 62 mei
1493 3118 203 62 mansiones
1649 3118 156 62 multae
1758 3118 140 62 sunt,
1852 3118 109 62 vbi
1899 3118 62 62 se
