2389 3547
402 262 213 70 strumentuam
572 262 113 70 esse
643 262 213 70 simpliciter
813 262 170 70 nobilius
940 262 99 70 eo,
997 262 85 70 in
1039 262 113 70 quod
1110 262 128 70 agit,
1195 262 99 70 sed

394 318 138 56 suffic
491 318 96 56 it,
546 318 110 56 quod
615 318 124 56 illud
697 318 96 56 sit
752 318 165 56 nobilius
876 318 165 56 virtute,
1000 318 124 56 cuius
1083 318 124 56 ipsum
1152 318 110 56 instru

397 363 174 44 mentum
518 363 243 44 dirigitur,
710 363 87 44 &
744 363 191 44 mouetur
883 363 104 44 in
936 363 226 44 huiusmodi
1092 363 174 44 actione-

396 401 149 51 Etiam
496 401 182 51 minorem
628 401 166 51 negant
744 401 166 51 quidam
860 401 199 51 doctores
1009 401 215 51 dicentes,
1159 401 99 51 quod

405 447 162 38 ratione
523 447 162 38 peccati
641 447 177 38 spiritus
774 447 192 38 efficitur
922 447 192 38 inferior,
1069 447 74 38 &
1084 447 177 38 ignobilior

407 476 135 55 igne.
497 476 105 55 Sed
557 476 120 55 ista
633 476 166 55 solutio
753 476 166 55 patitur
874 476 196 55 calumniam
1024 476 90 55 ex
1069 476 151 55 dictis
1160 476 105 55 beati

404 514 209 50 Augustini,
568 514 104 50 qui
628 514 89 50 x.
672 514 89 50 de
717 514 149 50 libero
821 514 179 50 arbitrio
955 514 119 50 ait,
1030 514 119 50 quod
1089 514 179 50 substantia

410 556 226 62 piritualis,
591 556 211 62 quantumcum
756 556 105 62 que
816 556 166 62 peccet,
937 556 181 62 nobilior
1072 556 105 62 est
1117 556 151 62 nobilis-

406 594 106 49 umo
467 594 182 49 corpore:
603 594 152 49 igitur
710 594 137 49 prima
801 594 167 49 solutio
923 594 167 49 uidetur
1044 594 122 49 mihi
1120 594 122 49 esse
1181 594 76 49 me-

405 639 138 49 lior,
497 639 77 49 &
528 639 138 49 magis
620 639 92 49 ad
650 639 200 49 propositum.

434 663 101 56 Ad
485 663 236 56 argumentum
670 663 236 56 principale
856 663 219 56 dicendum,
1024 663 135 56 quod
1091 663 169 56 postquam

394 724 231 41 cessauerit
576 724 149 41 motus
675 724 165 41 ceeli,
791 724 132 41 tunc
874 724 182 41 quamuis
1006 724 165 41 corpus
1105 724 165 41 damnatum

400 750 165 52 iudicio
520 750 165 52 diuinae
639 750 195 52 iustitiae
789 750 150 52 mancat
894 750 210 52 passibile,
1058 750 165 52 numquam
1163 750 105 52 tamen

396 804 239 38 corrumpetur,
590 804 90 38 vt
635 804 134 38 patet
725 804 90 38 ex
769 804 149 38 dictis
874 804 90 38 in
919 804 149 38 tertio
1023 804 179 38 articulo
1143 804 134 38 istius.

412 832 220 58 quaestionis,
591 832 83 58 in
632 832 179 58 solutione
770 832 138 58 primae
852 832 179 58 instantiae.

519 946 584 64 DISTINCTIO
937 946 250 64 SLV.

405 1034 168 93 Aperta
523 1034 151 93 buius
623 1034 285 93 distinctionis
858 1034 201 93 diuisio,
1008 1034 101 93 in
1059 1034 117 93 qua
1109 1034 134 93 humana

428 1111 244 53 Tumstatus
616 1111 244 53 animarum,
803 1111 131 53 cum
878 1111 94 53 a
916 1111 206 53 proprus
1047 1111 169 53 fuerint

599 1151 194 78 separata
744 1151 242 78 corporibus,
922 1151 145 78 perspi-

687 1199 116 74 tue
737 1199 216 74 dectaratir.

631 1300 118 53 RA
690 1300 177 53 TEREA
809 1300 256 53 sciendum.
1006 1300 237 53 Postquam
1163 1300 99 53 Ma-

649 1341 166 54 gister
766 1341 216 54 tractauit
932 1341 100 54 de
982 1341 199 54 animarum
1115 1341 150 54 humana-

649 1387 118 38 rum
717 1387 101 38 ad
767 1387 118 38 sua
835 1387 186 38 corpora
970 1387 220 38 reunione:
1139 1387 135 38 nunc
1206 1387 68 38 in

658 1424 120 41 ista
733 1424 239 41 quadragesima
927 1424 150 41 quinta
1032 1424 239 41 distinctione
1211 1424 60 41 in

652 1460 159 42 finuat,
767 1460 145 42 qualem
869 1460 130 42 statu
956 1460 130 42 habet
1042 1460 145 42 humane
1144 1460 130 42 aiae,
1216 1460 58 42 qu

582 1491 86 52 Ni
625 1491 115 52 sunt
696 1491 72 52 a
725 1491 115 52 suis
797 1491 201 52 corporibus
955 1491 201 52 separatae.
1113 1491 86 52 Et
1156 1491 129 52 diui¬

403 1539 97 45 dit
458 1539 83 45 in
500 1539 110 45 duas
569 1539 152 45 partes,
679 1539 110 45 quia
748 1539 124 45 primo
831 1539 152 45 tractat
941 1539 83 45 de
982 1539 124 45 statu
1065 1539 179 45 animarum,
1189 1539 69 45 exi

403 1574 168 49 stentium
529 1574 84 49 in
571 1574 210 49 purgatorio.
739 1574 140 49 Secudo
837 1574 84 49 de
879 1574 126 49 statu
963 1574 182 49 animarum,
1089 1574 182 49 existentium

393 1619 85 49 in
435 1619 171 49 inferno,
564 1619 114 49 ibi,
635 1619 100 49 Sed
692 1619 85 49 qu
734 1619 157 49 eritur.
848 1619 85 49 Et
891 1619 114 49 quia
962 1619 199 49 existentes
1119 1619 85 49 in
1147 1619 114 49 purga-

404 1662 132 39 torio
492 1662 147 39 iuuari
595 1662 176 39 poterunt
727 1662 191 39 ecclesiae
874 1662 206 39 suffragio:
1036 1662 118 39 ideo
1109 1662 103 39 duo
1153 1662 118 39 facit:

400 1695 102 53 Nam
459 1695 131 53 primo
546 1695 174 53 Magister
676 1695 160 53 tractat
792 1695 87 53 de
836 1695 203 53 suffragiis
996 1695 189 53 ecclesiae
1126 1695 131 53 militam

393 1735 114 50 tis.
464 1735 157 50 Secundo
579 1735 86 50 de
621 1735 200 50 suffragiis
779 1735 186 50 ecclesiae
922 1735 243 50 triumphantis,
1122 1735 114 50 ibi,
1194 1735 100 50 Sed

393 1774 152 43 iterum
499 1774 198 43 queritur.
651 1774 137 43 Prima
742 1774 91 43 in
788 1774 137 43 duas:
879 1774 122 43 quia
955 1774 137 43 primo
1046 1774 198 43 ostendit,
1183 1774 76 43 qua

392 1813 140 47 liter
486 1813 155 47 animas
594 1813 217 47 separatas,
765 1813 171 47 quantum
889 1813 93 47 ad
935 1813 140 47 eorum
1028 1813 171 47 statum,
1152 1813 78 47 &
1168 1813 93 47 rece

404 1860 180 42 ptacula,
539 1860 195 42 contingit
689 1860 180 42 variari.
824 1860 165 42 Secundo
944 1860 165 42 innuit,
1064 1860 90 42 in
1109 1860 105 42 quo
1154 1860 105 42 statu

405 1898 207 40 existentes
568 1898 177 40 poterunt
701 1898 207 40 suffragiis
863 1898 192 40 adiuuari,
1011 1898 118 40 ibi.
1085 1898 133 40 Neque
1159 1898 103 40 negan

396 1934 101 45 dum
453 1934 116 45 est.
526 1934 87 45 Et
569 1934 116 45 haec
642 1934 188 45 diuiditur
786 1934 87 45 in
830 1934 116 45 tres
902 1934 159 45 partes,
1018 1934 116 45 quia
1090 1934 130 45 primo
1163 1934 101 45 osten

404 1968 108 45 dit,
471 1968 108 45 quae
538 1968 108 45 fint
606 1968 121 45 illae
686 1968 148 45 animae,
794 1968 108 45 quae
861 1968 189 45 suffragiir
1010 1968 202 45 adiuuantur,
1158 1968 94 45 Secun

401 2009 90 45 do
446 2009 165 45 innuit,
566 2009 105 45 per
627 2009 120 45 quae
702 2009 226 45 adiuuantur.
882 2009 150 45 Tertio
987 2009 195 45 ostendit,
1123 2009 135 45 quantum

394 2046 214 42 adiuuantur,
565 2046 171 42 Secunda,
693 2046 114 42 ibi,
764 2046 85 42 De
807 2046 142 42 pompis
906 2046 128 42 vero.
992 2046 157 42 Tertia,
1106 2046 114 42 ibi.
1163 2046 85 42 So.-

396 2087 101 50 let
453 2087 158 50 moueri.
568 2087 173 50 Sequitur
698 2087 115 50 illa
770 2087 130 50 pars,
856 2087 101 50 Sed
914 2087 144 50 iterum
1014 2087 201 50 quaeritur.
1173 2087 86 50 Et
1201 2087 58 50 di

395 2124 170 46 uiditur
518 2124 93 46 in
565 2124 124 46 duas
642 2124 170 46 partes:
766 2124 108 46 nam
828 2124 139 46 primo
921 2124 201 46 ostendit,
1076 2124 170 46 quomodo
1185 2124 77 46 suf

402 2163 151 47 fragia
508 2163 121 47 eccl
583 2163 241 47 triumphantis
779 2163 166 47 prosunt
900 2163 196 47 aliquibus
1051 2163 211 47 defunctis.
1202 2163 60 47 Se

406 2203 155 48 tundo,
514 2203 170 48 quomodo
637 2203 139 48 soent
730 2203 186 48 prodesse
869 2203 93 48 in
916 2203 108 48 hoc
978 2203 124 48 mudo
1055 2203 155 48 viuis.
1148 2203 108 48 Secun

396 2243 93 52 da,
449 2243 106 52 ibi,
515 2243 93 52 Sed
568 2243 119 52 forte
647 2243 159 52 quaeris.
766 2243 106 52 Haec
832 2243 93 52 est
885 2243 159 52 diuisio,
1004 2243 66 52 &
1030 2243 172 52 sententia
1149 2243 119 52 istius.

401 2283 246 55 distinctionis
603 2283 87 55 in
646 2283 188 55 generali,
791 2283 130 55 circa
877 2283 116 55 quam
950 2283 144 55 quaero
1051 2283 87 55 in
1094 2283 188 55 speciali.

688 2363 248 83 Quaectio.
879 2363 95 83 i.-

443 2443 108 87 An
497 2443 108 87 in
551 2443 126 87 hac
623 2443 144 87 vita
713 2443 234 87 degentium
893 2443 234 87 suffragi¬
1055 2443 144 87 defun-

587 2506 197 75 ctorum
725 2506 236 75 animabus
883 2506 177 75 prosint

629 2871 134 49 TRVM
713 2871 218 49 suffragia
881 2871 184 49 viuorum
1015 2871 184 49 prosint
1132 2871 117 49 anima

646 2921 118 44 bus
713 2921 269 44 defunctorum:
932 2921 202 44 Videtur,
1083 2921 134 44 quod
1150 2921 101 44 non-

685 2950 122 52 Quia
761 2950 138 52 sicut
853 2950 92 52 se
899 2950 153 52 habent
1006 2950 122 52 mala
1083 2950 92 52 ad
1113 2950 138 52 obesse,

648 2990 94 46 ic
695 2990 125 46 bona
773 2990 94 46 ad
820 2990 203 46 prodesse:
976 2990 109 46 sed
1039 2990 140 46 mala:
1117 2990 140 46 viuorum

649 3032 91 41 on
694 3032 167 41 possunt
816 3032 167 41 nocere,
937 3032 106 41 vel
998 3032 152 41 obesse
1089 3032 167 41 defunctis

631 3068 129 52 ergo
712 3068 113 52 nec
776 3068 129 52 bona
857 3068 177 52 viuorum
986 3068 177 52 possunt
1099 3068 145 52 prodesi

637 3107 118 64 se
677 3107 235 64 defunctis.

1323 261 171 60 Contra,
1447 261 202 60 suffragia
1602 261 171 60 viuorum
1726 261 155 60 valent
1834 261 109 60 pro
1896 261 248 60 absolutionem
2082 261 93 60 pte-

1290 321 182 38 catorum
1423 321 182 38 ipsorum
1555 321 264 38 defunctorum:
1770 321 132 38 ergo
1852 321 215 38 suffragia
2001 321 149 38 viuorum

1291 355 174 52 prosunt
1418 355 190 52 animabus
1560 355 253 52 defunctorum.
1765 355 253 52 Consequentia
1970 355 158 52 patet.
2081 355 111 52 Sed

1306 391 199 46 ntecedens
1458 391 92 46 de
1504 391 137 46 plano
1596 391 168 46 habetur
1718 391 92 46 2.
1764 391 122 46 Mach
1840 391 107 46 vbi
1901 391 183 46 dicitur,
2024 391 137 46 Sancta.

1297 436 131 46 ergo,
1385 436 73 46 &
1414 436 175 46 salubris
1545 436 102 46 est
1603 436 189 46 cogitatio
1749 436 102 46 pro
1807 436 189 46 defunctis
1952 436 175 46 exorare,
2083 436 87 46 vt
2112 436 44 46 4

1310 483 171 35 eccatis
1435 483 218 35 soluantur.
1606 483 109 35 Hic
1669 483 140 35 primo
1762 483 187 35 videndum
1902 483 125 35 est,
1980 483 140 35 vtrum
2058 483 109 35 anima

1301 520 111 41 bus
1364 520 237 41 defunctorum
1554 520 221 41 conueniant
1728 520 158 41 aliqua
1838 520 221 41 corporalia
1996 520 158 41 habltacu

1293 552 102 41 I2.
1352 552 175 41 Secundo,
1483 552 146 41 qualia
1586 552 117 41 sint
1659 552 117 41 ista
1732 552 219 41 habitacula,
1907 552 73 41 &
1937 552 88 41 in
1981 552 146 41 quibus
2068 552 88 41 mun-

1295 587 89 51 di
1340 587 177 51 partibus
1473 587 118 51 sint
1546 587 177 51 situata.
1679 587 163 51 Tertio,
1798 587 133 51 vtrum
1886 587 192 51 defunctis
2019 587 148 51 prodessa

1293 636 169 42 valeant
1415 636 169 42 viuorum
1538 636 215 42 suffragia.
1706 636 92 42 Et
1752 636 169 42 quarto,
1875 636 138 42 vtrum
1967 636 153 42 sancti
2059 636 107 42 cogno

1300 669 134 65 scant
1389 669 164 65 nostras
1508 669 164 65 preces,
1628 669 104 65 scu
1672 669 149 65 rogamina

1431 739 311 96 RE
1535 739 519 96 SOLVTIO.

1288 843 74 63 D
1318 843 207 63 efunctorum
1480 843 148 63 quidem
1583 843 148 63 animas
1687 843 89 63 ad
1731 843 133 63 certa
1820 843 162 63 quaedam
1938 843 177 63 corporea
2056 843 103 63 vten-

1328 907 154 44 pracula,
1444 907 77 44 in
1482 907 128 44 quibus
1572 907 90 44 uel
1624 907 128 44 gloria
1713 907 167 44 fruuntur,
1842 907 90 44 vel
1893 907 128 44 dignis
1970 907 180 44 cruetiantiui

1328 933 139 53 peenis,
1430 933 177 53 destinatas
1569 933 114 53 esse,
1645 933 164 53 inficiari
1771 933 164 53 nequimus,
1897 933 89 53 cum
1948 933 177 53 praesertim
2087 933 76 53 id
2112 933 51 53 ex

1329 979 125 47 sacro
1412 979 208 47 conuincatur
1578 979 180 47 euangelio
1717 979 111 47 Vnde
1786 979 97 47 ins
1842 979 166 47 duntaxat
1966 979 180 47 animabtit
2091 979 69 47 vi-

1332 1018 148 57 uentium
1439 1018 202 57 opitulantur
1601 1018 189 57 suffragia,
1750 1018 121 57 quae,
1831 1018 94 57 dum
1885 1018 81 57 in
1925 1018 121 57 viuis
2006 1018 162 57 agereus,
2114 1018 54 57 va

1324 1050 85 67 ea
1366 1050 114 67 sibi
1437 1050 255 67 impenderentur,
1636 1050 142 67 meruere.

1297 1145 852 57 ARTICVLVSR

1288 1230 179 78 Vtsum
1407 1230 239 78 Animabus
1586 1230 298 78 defunctorum
1825 1230 258 78 conueniam
2004 1230 159 78 aliqua

1535 1288 161 66 corpor
1648 1288 129 66 alia
1728 1288 241 66 habitacula.

1304 1366 127 62 SV
1367 1366 106 62 A
1410 1366 170 62 NTVM
1516 1366 127 62 ad
1579 1366 212 62 primum
1728 1366 212 62 negare
1876 1366 148 62 non
1940 1366 212 62 possumus

1335 1422 182 45 animas
1462 1422 273 45 defunctorum
1680 1422 109 45 ad
1735 1422 182 45 aliqua
1862 1422 145 45 loca
1935 1422 218 45 corporalia

1298 1451 206 53 destinari:
1460 1451 103 53 Nam
1519 1451 118 53 Luc.
1593 1451 103 53 10.
1652 1451 177 53 dicitur,
1785 1451 118 53 quod
1858 1451 162 53 mortuus
1976 1451 103 53 est
2035 1451 147 53 diues,

1291 1494 75 50 &
1321 1494 181 50 sepultus
1457 1494 106 50 est
1517 1494 90 50 in
1562 1494 181 50 inferno.
1698 1494 90 50 Et
1743 1494 151 50 ibidem
1849 1494 181 50 dicitur,
1984 1494 121 50 quod
2045 1494 106 50 Raxa-

1299 1532 111 46 tus
1362 1532 174 46 mortuus
1489 1532 158 46 ductus
1600 1532 111 46 est
1663 1532 95 46 ab
1710 1532 174 46 Angelis
1837 1532 95 46 in
1884 1532 142 46 sinum
1979 1532 174 46 Abraae.
2090 1532 79 46 Pro

1291 1574 260 47 sufficientia
1502 1574 146 47 autem
1600 1574 211 47 hutusmodi
1762 1574 179 47 locorum
1892 1574 114 47 est
1941 1574 211 47 aduertendum

1295 1620 139 46 quod
1381 1620 139 46 post
1468 1620 173 46 mortem
1589 1620 208 46 hominum,
1745 1620 173 46 animae
1867 1620 156 46 eorum
1953 1620 191 46 immediate

1303 1651 231 53 lestinantur,
1490 1651 101 53 vel
1548 1651 86 53 ad
1591 1651 130 53 locum
1677 1651 173 53 gloriae,
1807 1651 101 53 vel
1865 1651 86 53 ad
1908 1651 130 53 locum
1994 1651 159 53 poenae.
2095 1651 58 53 Si

1298 1696 92 41 id
1344 1696 138 41 locum
1435 1696 184 41 gloriae,
1573 1696 107 41 sic
1634 1696 138 41 locus
1726 1696 184 41 animarum
1864 1696 168 41 dicitur
1987 1696 153 41 coelum
2078 1696 77 41 em-

1306 1732 168 45 tireum.
1428 1732 91 45 Et
1473 1732 122 45 iste
1550 1732 137 45 locus
1641 1732 244 45 subdiuiditur
1839 1732 91 45 in
1885 1732 137 45 nouem
1961 1732 183 45 portiones,

1289 1769 204 49 secundum
1442 1769 153 49 nouem
1544 1769 221 49 Angelorum
1714 1769 204 49 ordines,
1867 1769 102 49 in
1918 1769 170 49 quibus
2020 1769 136 49 collo-

1285 1819 165 43 cantur
1400 1819 165 43 animae
1516 1819 215 43 beatorum,
1681 1819 149 43 iuxta
1780 1819 231 43 varietatem
1961 1819 182 43 graduum
2077 1819 83 43 suo

1298 1858 98 42 rum
1354 1858 196 42 meritorum,
1508 1858 84 42 vt
1550 1858 154 42 apparet
1662 1858 84 42 ex
1704 1858 112 42 his,
1773 1858 112 42 quae
1843 1858 112 42 dixi
1913 1858 112 42 lib.
1983 1858 84 42 2.
2025 1858 140 42 distin
2109 1858 42 42 o

1287 1895 143 46 artic
1382 1895 190 46 secundo.
1525 1895 95 46 Si
1573 1895 143 46 autem
1668 1895 95 46 ad
1716 1895 143 46 locum
1811 1895 175 46 poenae,
1938 1895 111 46 hoc
1985 1895 175 46 contingit

1295 1926 214 51 dupliciter:
1466 1926 114 51 quia
1538 1926 100 51 vel
1595 1926 86 51 in
1638 1926 186 51 huiusmodi
1780 1926 129 51 locis
1866 1926 100 51 est
1923 1926 129 51 poena
2009 1926 157 51 sensus,
2123 1926 71 51 &

1299 1968 137 44 peena
1390 1968 137 44 damni
1482 1968 153 44 simul,
1589 1968 107 44 uel
1650 1968 137 44 poena
1741 1968 137 44 damui
1833 1968 168 44 tantum.
1955 1968 92 44 Et
1985 1968 168 44 quaelibet

1293 2013 165 46 istarum
1413 2013 165 46 partium
1534 2013 135 46 adhuc
1624 2013 241 46 subdiuiditur
1819 2013 105 46 per
1879 2013 195 46 teporale,
2030 2013 75 46 &
2045 2013 105 46 aetet

1291 2045 127 53 num.
1371 2045 95 53 Et
1418 2045 191 53 secundum
1561 2045 127 53 hoc,
1641 2045 191 53 quattuor
1784 2045 175 53 possunt
1911 2045 207 53 distingui
2055 2045 95 53 loca

1297 2085 212 52 poenarum
1457 2085 195 52 ipsarum
1580 2085 195 52 animarum.

1299 2111 159 68 Quorum
1410 2111 159 68 primus
1522 2111 111 68 est
1585 2111 191 68 infernus
1728 2111 175 68 proprie
1855 2111 175 68 dictus,
1982 2111 111 68 qui
2030 2111 127 68 essilo

1292 2164 115 51 cus
1357 2164 198 51 perpetuo
1506 2164 247 51 damnatorum,
1704 2164 115 51 qui
1770 2164 115 51 tam
1836 2164 148 51 poena
1935 2164 181 51 sensus,
2050 2164 99 51 quam

1287 2206 139 48 poena
1379 2206 155 48 damni,
1487 2206 185 48 perpetuo
1627 2206 201 48 puniutur.
1781 2206 93 48 Et
1827 2206 93 48 ad
1874 2206 124 48 hunc
1951 2206 139 48 locum
2028 2206 124 48 nullus

1298 2245 194 50 lescendit,
1451 2245 111 50 nisi
1520 2245 97 50 qui
1575 2245 97 50 cum
1631 2245 152 50 mortali
1741 2245 166 50 peccato,
1866 2245 83 50 in
1908 2245 97 50 hac
1963 2245 111 50 vita
2018 2245 139 50 persona-

1299 2284 119 53 iter
1374 2284 194 53 ppetrato,
1523 2284 119 53 sine
1597 2284 119 53 vera
1671 2284 223 53 poenitentia
1850 2284 89 53 ab
1895 2284 104 53 hac
1954 2284 119 53 vita
2014 2284 149 53 decedit.

1294 2323 142 50 Alius
1389 2323 142 50 locus
1484 2323 190 50 poenarum
1626 2323 111 50 est
1689 2323 142 50 locus
1784 2323 237 50 purgatorius
1973 2323 95 50 in
2021 2323 111 50 quo
2068 2323 79 50 si-

1281 2363 111 48 mul
1344 2363 111 48 est
1408 2363 142 48 poena
1502 2363 174 48 sensus,
1629 2363 174 48 &damni,
1755 2363 174 48 vtraque
1882 2363 142 48 tamen
1961 2363 205 48 temporaliss

1286 2399 94 54 Et
1333 2399 94 54 ad
1380 2399 125 54 hunc
1458 2399 141 54 locum
1552 2399 219 54 descendunt
1725 2399 156 54 animae
1834 2399 188 54 illorum,
1975 2399 110 54 qui
2037 2399 94 54 in
2069 2399 78 54 pec

1291 2442 114 46 cato
1362 2442 157 46 veniali
1476 2442 86 46 ab
1519 2442 100 46 hac
1576 2442 114 46 vita
1648 2442 186 46 decedunt,
1790 2442 100 46 vel
1847 2442 100 46 qui
1904 2442 86 46 de
1947 2442 114 46 fuis
2004 2442 143 46 percatis

1294 2480 136 50 etiam
1385 2480 212 50 mortalibus
1551 2480 121 50 vere
1626 2480 196 50 contriti,
1777 2480 106 50 non
1838 2480 136 50 tamen
1913 2480 227 50 satisfecerunt

1304 2518 171 54 Tertius
1429 2518 140 54 locus
1522 2518 109 54 est
1584 2518 155 54 limbus
1693 2518 233 54 paruulorum,
1880 2518 93 54 in
1926 2518 124 54 solo
1989 2518 155 54 origina-

1277 2550 94 56 li
1324 2550 172 56 peccato
1449 2550 250 56 decedentium,
1653 2550 156 56 quibus
1762 2550 141 56 nulla
1856 2550 141 56 poena
1950 2550 156 56 sensus
2044 2550 109 56 debe-

1284 2599 127 43 tur;
1363 2599 111 43 eo,
1427 2599 127 43 quod
1506 2599 158 43 nullum
1617 2599 238 43 commiserunt
1807 2599 190 43 peccatum
1950 2599 190 43 actuale;
2077 2599 63 43 do

1288 2634 139 50 betur
1380 2634 139 50 tamen
1472 2634 108 50 eis
1534 2634 185 50 perpetua
1673 2634 139 50 poena
1765 2634 154 50 damni,
1873 2634 123 50 quae
1950 2634 108 50 est
1996 2634 154 50 carentia

1291 2677 155 52 diuinae
1404 2677 183 52 visionis,
1545 2677 71 52 &
1573 2677 141 52 beatae
1672 2677 212 52 fruitionis,
1841 2677 99 52 eo,
1897 2677 113 52 quod
1968 2677 169 52 perpetuo
2081 2677 71 52 pec

1284 2712 147 45 cato
1375 2712 238 45 originali
1559 2712 202 45 maneant
1687 2712 202 45 maculati.

1303 2761 184 48 Quartus
1437 2761 150 48 locus
1537 2761 184 48 dicitur
1671 2761 167 48 limbus
1788 2761 184 48 patrum,
1922 2761 100 48 ad
1972 2761 134 48 quem
2039 2761 100 48 loci

1283 2789 161 52 sancti
1395 2789 161 52 patres
1508 2789 273 52 descenderunt,
1733 2789 193 52 antequam
1878 2789 193 52 Christus
2006 2789 145 52 virtute

1290 2832 118 47 suae
1364 2832 191 47 passionis
1511 2832 147 47 ianuam
1614 2832 132 47 regni
1702 2832 191 47 coelestis
1849 2832 176 47 apernit:
1981 2832 88 47 in
2025 2832 103 47 quo
2069 2832 74 47 lo-

1288 2879 102 38 to
1339 2879 136 38 erat
1424 2879 154 38 poena
1527 2879 188 38 tantum,
1663 2879 85 38 &
1697 2879 154 38 eadem
1800 2879 256 38 temporalis;
2005 2879 136 38 quia
2073 2879 68 38 ad

1288 2913 132 57 hunc
1371 2913 149 57 locum
1470 2913 198 57 Christus
1619 2913 132 57 post
1702 2913 215 57 passionem
1867 2913 132 57 suam
1950 2913 231 57 descendit,

1286 2954 75 47 &
1316 2954 164 47 fanctos
1435 2954 149 47 patres
1540 2954 104 47 cum
1599 2954 164 47 ceteris
1719 2954 194 47 fidelibus
1868 2954 149 47 ibidem
1957 2954 179 47 existenti,

1284 2989 107 49 bus
1345 2989 122 49 inde
1421 2989 214 49 liberauit.
1590 2989 107 49 Hic
1651 2989 138 49 locus
1743 2989 122 49 alio
1820 2989 153 49 nomine
1927 2989 168 49 dicitur
2034 2989 107 49 sinus

1289 3029 190 46 Abraheae;
1436 3029 117 46 quia
1509 3029 161 46 Abrhaam
1626 3029 161 46 dicitur
1743 3029 132 46 pater
1831 3029 146 46 fidei,
1933 3029 102 46 eo,
1992 3029 117 46 quod
2050 3029 88 46 ipsa

1300 3068 151 55 rimus
1401 3068 134 55 vnum
1485 3068 151 55 verum
1585 3068 134 55 Deum
1669 3068 218 55 adorauit,
1837 3068 84 55 &
1871 3068 151 55 ipsum
1954 3068 185 55 adorandum

1293 3107 195 66 signaculo
1443 3107 271 66 circumcisionis
1669 3107 195 66 assumpto,
1819 3107 165 66 omnibus
1940 3107 120 66 suis
2000 3107 150 66 posteris
