2378 3542
224 264 137 77 quod
310 264 206 77 secundum
464 264 206 77 ordinem,
619 264 137 77 quem
704 264 137 77 tunc
790 264 137 77 Deus
876 264 240 77 instituet,

225 331 163 43 corpus
339 331 179 43 hominis
469 331 114 43 non
534 331 130 43 erit
616 331 212 43 subiectum
779 331 212 43 aliquibus
925 331 163 43 secundis

211 369 159 50 causis
323 369 255 50 corruptiuis,
530 369 80 50 &
562 369 144 50 anima
658 369 144 50 beata
753 369 303 50 inseparabiliter
992 369 96 50 cor-

219 407 102 44 pus
278 407 131 44 illud
365 407 204 44 perficiet,
526 407 73 44 &
555 407 160 44 virtute
672 407 73 44 a
701 407 102 44 Deo
759 407 117 44 sibi
832 407 160 44 tradita
934 407 146 44 conserua

222 447 131 58 bit,
303 447 98 58 ne
352 447 163 58 vmquam
467 447 98 58 ab
516 447 163 58 aliquo
630 447 245 58 intrinsecus
826 447 114 58 vel
876 447 213 58 extrinsecus

210 484 239 49 corrumpatur.

268 510 105 66 Ad
321 510 280 66 probationem,
549 510 140 66 nego
636 510 175 66 iterum
759 510 210 66 minorem,
917 510 123 66 nec
969 510 123 66 valet

220 560 101 57 abi
277 560 144 57 dictum
378 560 201 57 Porphyrii:
536 560 115 57 quia
608 560 72 57 a
636 560 129 57 Dijs,
723 560 101 57 hoc
780 560 115 57 est,
852 560 86 57 ab
895 560 158 57 angelis
996 560 86 57 suf-

228 607 190 43 ficienter
374 607 233 43 distinguimur
564 607 102 43 per
622 607 117 43 hoc,
695 607 117 43 quod
768 607 117 43 ipsi
841 607 117 43 sunt
899 607 190 43 intellectua

222 640 102 63 lis
281 640 175 63 naturae;
412 640 102 63 nos
470 640 117 63 vero
543 640 131 63 sumus
630 640 204 63 rationalis
791 640 175 63 naturae:
922 640 73 63 &
951 640 117 63 ipsi
1009 640 73 63 in-

226 678 174 61 telligut
356 678 116 61 sine
429 678 189 61 discursu,
574 678 102 61 nos
632 678 116 61 vero
704 678 102 61 cum
762 678 189 61 discursu,
907 678 87 61 ex
951 678 102 61 qua
994 678 87 61 ope-

216 725 167 49 ratione
337 725 197 49 distincta
489 725 243 49 sufficienter
686 725 182 49 arguitur
823 725 152 49 nostra
929 725 152 49 natura
1020 725 61 49 ab

225 760 197 48 angelorum
377 760 152 48 natura
483 760 197 48 specifice
635 760 122 48 fore
696 760 182 48 distincta.

268 801 103 40 Ad
319 801 189 40 quintum
457 801 206 40 dicendum
612 801 138 40 quod
698 801 189 40 quamuis
835 801 155 40 maior
938 801 120 40 sit
990 801 86 40 ve-

216 841 105 42 ra,
276 841 165 42 manente
396 841 150 42 ordine
501 841 165 42 actiui,
621 841 75 42 &
651 841 165 42 passiui
770 841 135 42 inter
860 841 195 42 huiusmodi
995 841 90 42 con-

230 879 165 44 traria:
350 879 135 44 tamen
440 879 165 44 virtute
560 879 150 44 diuina
665 879 165 44 mutato,
784 879 105 44 vel
844 879 180 44 suspenso
964 879 120 44 huius-

227 918 128 41 modi
307 918 176 41 ordine,
435 918 112 41 tuc
499 918 144 41 maior
595 918 112 41 non
660 918 112 41 est
724 918 144 41 vera.
820 918 128 41 Dato
900 918 144 41 enim,
980 918 96 41 quod

220 955 119 56 Deus
295 955 179 56 tolleret
428 955 104 56 vel
488 955 223 56 suspenderet
666 955 164 56 ordinem
785 955 164 56 actiui,
904 955 74 56 &
934 955 179 56 passiui,

212 1003 143 43 qui,
301 1003 214 43 secundum
462 1003 214 43 communem
622 1003 196 43 cursum,
764 1003 143 43 quem
853 1003 214 43 videmus,
996 1003 89 43 est

227 1034 113 50 pro
291 1034 129 50 nunc
372 1034 145 50 inter
469 1034 161 50 ignem,
582 1034 81 50 &
614 1034 242 50 aquam;licet
808 1034 145 50 mutuo
905 1034 97 50 se
937 1034 145 50 contin-

220 1078 172 45 gerent,
346 1078 141 45 tamen
440 1078 157 45 nullum
549 1078 172 45 istorum
675 1078 157 45 ageret
784 1078 94 45 in
831 1078 188 45 alterum,
972 1078 110 45 nec
1019 1078 63 45 ab

223 1120 144 47 altero
324 1120 202 47 pateretur.
482 1120 87 47 Et
525 1120 130 47 quia,
612 1120 87 47 vt
655 1120 202 47 praedictum
814 1120 115 47 est,
886 1120 159 47 virtute
987 1120 101 47 diui-

226 1155 95 50 na
274 1155 190 50 tolletur
416 1155 206 50 huiusmodi
575 1155 127 50 ordo
654 1155 143 50 inter
749 1155 190 50 calidum,
892 1155 79 50 &
908 1155 174 50 frigidum;

224 1193 198 47 humidum,
373 1193 83 47 &
406 1193 182 47 siccum,
538 1193 132 47 quae
621 1193 99 47 ad
670 1193 281 47 compositionem
885 1193 198 47 concurrunt

218 1240 204 49 corporum
371 1240 221 49 beatorum:
541 1240 136 49 ideo
626 1240 136 49 vnum
710 1240 187 49 istorum
846 1240 119 49 non
914 1240 136 49 aget
999 1240 102 49 in
1033 1240 68 49 al

221 1267 153 56 terum,
328 1267 107 56 nec
389 1267 92 56 ab
435 1267 153 56 altero
527 1267 169 56 patietur.

272 1313 98 50 Ad
321 1313 163 50 sextum
435 1313 212 50 dicendum,
598 1313 131 50 quod
680 1313 147 50 maior
778 1313 114 50 non
843 1313 114 50 est
908 1313 147 50 vera,
990 1313 98 50 nisi

222 1354 159 42 talia
328 1354 159 42 entia
434 1354 212 42 materiam
593 1354 212 42 communem
751 1354 212 42 habentia
910 1354 159 42 etiam
998 1354 88 42 ha-

217 1388 139 51 beant
309 1388 170 51 ordinem
433 1388 170 51 actiui,
557 1388 77 51 &
588 1388 170 51 passiui
712 1388 93 51 ad
758 1388 93 51 se
804 1388 186 51 inuicem,
928 1388 155 51 qualiter

215 1433 108 44 non
276 1433 124 44 erit
354 1433 93 44 in
400 1433 216 44 proposito:
570 1433 124 44 quia
647 1433 185 44 loquendo
786 1433 93 44 de
832 1433 170 44 actione
941 1433 154 44 laesiua,

228 1471 80 52 &
260 1471 241 52 corruptiua,
453 1471 129 52 tunc
533 1471 113 52 nec
598 1471 193 52 elementa
742 1471 161 52 habent
855 1471 193 52 virtutem
984 1471 96 52 age-

218 1509 97 50 di
266 1509 97 50 in
315 1509 177 50 corpora
443 1509 209 50 beatorum,
604 1509 113 50 nec
653 1509 177 50 econuerso

247 1542 101 55 Ad
298 1542 202 55 septimum
449 1542 219 55 dicendum,
617 1542 135 55 quod
701 1542 151 55 licet
802 1542 151 55 illud
903 1542 168 55 dictum
1004 1542 84 55 ore

231 1590 138 49 gorii
323 1590 108 49 sit
384 1590 138 49 verum
476 1590 200 49 supposito
630 1590 154 49 ordine
738 1590 200 49 naturali,
891 1590 123 49 quem
968 1590 108 49 pro
1014 1590 77 49 nuc

225 1628 172 44 videmus
351 1628 94 44 in
398 1628 141 44 istis
492 1628 141 44 rebus
586 1628 251 44 inferioribus
789 1628 172 44 sublato
915 1628 141 44 tamen
993 1628 94 44 illo

227 1667 175 40 ordine,
354 1667 111 40 non
418 1667 111 40 est
482 1667 159 40 verum:
593 1667 111 40 Sed
657 1667 191 40 respectu
800 1667 191 40 gloriosi
928 1667 159 40 corporis

223 1704 171 45 Christi
348 1704 124 45 iste
426 1704 124 45 ordo
503 1704 124 45 fuit
581 1704 171 45 mutatus
705 1704 109 45 per
768 1704 202 45 mirabilem
923 1704 109 45 Dei
970 1704 124 45 virtu-

223 1744 128 54 tem:
303 1744 176 54 Propter
431 1744 128 54 quod
511 1744 208 54 immediate
671 1744 128 54 post
751 1744 144 54 verba
847 1744 208 54 praedicta
991 1744 96 54 sub-

224 1781 111 53 dit
288 1781 223 53 Oregorius,
463 1781 111 53 Sed
526 1781 127 53 miro
606 1781 143 53 modo,
701 1781 95 53 ac
749 1781 270 53 inaestimabili
956 1781 127 53 redem-

234 1823 121 50 ptor
309 1823 166 50 noster,
430 1823 76 50 &
461 1823 272 50 incorruptibile
687 1823 121 50 post
763 1823 287 50 resurrectionem,
1004 1823 76 50 &
1019 1823 76 50 pal

239 1860 147 54 abile
337 1860 164 54 corpus
435 1860 164 54 exhibuit

269 1901 211 56 Conclusio
431 1901 179 56 secunda
562 1901 130 56 est,
643 1901 130 56 quod
724 1901 179 56 secundo
854 1901 146 56 modo,
936 1901 146 56 loquen-

237 1941 91 49 lo
282 1941 91 49 de
328 1941 304 49 impassibilitate,
586 1941 182 49 scilicet
723 1941 197 49 inquantum
874 1941 197 49 opponitur
1011 1941 76 49 pal

232 1981 140 50 sioni,
330 1981 112 50 quae
400 1981 98 50 est
456 1981 140 50 salus,
554 1981 70 50 &
582 1981 196 50 perfectio,
737 1981 98 50 qua
793 1981 168 50 passione
919 1981 168 50 patiens,
1031 1981 70 50 nec

235 2019 224 53 corrumpitur,
417 2019 98 53 nec
473 2019 168 53 leditur,
599 2019 98 53 sed
655 2019 210 53 perficitur,
824 2019 98 53 sic
866 2019 224 53 impassibilitas

220 2061 122 44 non
289 2061 192 44 spectat
429 2061 105 44 ad
481 2061 157 44 dotem
586 2061 209 44 corporum
725 2061 192 44 beatorum.

320 2100 119 50 Quia
394 2100 193 50 potentiae
543 2100 208 50 sensitiuae
706 2100 89 50 in
750 2100 148 50 beatis
854 2100 104 50 non
913 2100 133 50 erunt
987 2100 104 50 ocio-

226 2141 122 48 sae:
302 2141 107 48 sed
363 2141 214 48 quandoque,
531 2141 107 48 vel
593 2141 153 48 semper
700 2141 122 48 suis
776 2141 168 48 actibus
898 2141 138 48 erunt
975 2141 122 48 coniun

225 2178 121 53 cte.
301 2178 106 53 Cum
361 2178 152 53 igitur
468 2178 167 53 sentire
589 2178 106 53 sit
650 2178 167 53 quoddam
771 2178 137 53 pati,
862 2178 91 53 vt
908 2178 182 53 apparet.
1029 2178 61 53 2.

236 2215 94 51 de
283 2215 157 51 anima:
394 2215 126 51 ergo
456 2215 79 51 &c.

241 2232 78 71 2
273 2232 219 71 Praeterea,
445 2232 125 71 ipsi
523 2232 141 71 beati
617 2232 141 71 oculo
711 2232 203 71 corporali
867 2232 188 71 videbunt
992 2232 94 71 cor-

245 2294 88 47 us
289 2294 175 47 Christi,
421 2294 73 47 &
450 2294 161 47 corpora
567 2294 102 47 sua
625 2294 146 47 mutuo,
727 2294 88 47 ac
771 2294 131 47 alias
858 2294 102 47 res
902 2294 190 47 sensibiles,

231 2346 118 41 pro
299 2346 101 41 vt
349 2346 185 41 faciunt
484 2346 101 41 ad
534 2346 152 41 eorum
635 2346 303 41 delectationem,
888 2346 168 41 semoto
989 2346 101 41 omni

234 2382 107 44 eo,
295 2382 107 44 quo
355 2382 198 44 huiusmodi
508 2382 107 44 res
569 2382 167 44 possent
690 2382 167 44 inferre
812 2382 167 44 aliquam
918 2382 183 44 laesionem:

239 2425 158 40 igitur
350 2425 206 40 praedicto
508 2425 127 40 modo
587 2425 111 40 non
651 2425 158 40 habent
762 2425 332 40 impassibilitatem.
1031 2425 63 40 An

235 2456 186 44 tecedens
374 2456 139 44 patet
467 2456 93 44 ex
513 2456 155 44 multis
621 2456 201 44 sanctorum
776 2456 294 44 auctoritatibus.
1008 2456 93 44 Con-

245 2490 209 49 sequentia
405 2490 144 49 etiam
502 2490 160 49 patet:
614 2490 128 49 quia
694 2490 289 49 impassibilitas
935 2490 144 49 modo,
1015 2490 80 49 quo

242 2530 207 39 accipitur
401 2530 96 39 in
449 2530 128 39 ista
529 2530 175 39 secunda
657 2530 255 39 conclusione,
864 2530 191 39 excludit
991 2530 112 39 omnem

235 2571 256 57 delectabilem
443 2571 208 57 passionem
603 2571 96 57 ab
651 2571 112 57 eo,
716 2571 128 57 quod
796 2571 240 57 impassibile
988 2571 144 57 dici

237 2607 109 65 tur
300 2607 202 65 huiusmodi
439 2607 280 65 impassibilitate.

337 2689 555 65 ARTICVLVS
722 2689 256 65 IIIS

409 2775 89 80 De
454 2775 178 80 corporis
587 2775 223 80 glorificati
751 2775 178 80 agilitate.

260 2858 199 70 VANTVM
399 2858 119 70 ad
459 2858 219 70 tertium
618 2858 279 70 articulum,
837 2858 159 70 pono
917 2858 179 70 duplici

331 2922 258 51 conclusionem.

277 2955 136 66 Prima
368 2955 121 66 est,
443 2955 121 66 quod
519 2955 166 66 corpora
640 2955 227 66 glorificata
821 2955 136 66 erunt
912 2955 181 66 perfecta
1033 2955 60 66 di

244 2999 81 55 te
272 2999 162 55 agilitatis

315 3046 124 49 Quia
393 3046 124 49 illa
471 3046 187 49 corpora,
611 3046 124 49 quae
689 3046 109 49 ron
751 3046 140 49 solum
844 3046 140 49 super
938 3046 171 49 terram,
1047 3046 62 49 ve

230 3076 118 55 rum
297 3076 151 55 etiam
398 3076 101 55 in
449 3076 135 55 aere
533 3076 252 55 velocissime
735 3076 185 55 possunt
869 3076 168 55 moueri
987 3076 101 55 ad
1021 3076 84 55 om-

232 3116 113 60 nem
296 3116 258 60 differentiam
506 3116 209 60 positonis
667 3116 161 60 motore
780 3116 193 60 proprio,
925 3116 81 60 &
941 3116 161 60 intrinse

1112 273 109 73 co,
1175 273 124 73 illa
1252 273 124 73 sunt
1330 273 171 73 agilia:
1454 273 109 73 Sed
1516 273 171 73 corpora
1640 273 202 73 beatorum,
1796 273 109 73 seu
1842 273 140 73 corpora

1113 335 238 43 glorificata,
1307 335 119 43 sunt
1381 335 209 43 huiusmodi:
1545 335 119 43 ergo
1619 335 89 43 &c
1664 335 134 43 Maior
1754 335 149 43 patet.
1858 335 89 43 Et
1888 335 74 43 mi-

1116 373 109 60 nor
1179 373 140 60 satis
1272 373 171 60 habetur
1396 373 109 60 per
1458 373 171 60 glosam,
1582 373 78 60 &
1613 373 233 60 expositores
1800 373 140 60 super
1877 373 109 60 illo,

1125 412 138 56 erbo,
1217 412 199 56 Fulgebunt
1370 412 153 56 iusti,
1477 412 77 56 &
1508 412 168 56 tamquam
1630 412 214 56 scintillae
1799 412 92 56 in
1829 412 138 56 arundi-

1122 441 112 59 eto
1170 441 191 59 discurrent

1124 472 79 62 2
1156 472 220 62 Praeterea,
1329 472 94 62 si
1376 472 173 62 aliquis
1501 472 126 62 homo
1580 472 157 62 posset
1690 472 157 62 volare
1800 472 110 62 per
1863 472 141 62 aerem

1106 530 157 40 absque
1216 530 126 40 hoc,
1295 530 126 40 quod
1373 530 236 40 lassaretur;
1562 530 79 40 &
1593 530 236 40 velocissime
1782 530 157 40 moueri
1876 530 94 40 sine

1120 575 144 47 abore,
1220 575 115 47 ille
1292 575 144 47 vtique
1393 575 187 47 diceretur
1536 575 187 47 praeditus
1680 575 115 47 mira
1752 575 201 47 agilitate:
1895 575 72 47 Sed

1130 609 168 45 uilibet
1252 609 153 45 beatus
1359 609 184 45 resumpto
1497 609 107 45 suo
1559 609 184 45 corpore,
1696 609 107 45 hoc
1758 609 168 45 potest,
1880 609 92 45 vt
1911 609 61 45 pa

1123 648 105 40 tet
1183 648 90 40 in
1228 648 119 40 lsa,
1302 648 105 40 vbi
1362 648 179 40 dicitur,
1496 648 105 40 Qui
1556 648 164 40 sperant
1675 648 90 40 in
1720 648 164 40 domino,
1825 648 164 40 mutabunti

1107 688 258 53 fortitudinem,
1320 688 182 53 assument
1456 688 167 53 pennas,
1578 688 137 53 sicut
1669 688 182 53 aquilae,
1806 688 182 53 current,
1927 688 46 53 &

1116 726 113 43 non
1180 726 242 43 laborabunt,
1374 726 242 43 ambulabunt,
1567 726 81 43 &
1599 726 129 43 non
1664 726 177 43 deficient

1197 760 213 60 Praeterea,
1364 760 122 60 nisi
1440 760 182 60 beatorum
1577 760 167 60 corpora
1698 760 137 60 valde
1790 760 152 60 essent
1881 760 91 60 agi-

1113 793 124 64 lia,
1190 793 124 64 tunc
1268 793 202 64 nequaquam
1423 793 109 64 cum
1485 793 124 64 suis
1562 793 217 64 corporibus
1733 793 171 64 possent
1857 793 93 64 ad
1888 793 78 64 con

1122 843 109 54 lum
1184 843 217 54 ascendere,
1354 843 124 54 quod
1432 843 140 54 tamen
1525 843 186 54 facient,
1664 843 93 54 vt
1711 843 124 54 fide
1788 843 186 54 tenemus,
1912 843 62 54 im

1122 887 167 44 mediate
1243 887 167 44 peracto
1365 887 167 44 extremo
1486 887 182 44 iudicio:
1623 887 121 44 quia
1699 887 167 44 aequali
1805 887 167 44 velocita-

1109 921 104 54 te,
1169 921 134 54 sicut
1258 921 149 54 angeli
1363 921 119 54 Dei,
1437 921 194 54 ascendent
1586 921 104 54 cum
1646 921 119 54 ipso
1720 921 164 54 iudice,
1825 921 149 54 scilicet

1116 958 166 57 domino
1232 958 133 57 Tesu
1299 958 149 57 Christo

1164 1000 148 56 corte
1262 1000 198 56 dicetur,
1410 1000 132 56 quod
1493 1000 181 56 corpora
1624 1000 198 56 beatorum
1773 1000 115 56 non
1822 1000 148 56 possunt

1115 1048 177 45 moueri:
1244 1048 129 45 ergo
1324 1048 113 45 non
1388 1048 161 45 habent
1501 1048 145 45 dotem
1597 1048 241 45 agilitatis.
1774 1048 193 45 Consequen-

1124 1075 97 57 tia
1180 1075 139 57 patet:
1277 1075 111 57 quia
1346 1075 125 57 illa,
1430 1075 111 57 quae
1499 1075 111 57 sunt
1568 1075 153 57 agilia,
1679 1075 97 57 non
1735 1075 125 57 solum
1818 1075 153 57 possunt
1915 1075 56 57 mo

1113 1117 142 59 ueri:
1208 1117 222 59 verumetiam
1382 1117 95 59 de
1430 1117 158 59 facili
1541 1117 190 59 mouentur
1683 1117 95 59 ad
1731 1117 142 59 omnem
1810 1117 158 59 differen

1124 1167 128 45 tiam
1204 1167 208 45 positonis
1364 1167 224 45 Antecedens
1539 1167 192 45 probatur
1667 1167 256 45 multipliciter.

1186 1187 163 62 Primo,
1300 1187 131 62 quia
1381 1187 147 62 omnis
1479 1187 147 62 motus
1577 1187 114 62 est
1642 1187 179 62 propter
1773 1187 179 62 aliquam
1887 1187 98 62 indi

1123 1241 192 48 gentiam:
1267 1241 112 48 Sed
1331 1241 160 48 quando
1443 1241 144 48 beati
1539 1241 112 48 cum
1602 1241 128 48 suis
1682 1241 224 48 corporibus
1858 1241 128 48 erut
1922 1241 64 48 in

1125 1278 141 52 celo,
1220 1278 126 52 tunc
1298 1278 157 52 nullam
1408 1278 173 52 penitus
1534 1278 189 52 habebunt
1675 1278 251 52 indigentiam.

1128 1324 84 44 2
1162 1324 203 44 Secundo:
1314 1324 135 44 quia
1398 1324 101 44 si
1449 1324 253 44 mouerentur,
1652 1324 135 44 tunc
1736 1324 220 44 violenter
1889 1324 84 44 mo-

1120 1361 197 48 uerentur.
1271 1361 182 48 Falsitas
1408 1361 242 48 consequentis
1604 1361 151 48 patet,
1710 1361 121 48 quia
1786 1361 121 48 vera
1847 1361 136 48 beatitu

1115 1396 102 45 do
1166 1396 119 45 non
1234 1396 239 45 compatitur
1422 1396 188 45 aliquam
1559 1396 256 45 violentiam.
1763 1396 154 45 Patet
1866 1396 154 45 etiam

1110 1430 286 52 consequentia:
1346 1430 135 52 quia
1430 1430 135 52 quod
1514 1430 219 52 remouetur
1683 1430 84 52 a
1717 1430 135 52 loco
1801 1430 135 52 Sibi
1868 1430 118 52 summe

1111 1473 245 43 coueniente,
1307 1473 115 43 hoc
1372 1473 213 43 violenter
1536 1473 196 43 mouetur:
1683 1473 115 43 Sed
1749 1473 164 43 quando
1847 1473 131 43 corpo-

1125 1507 88 60 ta
1169 1507 177 60 beatorum
1302 1507 118 60 sunt
1376 1507 88 60 in
1420 1507 118 60 loco
1493 1507 191 60 coelesti,
1640 1507 118 60 tunc
1714 1507 118 60 sunt
1788 1507 88 60 in
1832 1507 118 60 loco
1891 1507 88 60 Sibi

1111 1552 146 59 summe
1208 1552 358 59 conueniente:igitur
1517 1552 98 59 Si
1566 1552 130 59 inde
1648 1552 212 59 mouentur,
1810 1552 130 59 tunc
1875 1552 98 59 vio-

1121 1589 169 48 lenter
1223 1589 220 48 mouebuntur,

1166 1615 165 69 Tertio,
1286 1615 120 69 quia
1361 1615 135 69 omnis
1452 1615 135 69 motus
1542 1615 105 69 est
1602 1615 135 69 actus
1692 1615 135 69 entis
1783 1615 90 69 in
1813 1615 150 69 potentia

1120 1668 73 58 &
1150 1668 102 58 per
1208 1668 219 58 consequens,
1383 1668 131 58 entis
1471 1668 219 58 imperfecti,
1646 1668 88 58 vt
1690 1668 131 58 patet
1778 1668 88 58 2.
1821 1668 131 58 phys.
1909 1668 102 58 Sed

1127 1711 172 38 corpora
1253 1711 188 38 beatorum
1393 1711 125 38 sunt
1472 1711 141 38 entia
1566 1711 203 38 perfecta:
1722 1711 125 38 ergo
1785 1711 78 38 &c.

1175 1729 176 70 Quarto,
1303 1729 128 70 quia
1383 1729 144 70 motus
1480 1729 112 70 non
1544 1729 112 70 est
1608 1729 128 70 sine
1688 1729 192 70 tempore:
1833 1729 112 70 sed
1881 1729 96 70 tunc

1118 1793 113 54 non
1182 1793 129 54 erit
1263 1793 177 54 tempus,
1391 1793 129 54 quia
1472 1793 177 54 iurauit
1600 1793 177 54 angelus
1729 1793 113 54 per
1793 1793 193 54 viuentem
1922 1793 64 54 in

1128 1823 157 53 aecula
1238 1823 219 53 seculorum:
1410 1823 125 53 quia
1489 1823 157 53 tempus
1599 1823 110 53 non
1661 1823 125 53 erit
1724 1823 141 53 amplius

1161 1852 192 62 Quinto,
1300 1852 139 62 quia
1387 1852 157 62 beati
1491 1852 209 62 secundum
1648 1852 261 62 determinata
1840 1852 139 62 merita

1115 1902 146 49 erunt
1212 1902 98 49 in
1261 1902 244 49 determinata
1456 1902 293 49 approximatione
1700 1902 98 49 ad
1749 1902 211 49 Christum:
1895 1902 81 49 er-

1117 1940 95 51 go
1165 1940 142 51 illi,
1259 1940 110 51 qui
1322 1940 142 51 erunt
1417 1940 284 51 propinquiores,
1653 1940 110 51 non
1716 1940 221 51 mouebuntur
1889 1940 95 51 ad
1921 1940 63 51 lo

1125 1981 94 59 ca
1172 1981 219 59 remotiora;
1344 1981 109 59 nec
1407 1981 141 59 isli,
1500 1981 109 59 qui
1563 1981 141 59 erunt
1657 1981 234 59 remotiores,
1829 1981 156 59 mouebun-

1131 2016 111 56 tur
1194 2016 95 56 ad
1242 2016 126 56 loca
1305 2016 237 56 propinquiora.

1157 2060 222 39 Dicendum,
1328 2060 137 39 quod
1413 2060 154 39 istud
1516 2060 239 39 antecedens
1704 2060 120 39 non
1772 2060 120 39 est
1823 2060 120 39 verum

1152 2098 109 38 Ad
1206 2098 181 38 primam
1333 2098 272 38 probationem
1551 2098 236 38 dicendum,
1732 2098 145 38 quod
1823 2098 163 38 licet
1913 2098 91 38 mo-

1130 2133 109 56 tus
1193 2133 203 56 naturalis
1349 2133 109 56 sit
1411 2133 172 56 propter
1536 2133 249 56 indigentiam,
1739 2133 140 56 tamen
1832 2133 140 56 motus
1910 2133 78 56 vo-

1128 2180 195 47 untarius
1274 2180 146 47 saepe
1372 2180 211 47 contingit
1534 2180 179 47 propter
1664 2180 195 47 arbitrit
1794 2180 195 47 libertatem

1132 2214 180 49 praeter
1262 2214 262 49 indigentiam:
1475 2214 114 49 Sed
1540 2214 147 49 motus
1639 2214 196 49 beatorum
1786 2214 114 49 non
1851 2214 114 49 est
1900 2214 82 49 por

1127 2255 213 48 naturalem
1290 2255 278 48 necessitatem,
1519 2255 114 48 sed
1585 2255 114 48 est
1650 2255 114 48 per
1715 2255 245 48 voluntariam
1895 2255 82 48 li

1104 2295 200 54 bertatem.

1164 2335 102 46 Ad
1215 2335 221 46 secundum,
1385 2335 136 46 nego
1469 2335 305 46 consequentiam.

1168 2371 104 56 Ad
1220 2371 261 56 probationem
1428 2371 226 56 dicendum,
1602 2371 139 56 quod
1689 2371 104 56 eo
1741 2371 156 56 ipso,
1845 2371 139 56 quod
1915 2371 69 56 mo

1130 2419 140 41 uetur
1224 2419 78 41 a
1255 2419 155 41 motore
1364 2419 233 41 intrinseco,
1550 2419 109 41 qui
1612 2419 171 41 confert
1736 2419 109 41 vim
1799 2419 124 41 ipsi
1861 2419 124 41 corpo-

1121 2460 108 42 ri
1175 2460 162 42 moto:
1283 2460 144 42 ideo
1373 2460 162 42 nullo
1481 2460 144 42 modo
1571 2460 198 42 mouetur
1715 2460 252 42 violenter:
1895 2460 90 42 Mo-

1134 2490 145 49 netur
1230 2490 129 49 enim
1311 2490 161 49 libere
1423 2490 80 49 a
1455 2490 129 49 tali
1536 2490 177 49 motore,
1664 2490 113 49 qui
1729 2490 96 49 ad
1777 2490 161 49 eundem
1873 2490 113 49 locum

1134 2536 168 37 potest
1252 2536 218 37 huiusmodi
1419 2536 168 37 corpus
1537 2536 218 37 reducere,
1705 2536 268 37 quandocunque
1906 2536 84 37 si-

1139 2568 80 55 vi
1165 2568 121 55 placet.

1172 2601 100 58 Ad
1222 2601 184 58 tertium
1356 2601 217 58 dicendum,
1523 2601 134 58 quod
1607 2601 151 58 licet
1707 2601 151 58 motus
1808 2601 100 58 ad
1841 2601 134 58 formam

1118 2649 103 46 sit
1177 2649 133 46 entis
1266 2649 222 46 imperfecti,
1443 2649 74 46 &
1473 2649 222 46 perficiendi
1650 2649 103 46 per
1709 2649 192 46 terminum,
1857 2649 103 46 qui
1901 2649 74 46 ac-

1125 2696 192 36 quiritur
1269 2696 112 36 per
1333 2696 160 36 motum,
1445 2696 144 36 tamen
1541 2696 144 36 motus
1636 2696 96 36 ad
1684 2696 112 36 vbi
1748 2696 160 36 potest
1860 2696 128 36 esse
1924 2696 64 36 en

1127 2721 98 43 tis
1183 2721 182 43 perfecti:
1323 2721 126 43 sicut
1407 2721 154 43 apparet
1519 2721 84 43 de
1562 2721 140 43 caelo,
1660 2721 70 43 &
1688 2721 84 43 de
1730 2721 210 43 substantiis
1884 2721 98 43 sepa-

1131 2766 161 50 ratis,
1244 2766 129 50 quae
1324 2766 193 50 mouentur
1469 2766 129 50 motu
1550 2766 177 50 locali,
1679 2766 177 50 quamuis
1808 2766 129 50 sint
1872 2766 113 50 entia

1133 2806 195 56 perfecta
1279 2806 98 56 ea
1328 2806 114 56 suo
1393 2806 130 56 motu
1474 2806 163 56 nullam
1588 2806 244 56 intrinsecam
1767 2806 228 56 perfectionem

1117 2844 211 47 acquirentia.

1171 2869 83 72 Ad
1213 2869 166 72 quartum,
1337 2869 125 72 patet
1420 2869 83 72 ex
1462 2869 111 72 his,
1531 2869 111 72 quae
1600 2869 111 72 dixi
1670 2869 125 72 dist.
1753 2869 97 72 48.
1808 2869 138 72 artic.
1905 2869 83 72 4.
1933 2869 55 72 in

1134 2919 193 60 polutione
1282 2919 148 60 primae
1371 2919 178 60 instantiae

1163 2938 103 70 Ad
1214 2938 190 70 quintum
1352 2938 224 70 dicendum,
1525 2938 138 70 quod
1611 2938 172 70 beatus
1731 2938 172 70 moueri
1852 2938 103 70 ad
1904 2938 121 70 lo

1138 2996 98 56 ta
1187 2996 213 56 remotiora
1350 2996 164 56 potest
1465 2996 229 56 dupliciter
1645 2996 229 56 intelligi.
1824 2996 114 56 Vno
1874 2996 114 56 modo,

1133 3036 116 53 cum,
1205 3036 203 53 priuatione
1365 3036 160 53 prioris
1481 3036 131 53 loci:
1568 3036 116 53 ita,
1640 3036 116 53 quod
1713 3036 102 53 non
1771 3036 145 53 liceat
1872 3036 102 53 eis
1916 3036 73 53 re-

1134 3072 150 53 uerti
1234 3072 100 53 ad
1284 3072 167 53 locum,
1401 3072 100 53 de
1451 3072 117 53 quo
1518 3072 267 53 recesserunt.
1734 3072 133 53 Alio
1818 3072 150 53 modo,
1901 3072 100 53 Sine

1129 3113 218 54 huiusmodi
1297 3113 301 54 priuationeata,
1548 3113 134 54 quod
1632 3113 167 54 libere
1749 3113 201 54 possunt,
1883 3113 117 54 quan
