2414 3526
417 245 211 58 chematice
579 245 227 58 apprehendi
757 245 113 58 vna
822 245 162 58 linea,
935 245 146 58 nulla
1033 245 227 58 apprehensa
1195 245 97 58 sub-

424 293 180 55 stantia:
559 293 105 55 Nam
619 293 90 55 ad
665 293 195 55 conceptum
815 293 135 55 verum
905 293 150 55 ipsius
1010 293 150 55 lineae
1116 293 105 55 non
1176 293 150 55 requi¬

424 334 133 41 ritur
513 334 133 41 plus,
602 334 119 41 nisi
676 334 119 41 quod
750 334 222 41 concipiatur
928 334 193 41 longitudo
1077 334 119 41 sine
1136 334 163 41 latitudi-

416 375 117 41 ne,
483 375 150 41 cuius
583 375 167 41 partes
699 375 133 41 sint
783 375 217 41 copulatae
949 375 100 41 ad
999 375 200 41 terminum
1132 375 167 41 communem

425 406 257 59 indiuisibilem,
639 406 128 59 idest
724 406 86 59 ad
767 406 171 59 punctum.
896 406 86 59 Et
938 406 143 59 planum
1038 406 114 59 est,
1110 406 114 59 quod
1181 406 86 59 ad
1209 406 86 59 con-

422 454 219 50 ceptionem
591 454 168 50 omnium
708 454 185 50 istorum
843 454 118 50 non
911 454 236 50 requiritur
1096 454 101 50 de
1130 454 168 50 necessi-

423 493 118 40 tate
497 493 192 40 conceptus
645 493 177 40 alicuius
778 493 222 40 substantiae
955 493 74 40 :
985 493 118 40 ergo
1044 493 74 40 &c.

457 530 105 46 Ad
510 530 175 46 primum
633 530 228 46 dicendum,
808 530 140 46 quod
895 530 280 46 consequentia
1123 530 123 46 est
1175 530 123 46 negan

416 571 116 44 da.
483 571 100 44 Ad
533 571 250 44 probationem
732 571 216 44 dicendum,
899 571 133 44 quod
982 571 100 44 de
1032 571 133 44 esse
1098 571 200 44 accidentis

417 608 206 45 possumus
571 608 154 45 loqui
674 608 257 45 dupliciter.
880 608 120 45 Vno
949 608 137 45 modo
1035 608 206 45 secundum
1172 608 120 45 natu-

422 652 147 48 ralem
520 652 245 48 aptitudinem
716 652 245 48 accidentis.
913 652 131 48 Alio
994 652 131 48 modo
1076 652 196 48 secundum
1207 652 82 48 su-

428 688 258 45 pernaturalem
637 688 113 45 Dei
702 688 225 45 potentiam,
879 688 113 45 qua
943 688 129 45 Deus
1023 688 161 45 potest
1120 688 161 45 suspendo

418 729 100 39 re
468 729 218 39 huiusmodi
636 729 218 39 naturalem
803 729 268 39 aptitudinem,
1021 729 100 39 ne
1071 729 218 39 reducatur
1222 729 67 39 in

407 769 151 38 actum.
513 769 136 38 Primo
603 769 121 38 modo
678 769 211 38 accidentis
844 769 121 38 esse
920 769 106 38 est
980 769 166 38 inesse:
1101 769 106 38 sed
1161 769 106 38 non
1207 769 75 38 se-

419 807 143 48 cundo
514 807 143 48 modo:
610 807 127 48 quia
689 807 143 48 prima
785 807 143 48 causa
880 807 175 48 propter
1007 807 127 48 suam
1070 807 207 48 infinitatem

416 843 79 46 &
448 843 238 46 vniuersalem
638 843 254 46 influentiam,
845 843 111 46 qua
908 843 159 46 intime
1019 843 190 46 attingit
1146 843 143 46 quamli-

411 879 116 50 bet
478 879 232 50 creaturam,
660 879 165 50 potest
775 879 132 50 omne
858 879 116 50 ens
924 879 248 50 simpliciter
1106 879 182 50 absolutum

414 920 213 45 conseruare
581 920 91 45 in
627 920 106 45 suo
687 920 122 45 esse
763 920 182 45 actuali,
900 920 198 45 subtracto
1052 920 198 45 quocumque
1189 920 91 45 alio

402 963 84 41 ab
444 963 113 41 ipso
515 963 169 41 realiter
641 963 211 41 differente:
810 963 99 41 sed
867 963 183 41 subiectum
1007 963 169 41 realiter
1134 963 155 41 differt
1233 963 56 41 ab

417 997 214 52 accidente
581 997 82 52 :
614 997 132 52 ergo
696 997 132 52 omne
779 997 198 52 accidens
927 997 247 52 simpliciter
1108 997 181 52 absolutum

428 1047 145 49 potest
529 1047 160 49 virtute
645 1047 145 49 diuina
747 1047 145 49 habere
848 1047 116 49 esse
921 1047 160 49 praeter
1037 1047 116 49 hoc,
1109 1047 116 49 quod
1167 1047 116 49 actua-

424 1073 122 52 iter
500 1073 152 52 habeat
591 1073 122 52 inesse

453 1116 147 54 Forte
551 1116 196 54 dicetur,
698 1116 131 54 quod
780 1116 131 54 Deus
862 1116 115 54 non
927 1116 164 54 potest
1042 1116 196 54 supplere
1172 1116 115 54 vicem

407 1162 156 39 causae
517 1162 234 39 materialis:
704 1162 109 39 sed
766 1162 203 39 subiectum
922 1162 140 39 tenet
1016 1162 140 39 locum
1109 1162 156 39 causae
1203 1162 78 39 ma-

417 1195 178 44 terialis
550 1195 178 44 respectu
684 1195 222 44 accidentis:
861 1195 118 44 ergo
935 1195 192 44 accidens,
1084 1195 118 44 quod
1143 1195 133 44 natura-

404 1233 156 46 liter,
513 1233 78 46 &
545 1233 187 46 secundum
685 1233 125 46 suam
763 1233 203 46 naturalem
919 1233 234 46 aptitudinem
1106 1233 140 46 habet
1184 1233 93 46 esse

415 1276 175 43 mediante
547 1276 189 43 subiecto,
692 1276 102 43 non
751 1276 160 43 poterit
867 1276 117 43 esse
940 1276 146 43 diuina
1042 1276 160 43 virtute
1158 1276 102 43 sme
1202 1276 73 43 sub

406 1311 148 48 iecto.
510 1311 133 48 Maior
598 1311 148 48 patet:
701 1311 118 48 quia
775 1311 118 48 Deus
849 1311 103 48 non
908 1311 148 48 potest
1011 1311 177 48 supplere
1144 1311 118 48 tale
1203 1311 74 48 ge-

412 1355 108 45 nus
473 1355 169 45 causae,
596 1355 92 45 in
642 1355 108 45 quo
704 1355 123 45 Deus
780 1355 138 45 nullo
873 1355 123 45 modo
949 1355 108 45 est
1011 1355 154 45 causa:
1118 1355 108 45 sed
1164 1355 108 45 licet

411 1391 105 52 Deo
471 1391 194 52 conueniat
620 1391 209 52 causalitas
784 1391 149 52 causae
889 1391 239 52 efficientis,
1083 1391 194 52 formalis,
1232 1391 75 52 &

398 1430 200 45 finalis,
548 1430 100 45 Vt
598 1430 150 45 patet
698 1430 150 45 etiam
798 1430 116 45 per
864 1430 200 45 Auerroem
1014 1430 100 45 in
1064 1430 200 45 commento
1197 1430 83 45 suo

398 1467 150 49 super
499 1467 100 49 ro
549 1467 251 49 Methaphysi,
749 1467 150 49 tamen
849 1467 167 49 nullus
966 1467 167 49 vmquam
1083 1467 167 49 posuit
1183 1467 84 49 Dei

410 1508 122 46 esse
486 1508 152 46 causam
592 1508 91 46 in
638 1508 152 46 genere
745 1508 152 46 causae
851 1508 228 46 materialis:
1034 1508 122 46 quia
1110 1508 137 46 omnis
1186 1508 91 46 pas-

406 1545 123 56 siua
483 1545 185 56 potentia
622 1545 108 56 est
683 1545 77 56 a
714 1545 108 56 Deo
776 1545 170 56 penitus
900 1545 201 56 relegata,
1054 1545 108 56 cum
1116 1545 108 56 sit
1162 1545 108 56 purus

401 1595 156 50 actus,
510 1595 93 50 vt
557 1595 156 50 patet.
666 1595 109 50 12.
729 1595 156 50 Metha.
838 1595 140 50 Minor
931 1595 140 50 etiam
1025 1595 156 50 patet:
1134 1595 125 50 quia
1196 1595 78 50 so-

411 1627 106 43 lum
472 1627 137 43 genus
563 1627 152 43 causae
669 1627 213 43 materialis
836 1627 167 43 recipit
957 1627 167 43 formam,
1079 1627 76 43 &
1094 1627 182 43 perficitur

407 1671 94 48 ab
454 1671 94 48 ea
501 1671 78 48 :
532 1671 125 48 ergo
610 1671 203 48 subiectum
766 1671 109 48 est
829 1671 141 48 causa
923 1671 219 48 materialis
1079 1671 187 48 accidentis

407 1706 250 51 Consequentia
611 1706 156 51 patet:
720 1706 125 51 quia
798 1706 203 51 subiectum
954 1706 172 51 recipit
1079 1706 203 51 accidens,
1220 1706 47 51 &

398 1741 216 58 perficitur
552 1741 62 58 eo

442 1781 207 50 Praeterea,
605 1781 222 50 inhaerentia
782 1781 207 50 accidentis
945 1781 103 50 non
1004 1781 163 50 differt
1122 1781 89 50 ab
1152 1781 118 50 essen-

411 1819 102 60 tia
470 1819 218 60 accidentis:
644 1819 116 60 ergo
716 1819 102 60 non
774 1819 145 60 potest
876 1819 174 60 accidens
1007 1819 174 60 separari
1137 1819 73 60 a
1152 1819 116 60 subie-

406 1862 118 46 cto,
480 1862 162 46 quamuis
597 1862 176 46 realiter
730 1862 176 46 differat
862 1862 74 46 a
891 1862 191 46 subiecto.
1038 1862 206 46 Antecedens
1185 1862 74 46 pa-

406 1909 115 42 tet:
477 1909 115 42 quia
549 1909 86 42 si
592 1909 215 42 inhaerentia
764 1909 186 42 differret
908 1909 86 42 ab
951 1909 201 42 accidente,
1108 1909 115 42 tunc
1166 1909 100 42 talis

400 1939 227 47 inherentia,
581 1939 106 47 vel
642 1939 136 47 esset
732 1939 227 47 substantia,
914 1939 106 47 vel
974 1939 196 47 accidens.
1125 1939 106 47 Non
1170 1939 91 47 sub-

400 1979 172 60 stantia,
529 1979 86 60 vt
572 1979 86 60 de
615 1979 86 60 se
658 1979 144 60 patet:
759 1979 115 60 ergo
831 1979 172 60 accidens
960 1979 115 60 Tunc
1032 1979 158 60 petatur
1147 1979 86 60 de
1176 1979 86 60 isto

405 2022 216 44 accidente,
574 2022 139 44 vtrum
667 2022 108 44 per
728 2022 93 44 se
775 2022 216 44 subsistat,
944 2022 108 44 vel
1006 2022 200 44 inhereat.
1145 2022 123 44 Primum

393 2065 105 51 non
453 2065 179 51 dabitur:
587 2065 120 51 quia
662 2065 120 51 tunc
737 2065 135 51 esset
827 2065 224 51 substantia:
1006 2065 90 51 si
1051 2065 120 51 ergo
1111 2065 149 51 inhaeret

403 2102 111 44 tunc
472 2102 97 44 sua
528 2102 222 44 inhaerentia,
708 2102 97 44 vel
763 2102 152 44 differt
874 2102 69 44 a
902 2102 97 44 sua
957 2102 180 44 essentia,
1096 2102 97 44 vel
1151 2102 111 44 non.
1207 2102 55 44 Si

405 2135 177 57 differt,
538 2135 118 57 tunc
612 2135 133 57 eodem
700 2135 118 57 modo
774 2135 162 57 petatur
892 2135 88 57 de
936 2135 147 57 illius
1039 2135 221 57 inherentiae
1201 2135 59 57 in

406 2176 187 58 herentia,
550 2176 72 58 &
579 2176 101 58 sic
636 2176 86 58 in
679 2176 159 58 entibus
795 2176 173 58 realibus
924 2176 115 58 erit
997 2176 187 58 processus
1141 2176 86 58 in
1170 2176 86 58 infi

401 2222 144 41 nitum.
501 2222 86 41 Si
545 2222 101 41 non
602 2222 173 41 differt,
732 2222 115 41 tunc
804 2222 115 41 pari
876 2222 158 41 ratione
991 2222 158 41 poterat
1107 2222 130 41 dici,
1179 2222 86 41 quod

402 2259 140 46 prima
496 2259 218 46 inherentia
667 2259 109 46 non
729 2259 218 46 differebat
900 2259 93 46 ab
947 2259 187 46 essentia
1071 2259 187 46 accidentis

406 2297 135 54 primo
496 2297 225 54 inherentis.
676 2297 240 54 Consequentia
872 2297 135 54 etiam
962 2297 150 54 patet:
1067 2297 120 54 quia
1142 2297 90 54 si
1172 2297 90 54 acci

396 2342 119 47 dens
470 2342 104 47 est
530 2342 104 47 sua
589 2342 237 47 inhaerentia,
782 2342 119 47 tunc
856 2342 104 47 non
915 2342 163 47 poterit
1034 2342 178 47 separari
1167 2342 89 47 ab
1197 2342 74 47 in-

395 2368 202 59 herentia,
551 2368 109 59 nec
613 2368 109 59 per
675 2368 217 59 consequens
846 2368 78 59 a
877 2368 202 59 subiecto,
1032 2368 109 59 cui
1078 2368 140 59 inheret

435 2415 107 50 Ad
489 2415 178 50 primam
614 2415 250 50 instantiam
810 2415 232 50 dicendum,
988 2415 143 50 quod
1060 2415 196 50 subiectum

389 2460 194 46 respectu
534 2460 226 46 accidentis
712 2460 97 46 in
761 2460 129 46 hoc,
842 2460 129 46 quod
922 2460 226 46 sustentat,
1100 2460 81 46 &
1116 2460 146 46 confer-

394 2493 102 42 uat
452 2493 131 42 ipsum
539 2493 174 42 accidens
669 2493 131 42 tenet
756 2493 116 42 loco
829 2493 145 42 causae
930 2493 232 42 efficientis:
1119 2493 116 42 ideo
1177 2493 73 42 di-

391 2535 149 43 missis
496 2535 120 43 his,
570 2535 120 43 quae
645 2535 164 43 arguunt
765 2535 269 43 imperfectionem
989 2535 90 43 in
1034 2535 194 43 subiecto,
1168 2535 75 43 sci

384 2567 136 58 licet
475 2567 167 58 passiue
596 2567 182 58 recipere
733 2567 136 58 ipsum
824 2567 197 58 accidens,
975 2567 76 58 &
1005 2567 121 58 ipso
1066 2567 182 58 formaliter

406 2611 162 45 erfici,
524 2611 118 45 quae
598 2611 177 45 subiecto
730 2611 206 45 conueniunt
892 2611 88 45 in
937 2611 162 45 ratione
1054 2611 147 45 cauiae
1143 2611 103 45 mate-

388 2651 162 44 rialis,
506 2651 118 44 Deus
579 2651 147 44 potest
682 2651 176 44 supplere
815 2651 132 44 vicem
903 2651 176 44 subiecti
1035 2651 176 44 respectu
1153 2651 88 44 acci

386 2689 139 47 dentis
484 2689 84 47 in
525 2689 139 47 aliis,
623 2689 111 47 quae
692 2689 223 47 perfectionis
873 2689 125 47 sunt,
957 2689 111 47 quae
1026 2689 167 47 subiecto
1138 2689 111 47 noscu-

385 2728 99 44 tur
441 2728 184 44 conuenire
583 2728 85 44 in
625 2728 142 44 genere
724 2728 142 44 causae
824 2728 226 44 efficientis,
1007 2728 170 44 scilicet
1121 2728 127 44 susten-

387 2771 134 55 tare,
476 2771 74 55 &
506 2771 208 55 conseruare
670 2771 179 55 accidens
804 2771 89 55 in
848 2771 119 55 esse
923 2771 208 55 immediate,
1086 2771 119 55 &per
1146 2771 104 55 seip-

399 2803 104 52 sum
459 2803 119 52 sine
518 2803 163 52 subiecto.

428 2842 147 50 Forte
526 2842 196 50 dicetur,
673 2842 131 50 quod
754 2842 180 50 materia
885 2842 180 50 numquam
1015 2842 212 50 coincidit
1162 2842 82 50 cum

384 2884 154 50 aliqua
491 2884 200 50 ceterarum
645 2884 200 50 causarum,
798 2884 92 50 vt
845 2884 138 50 patet
937 2884 92 50 2.
983 2884 230 50 Physicorum:
1152 2884 92 50 ergo

387 2923 89 47 si
432 2923 192 47 subiectum
579 2923 133 47 tenet
668 2923 133 47 locum
757 2923 148 47 causae
860 2923 207 47 materialis
1022 2923 177 47 respectu
1141 2923 103 47 acci-

383 2964 163 49 dentis:
502 2964 193 49 sequitur,
651 2964 119 49 quod
725 2964 178 49 respectu
859 2964 163 49 eiusdem
978 2964 104 49 non
1037 2964 149 49 possit
1126 2964 119 49 tenere

389 3000 131 53 locum
477 3000 146 53 causae
564 3000 204 53 efficientis:

424 3040 219 61 Respondeo,
597 3040 125 61 quod
675 3040 157 61 duplex
784 3040 110 61 est
847 3040 188 61 materia,
988 3040 188 61 scilicet
1113 3040 141 61 materia

381 3084 92 58 ex
427 3084 122 58 qua,
503 3084 76 58 &
533 3084 168 58 materia
655 3084 92 58 in
701 3084 122 58 qua.
777 3084 92 58 De
823 3084 168 58 materia
945 3084 92 58 ex
991 3084 107 58 qua
1052 3084 183 58 procedit
1174 3084 61 58 in

1325 232 179 70 stantia:
1460 232 120 70 llla
1534 232 120 70 enim
1609 232 105 70 est
1669 232 120 70 pura
1744 232 179 70 potentia
1878 232 120 70 ideo
1953 232 105 70 non
2013 232 149 70 potest
2102 232 105 70 eoim-

1330 301 149 41 cidere
1434 301 104 41 cum
1494 301 134 41 aliis
1583 301 164 41 causis,
1702 301 89 41 eo
1747 301 119 41 quod
1821 301 193 41 quaelibet
1970 301 164 41 aliarum
2074 301 119 41 causa-

1322 334 114 46 rum
1387 334 147 46 dicat
1485 334 179 46 aliquam
1615 334 277 46 actualitatem.
1844 334 179 46 Materia
1974 334 147 46 autem
2072 334 98 46 in
2104 334 82 46 qua

1324 371 98 48 est
1380 371 98 48 ens
1436 371 126 48 actu,
1521 371 126 48 licet
1605 371 98 48 non
1661 371 98 48 sit
1717 371 126 48 purus
1802 371 141 48 actus:
1900 371 70 48 &
1928 371 112 48 ideo
1998 371 112 48 sibi
2069 371 98 48 non
2111 371 70 48 re-

1335 411 135 50 ugnat
1425 411 135 50 simul
1516 411 120 50 esse
1591 411 90 50 in
1636 411 151 50 genere
1741 411 151 50 causae
1847 411 241 50 efficieutis,
2027 411 166 50 inquantum

1324 455 108 46 ens
1385 455 139 46 actu,
1478 455 108 46 seu
1540 455 201 46 inquantum
1694 455 108 46 est
1756 455 154 46 actus,
1864 455 77 46 &
1894 455 93 46 in
1941 455 154 46 genere
2049 455 154 46 causae
2141 455 62 46 ma

1323 491 190 49 terialis,
1470 491 190 49 inquantum
1616 491 103 49 est
1675 491 88 49 in
1719 491 190 49 potentia,
1865 491 73 49 &
1894 491 161 49 deficit
2012 491 73 49 a
2041 491 117 49 puro
2099 491 103 49 actu:

1336 535 103 42 uia
1395 535 88 42 vt
1439 535 117 42 sic,
1512 535 103 42 non
1571 535 103 42 est
1629 535 103 42 ens
1688 535 220 42 simpliciter
1864 535 205 42 perfectum:
2025 535 73 42 &
2054 535 117 42 ideo
2113 535 73 42 po-

1317 571 119 41 test
1392 571 90 41 in
1437 571 90 41 se
1481 571 209 41 formaliter
1646 571 239 41 perfectionem
1840 571 75 41 a
1869 571 90 41 se
1914 571 224 41 differentem
2078 571 105 41 reci-

1326 610 128 44 pere:
1411 610 99 44 sed
1468 610 185 44 subiectum
1610 610 170 44 respectu
1738 610 199 44 accidentis
1894 610 99 44 est
1951 610 156 44 materia
2064 610 85 44 in
2093 610 85 44 quan

1322 655 128 48 quia
1402 655 96 48 vt
1450 655 192 48 dicitur.
1593 655 96 48 8.
1641 655 160 48 Metha.
1753 655 223 48 accidentia
1929 655 112 48 non
1992 655 160 48 habent
2088 655 112 48 mate-

1312 687 130 48 riam
1393 687 97 48 ex
1442 687 130 48 qua,
1523 687 114 48 sed
1588 687 97 48 in
1636 687 130 48 qua:
1717 687 130 48 ideo
1782 687 65 48 &c

1331 725 147 46 Forte
1429 725 147 46 adhuc
1527 725 164 46 dices,
1642 725 131 46 quod
1724 725 197 46 accidens
1871 725 131 46 vere
1953 725 197 46 educitur
2101 725 98 46 de
2133 725 66 46 po

1318 766 151 42 tentia
1423 766 196 42 subiecti,
1574 766 106 42 seu
1634 766 181 42 materiae
1770 766 75 42 :
1800 766 121 42 ergo
1876 766 121 42 vere
1951 766 136 42 habet
2026 766 151 42 materiam

1318 803 87 48 ex
1362 803 117 48 qua.
1435 803 204 48 Antecedens
1595 803 131 48 patet
1683 803 102 48 per
1741 803 146 48 Arist.
1843 803 87 48 in
1887 803 117 48 lib.
1959 803 87 48 2.
2003 803 87 48 de
2047 803 102 48 Cen
2091 803 87 48 ani-

1313 846 130 43 mal.
1394 846 114 43 vbi
1459 846 147 43 solum
1557 846 261 43 intellectum,
1769 846 114 43 seu
1834 846 163 43 animam
1932 846 244 43 intellectiuam

1317 882 134 46 dicit
1406 882 89 46 ab
1451 882 134 46 extra
1541 882 149 46 induci
1645 882 74 46 :
1675 882 134 46 omnes
1764 882 134 46 autem
1853 882 134 46 alias
1943 882 149 46 formas
2047 882 134 46 dicit
2121 882 60 46 ab

1319 925 143 46 intra
1414 925 143 46 educi
1509 925 111 46 per
1573 925 301 46 transmutationem
1826 925 158 46 factam
1937 925 95 46 ab
1985 925 174 46 agente.
2096 925 79 46 Con

1311 961 197 54 sequentia
1463 961 137 54 patet
1554 961 91 54 de
1584 961 61 54 se

1346 1002 204 49 Dicendum,
1503 1002 126 49 quod
1582 1002 157 49 Arist,
1692 1002 110 49 per
1754 1002 126 49 hoc,
1833 1002 126 49 quod
1911 1002 141 49 dicit
1990 1002 188 49 accidentia

1317 1039 109 51 non
1380 1039 156 51 habere
1489 1039 187 51 materiam
1629 1039 93 51 ex
1675 1039 124 51 qua,
1753 1039 109 51 non
1815 1039 156 51 intend
1924 1039 93 51 it
1971 1039 171 51 negare,
2080 1039 93 51 quin

1318 1080 216 50 accidentia
1487 1080 200 50 educantur
1641 1080 92 50 de
1687 1080 185 50 potentia
1826 1080 200 50 materiae.
1980 1080 108 50 Sed
2041 1080 108 50 pro
2088 1080 92 50 tan-

1305 1117 93 44 to
1351 1117 170 44 negauit
1474 1117 185 44 accidens
1613 1117 154 44 habere
1721 1117 185 44 materiam
1860 1117 93 44 ex
1906 1117 123 44 qua:
1983 1117 123 44 quia
2045 1117 123 44 loquer

1305 1157 93 41 do
1351 1157 93 41 de
1397 1157 170 41 entibus
1520 1157 231 41 naturalibus
1705 1157 139 41 solum
1798 1157 139 41 illud
1890 1157 139 41 dicit
1983 1157 170 41 proprie
2091 1157 77 41 ha-

1312 1199 119 39 bere
1387 1199 179 39 materiam
1521 1199 89 39 ex
1565 1199 119 39 qua,
1640 1199 134 39 cuius
1729 1199 223 39 essentialis
1908 1199 119 39 pars
1982 1199 104 39 est
2027 1199 149 39 materia:

1306 1238 138 45 sicut
1398 1238 107 45 est
1459 1238 214 45 compositum
1627 1238 260 45 substantiale,
1841 1238 107 45 vel
1903 1238 122 45 quod
1979 1238 107 45 sic
2025 1238 153 45 educitur

1317 1271 92 56 de
1363 1271 184 56 materia,
1501 1271 123 56 quod
1578 1271 108 56 cum
1639 1271 169 56 materia
1762 1271 292 56 substantialiter
1993 1271 184 56 constituit

1308 1319 126 40 vnam
1387 1319 221 40 essentiam,
1561 1319 142 40 sicut
1655 1319 142 40 forma
1750 1319 284 40 substantialis:
1987 1319 174 40 neutrum
2097 1319 79 40 au-

1307 1356 113 54 tem
1371 1356 177 54 istorum
1500 1356 193 54 conuenit
1645 1356 226 54 accidenti:
1823 1356 129 54 ideo
1903 1356 193 54 accidens
2032 1356 145 54 negatur

1299 1392 178 46 habere
1424 1392 213 46 materiam
1584 1392 107 46 ex
1619 1392 89 46 qua

1346 1432 98 54 Ad
1395 1432 197 54 secundam
1542 1432 229 54 instantiam
1723 1432 246 54 principalem
1919 1432 213 54 dicendum,
2067 1432 98 54 quod

1307 1464 137 62 licet
1398 1464 183 62 aptitudo
1536 1464 229 62 naturaliter
1719 1464 92 62 ad
1765 1464 244 62 inhaerendum,
1963 1464 107 62 vel
2025 1464 107 62 sit
2070 1464 92 62 idem

1310 1511 119 49 quod
1385 1511 149 49 natura
1489 1511 224 49 accidentis,
1668 1511 104 49 vel
1728 1511 149 49 saltem
1832 1511 104 49 sit
1892 1511 164 49 quaedam
1996 1511 179 49 naturalis.

1321 1551 192 51 roprietas
1469 1551 207 51 accidentis
1631 1551 251 51 inscparabilis
1838 1551 89 51 ab
1882 1551 118 51 ipso
1956 1551 207 51 accidente:
2103 1551 59 51 at

1303 1592 99 42 tin
1359 1592 170 42 actualis
1487 1592 226 42 inhaerentia,
1670 1592 127 42 licet
1755 1592 269 42 inseparabiliter
1981 1592 184 42 conueniat
2108 1592 57 42 ac

1306 1631 151 52 cidenti
1416 1631 82 52 in
1457 1631 220 52 comparatione
1636 1631 82 52 ad
1677 1631 124 52 agens
1759 1631 151 52 creatum
1869 1631 82 52 eo
1910 1631 110 52 quoe
1979 1631 124 52 agens
2047 1631 124 52 creatum

1302 1672 202 47 naturalem
1458 1672 171 47 ordinem
1583 1672 140 47 rerum
1676 1672 109 47 non
1739 1672 156 47 possit
1848 1672 202 47 immutare:
2003 1672 93 47 in
2034 1672 125 47 compa-

1311 1712 174 51 ratione
1438 1712 79 51 t
1470 1712 127 51 amen
1549 1712 95 51 ad
1596 1712 127 51 Deum
1676 1712 190 51 accidens
1818 1712 238 51 simpliciter
1993 1712 174 51 absolutum

1302 1746 104 50 est
1362 1746 238 50 inseparabile
1555 1746 89 50 ab
1600 1746 164 50 actuali
1719 1746 238 50 inhaerentia:
1912 1746 104 50 nam
1972 1746 104 50 cum
2031 1746 119 50 Deus
2091 1746 74 50 sit

1300 1787 193 42 immediate
1449 1787 104 42 per
1508 1787 164 42 seipsum
1627 1787 149 42 istius
1732 1787 193 42 naturalis
1880 1787 164 42 ordinis
1999 1787 193 42 conditor,

1299 1826 116 49 ipse
1372 1826 102 49 per
1430 1826 160 49 seipsum
1547 1826 145 49 potest
1648 1826 116 49 esse
1721 1826 145 49 istius
1823 1826 160 49 ordinis
1939 1826 203 49 immutator,
2084 1826 73 49 vbi

1302 1870 167 48 cuidens
1424 1870 243 48 contradictio
1621 1870 107 48 non
1682 1870 213 48 implicatur
1850 1870 91 48 ex
1895 1870 137 48 parte
1986 1870 122 48 ret.
2063 1870 91 48 Ad
2093 1870 76 48 sor

1297 1903 117 54 mam
1364 1903 150 54 criam
1464 1903 217 54 argumenti
1631 1903 217 54 dicendum,
1798 1903 133 54 quod
1881 1903 250 54 sustinendo,
2065 1903 100 54 quod

1305 1953 141 43 modus
1399 1953 109 43 rei
1462 1953 109 43 non
1524 1953 172 43 differt
1649 1953 94 43 ab
1696 1953 109 43 eo,
1759 1953 141 43 cuins
1852 1953 109 43 est
1915 1953 156 43 modus,
2024 1953 125 43 tunc
2087 1953 78 43 ne-

1295 1985 140 48 ganda
1389 1985 109 48 est
1451 1985 265 48 consequentia:
1670 1985 125 48 quia
1748 1985 140 48 sicut
1841 1985 187 48 extensio
1982 1985 172 48 passiua
2091 1985 78 48 ma-

1302 2021 145 52 teriae
1403 2021 102 52 est
1461 2021 145 52 quidam
1563 2021 131 52 modus
1650 2021 102 52 non
1708 2021 189 52 differens
1853 2021 73 52 a
1882 2021 174 52 materia,
2012 2021 131 52 sicut
2085 2021 73 52 res

1292 2070 181 43 medians
1423 2070 148 43 inter
1522 2070 197 43 materiam
1670 2070 214 43 extensam,
1834 2070 82 43 &
1867 2070 230 43 quantitate
2031 2070 132 43 exten-

1293 2103 156 44 dente:
1402 2103 78 44 &
1434 2103 140 44 tamen
1527 2103 93 44 si
1574 2103 109 44 per
1636 2103 202 44 potentiam
1791 2103 109 44 Dei
1854 2103 265 44 subtraheretur
2056 2103 109 44 quan-

1294 2142 129 46 titas
1380 2142 72 46 a
1409 2142 172 46 materia,
1538 2142 158 46 materia
1653 2142 216 46 separaretur
1825 2142 72 46 a
1854 2142 115 46 tali
1926 2142 129 46 modo:
2012 2142 101 46 sic
2055 2142 101 46 actua

1305 2178 97 52 is
1353 2178 242 52 inhaerentia
1547 2178 113 52 est
1612 2178 162 52 quidam
1725 2178 145 52 modus
1822 2178 226 52 conueniens
1983 2178 178 52 accidenti

1298 2224 94 45 ex
1345 2224 172 45 actuali
1471 2224 157 45 vnione
1580 2224 110 45 cum
1643 2224 204 45 subiecto,
1800 2224 110 45 non
1862 2224 204 45 differens
2019 2224 94 45 ab
2050 2224 110 45 acci-

1288 2261 148 52 dente
1386 2261 181 52 tamquam
1518 2261 115 52 res
1584 2261 148 52 media
1683 2261 148 52 inter
1782 2261 231 52 subiectum,
1963 2261 82 52 &
1980 2261 181 52 accidens:

1288 2303 77 49 &
1318 2303 139 49 tamen
1411 2303 92 49 si
1457 2303 108 49 per
1519 2303 200 49 potentiam
1673 2303 108 49 Dei
1734 2303 200 49 subiectum
1888 2303 246 49 subtrahitur,
2073 2303 77 49 co-

1290 2336 144 42 sabit
1386 2336 128 42 ille
1466 2336 160 42 modus,
1579 2336 144 42 dato,
1675 2336 128 42 quod
1755 2336 112 42 per
1819 2336 160 42 eandem
1931 2336 112 42 Dei
1980 2336 176 42 potentiam

1295 2379 146 50 ipsum
1392 2379 195 50 accidens
1522 2379 228 50 conseruetur.

1305 2421 98 47 Si
1354 2421 131 47 quis
1436 2421 147 47 autem
1534 2421 196 47 voluerit
1681 2421 180 47 dicere,
1812 2421 131 47 quod
1894 2421 131 47 iste
1976 2421 164 47 modus,
2074 2421 82 47 qui

1294 2450 162 56 dicitur
1412 2450 221 56 inherentia,
1589 2450 103 56 sit
1648 2450 162 56 quoddam
1766 2450 177 56 accidens
1899 2450 192 56 differens
2047 2450 89 56 ab
2076 2450 74 56 ac-

1283 2496 172 51 cidente
1409 2496 219 51 inherente,
1581 2496 125 51 ille
1659 2496 157 51 potest
1769 2496 157 51 dicere
1878 2496 94 51 ad
1925 2496 204 51 rationem,
2066 2496 94 51 quod

1280 2533 135 52 sicut
1370 2533 195 52 productio
1520 2533 105 52 non
1580 2533 225 52 producitur:
1760 2533 105 52 sed
1820 2533 135 52 illud
1910 2533 105 52 quo
1970 2533 165 52 aliquid
2075 2533 75 52 for

1284 2579 168 48 maliter
1406 2579 168 48 dicitur
1528 2579 122 48 esse
1604 2579 214 48 productum,
1772 2579 76 48 &
1803 2579 137 48 sicut
1894 2579 183 48 relatio,
2017 2579 137 48 proprie

1284 2611 196 42 loquendo,
1435 2611 106 42 non
1495 2611 196 42 refertur,
1646 2611 106 42 sed
1706 2611 106 42 est
1767 2611 136 42 illud
1857 2611 106 42 quo
1918 2611 196 42 relatiuum
2053 2611 91 42 for-

1279 2653 178 43 maliter
1408 2653 194 43 refertur
1554 2653 113 43 sic
1619 2653 113 43 hoc
1684 2653 210 43 accidens,
1845 2653 130 43 quod
1926 2653 113 43 est
1975 2653 178 43 inhaeren-

1290 2692 122 48 tia,
1366 2692 168 48 proprie
1488 2692 198 48 loquendo,
1641 2692 107 48 non
1702 2692 153 48 inest,
1808 2692 107 48 sed
1869 2692 107 48 est
1930 2692 153 48 illud,
2037 2692 107 48 quo
2083 2692 76 48 ac-

1292 2730 164 47 cidens,
1411 2730 179 47 inherens
1546 2730 209 47 formaliter
1710 2730 149 47 inest,
1814 2730 104 47 seu
1874 2730 209 47 formaliter
2023 2730 134 47 inheret

1282 2770 92 52 Et
1328 2770 122 52 ideo
1404 2770 107 52 nec
1465 2770 107 52 est
1526 2770 198 52 processus
1679 2770 92 52 in
1725 2770 214 52 infinitum,
1892 2770 107 52 nec
1954 2770 168 52 standum
2060 2770 92 52 erat

1285 2809 87 48 in
1328 2809 130 48 primo
1415 2809 72 48 :
1444 2809 130 48 Sicut
1531 2809 116 48 enim
1603 2809 87 48 in
1646 2809 130 48 rebus
1733 2809 159 48 creatis
1849 2809 145 48 illud,
1950 2809 116 48 quod
2023 2809 116 48 est,
2081 2809 72 48 di-

1285 2852 127 48 citur
1370 2852 113 48 esse
1440 2852 170 48 mediante
1568 2852 127 48 illo,
1652 2852 99 48 quo
1709 2852 113 48 est;
1780 2852 127 48 illud
1864 2852 141 48 autem,
1963 2852 99 48 quo
2020 2852 113 48 est,
2076 2852 71 48 non

1288 2892 181 46 vlterius
1424 2892 166 46 necesse
1545 2892 106 46 est
1605 2892 166 46 resolui
1726 2892 91 46 in
1771 2892 166 46 quoddam
1892 2892 181 46 tertium,
2013 2892 136 46 median-

1279 2925 96 62 te
1327 2925 112 62 quo
1391 2925 144 62 ipsum
1487 2925 224 62 formaliter
1663 2925 160 62 habeat
1776 2925 144 62 esse,
1872 2925 176 62 quamuis
2000 2925 96 62 in
2032 2925 112 62 omni-

1278 2965 102 53 bus
1337 2965 131 53 rebus
1424 2965 160 53 creatis
1541 2965 175 53 differat
1672 2965 117 53 quod
1745 2965 117 53 est,
1818 2965 73 53 &
1847 2965 102 53 quo
1905 2965 117 53 est,
1978 2965 87 53 vt
2022 2965 102 53 ait
2066 2965 87 53 Poe-

1277 3013 122 49 tius
1353 3013 91 49 in
1399 3013 107 49 lib
1460 3013 91 49 de
1505 3013 259 49 hebdomadibus:
1719 3013 107 49 sic
1779 3013 228 49 inhaerentia
1962 3013 107 49 est
2023 3013 152 49 illud,

1283 3044 107 50 quo
1344 3044 184 50 accidens
1482 3044 215 50 formalitet
1651 3044 199 50 inhaeret,
1804 3044 123 50 ipsa
1880 3044 138 50 tamem
1972 3044 107 50 non
2018 3044 123 50 inhae-

1282 3088 102 62 ret
1341 3088 175 62 mediante
1472 3088 117 62 alia
1545 3088 219 62 inhaerentia
1721 3088 161 62 quamuis
1837 3088 117 62 ipsa
1910 3088 175 62 realiter
2027 3088 117 62 diste
