2400 3571
487 331 303 78 Auestio
708 331 110 78 II

318 419 108 76 An
372 419 143 76 homo
461 419 108 76 de
515 419 269 76 necessitate
730 419 197 76 salutis
856 419 161 76 singula

441 472 196 76 quaeque
584 472 196 76 peccata
709 472 178 76 teneatur

546 530 212 62 confiteri.

244 871 176 80 TIRVM
362 871 157 80 homo
460 871 117 80 de
518 871 294 80 necessitate
753 871 215 80 salutis
890 871 196 80 teneatur

306 933 200 58 confiteri
460 933 139 58 omnia
552 933 108 58 sua
614 933 185 58 mortalia
753 933 185 58 peccata.
892 933 93 58 Et
938 933 185 58 videtur,

224 978 128 51 quod
304 978 128 51 non:
384 978 128 51 quia
463 978 208 51 confessio
623 978 112 51 est
687 978 223 51 peccatorum
847 978 239 51 manifestatio;

223 1015 136 54 ergo
308 1015 136 54 homo
393 1015 119 54 non
462 1015 187 54 tenetur
598 1015 222 54 confiteri
768 1015 153 54 omnia
870 1015 119 54 sua
922 1015 170 54 peccata.

224 1050 225 61 Antecedens
401 1050 145 61 patet
497 1050 241 61 auctoritate
690 1050 145 61 Deati
786 1050 128 61 Aug.
866 1050 112 61 qui
930 1050 128 61 ait,
995 1050 96 61 Con-

221 1087 159 60 fessio
332 1087 111 60 est
396 1087 111 60 per
459 1087 127 60 quam
539 1087 159 60 morbus
650 1087 159 60 latens
761 1087 191 60 aperitur
904 1087 111 60 sub
968 1087 111 60 spe
1016 1087 79 60 ve-

231 1132 124 49 iae.
308 1132 186 49 Probatur
448 1132 264 49 consequentia:
665 1132 124 49 quia
742 1132 155 49 illud,
851 1132 124 49 quod
928 1132 93 49 de
975 1132 93 49 se
1006 1132 78 49 ma-

231 1166 179 58 nifestum
365 1166 119 58 est,
440 1166 105 58 hoc
500 1166 105 58 non
560 1166 105 58 est
619 1166 164 58 necesse
739 1166 105 58 per
798 1166 134 58 aliud
873 1166 209 58 manifestari;

220 1209 107 50 sed
281 1209 153 50 aliqua
388 1209 169 50 peccata
511 1209 123 50 sunt
588 1209 92 50 de
634 1209 92 50 se
680 1209 215 50 manifesta,
849 1209 123 50 ergo
910 1209 77 50 &c.

261 1249 171 47 Contra,
386 1249 93 47 ad
432 1249 264 47 obseruationem
650 1249 171 47 illius,
774 1249 124 47 quod
852 1249 109 47 est
914 1249 93 47 de
961 1249 124 47 iure
1023 1249 62 47 na

222 1290 161 45 turali,
339 1290 161 45 tenetur
457 1290 176 45 quilibet
588 1290 117 45 homo
662 1290 88 45 de
705 1290 220 45 necessitate
881 1290 176 45 salutis:
1013 1290 102 45 sed

224 1331 219 50 confessio
393 1331 168 50 omnium
510 1331 219 50 mortalium
679 1331 236 50 peccatorum
864 1331 185 50 videtur
982 1331 101 50 esse

215 1376 97 54 de
263 1376 129 54 iure
344 1376 194 54 naturali
490 1376 146 54 Maior
587 1376 162 54 patet.
700 1376 146 54 Minor
797 1376 210 54 probatur:
959 1376 129 54 quia
1023 1376 65 54 me

217 1407 128 53 dium
297 1407 144 53 sapit
392 1407 175 53 naturam
520 1407 239 53 extremorum:
711 1407 112 53 sed
775 1407 223 53 contritio,
951 1407 80 53 &
966 1407 128 53 satis-

219 1447 147 49 factio
322 1447 118 49 sunt
396 1447 88 49 de
440 1447 118 49 iure
513 1447 191 49 naturali:
660 1447 176 49 iustitia
792 1447 118 49 enim
866 1447 103 49 hoc
924 1447 162 49 exigit,
1027 1447 59 49 vt

218 1488 130 53 omne
299 1488 163 53 vitium
413 1488 244 53 perpetuatum
608 1488 244 53 displiceat,
803 1488 81 53 &
836 1488 228 53 emendetur:
999 1488 81 53 cun

213 1524 153 48 igitur
320 1524 199 48 confessio
473 1524 107 48 sit
534 1524 153 48 medium
641 1524 138 48 inter
733 1524 260 48 contritionem,
947 1524 77 48 &
963 1524 122 48 satis-

214 1569 225 52 factionem:
391 1569 129 52 ergo
471 1569 113 52 &c.
535 1569 113 52 Hic
600 1569 145 52 primo
696 1569 193 52 videndum
841 1569 113 52 est
905 1569 96 52 de
937 1569 145 52 princi-

209 1609 127 57 pali
289 1609 207 57 quaesito.
447 1609 191 57 Secundo,
590 1609 111 57 quo
654 1609 127 57 iure
733 1609 191 57 teneamur
876 1609 95 57 ad
908 1609 175 57 confessio

218 1655 110 54 nem
281 1655 237 54 peccatorum.
471 1655 174 54 Tertio,
597 1655 110 54 cui
660 1655 189 54 facienda
802 1655 110 54 sit
865 1655 221 54 confessio.
1023 1655 63 54 Et

211 1693 182 53 quarto,
344 1693 199 53 quoties,
493 1693 83 53 &
526 1693 116 53 quo
593 1693 182 53 tempore
725 1693 116 53 sit
775 1693 182 53 facienda.

356 1779 536 60 RESOLVTI
713 1779 179 60 O.

199 1858 90 81 cum
251 1858 155 81 quilibet
367 1858 77 81 de
406 1858 142 81 salutis
509 1858 103 81 suae
573 1858 194 81 necessitate
728 1858 77 81 de
767 1858 155 81 quolibet
883 1858 142 81 movtali
974 1858 103 81 crimi-

247 1921 79 58 ne
286 1921 157 58 paeniter
404 1921 66 58 e
430 1921 170 58 tentatur,
562 1921 170 58 confiteri
693 1921 131 58 quoque
785 1921 144 58 singula
889 1921 144 58 quaeque
981 1921 92 58 deli-

244 1956 115 58 cta,
316 1956 129 58 etiam
402 1956 173 58 venialia
531 1956 101 58 (si
589 1956 158 58 memoria
704 1956 144 58 tenet)
805 1956 144 58 maxime
905 1956 144 58 debet.
1006 1956 101 58 Nam

241 1997 216 59 quemadmodum
413 1997 86 59 in
456 1997 115 59 lege
528 1997 158 59 naturae
643 1997 173 59 mentalis
773 1997 201 59 confessio,
931 1997 72 59 &
960 1997 86 59 in
989 1997 86 59 legi

250 2037 145 63 lcripta
355 2037 224 63 Ceremonialis,
539 2037 92 63 ita
592 2037 79 63 in
632 2037 105 63 lege
697 2037 145 63 gratiae
803 2037 145 63 vocalis
908 2037 145 63 homines
1000 2037 79 63 sem-

247 2076 95 59 per
302 2076 150 59 obligat
411 2076 109 59 data
479 2076 245 59 opportunitate,
683 2076 68 59 &
710 2076 177 59 facultate
846 2076 122 59 alsua
914 2076 163 59 sigillatim

237 2111 138 66 detest
334 2111 110 66 auda
389 2111 124 66 scilera

326 2200 531 69 ARTICVLV
724 2200 221 69 S
768 2200 177 69 1.

216 2296 161 80 Vtrum
323 2296 143 80 homo
413 2296 107 80 de
466 2296 268 80 necessitate
680 2296 196 80 salutis
805 2296 179 80 singidla

362 2342 176 81 quaeque
490 2342 176 81 peccata
618 2342 192 81 teneatio
747 2342 192 81 confiteri.

220 2414 149 88 VAN
305 2414 149 88 TVM
390 2414 128 88 ad
454 2414 213 88 primum
603 2414 149 88 est
688 2414 277 88 sciendum,
901 2414 170 88 quod
986 2414 106 88 hic

335 2491 129 45 vnum
416 2491 226 45 quaeritur,
594 2491 81 45 &
626 2491 146 45 aliud
723 2491 307 45 praesupponitur:
966 2491 113 45 Suppo

217 2524 145 48 nitur
314 2524 145 48 enim,
410 2524 129 48 quod
491 2524 194 48 teneamur
636 2524 97 48 de
685 2524 242 48 necessitate
878 2524 97 48 ad
911 2524 161 48 peccato-

205 2569 117 56 rum
272 2569 283 56 confessionem.
505 2569 100 56 Et
555 2569 117 56 hoc
622 2569 233 56 supposito,
806 2569 233 56 quaeritur,
972 2569 117 56 vtrum

209 2606 214 49 teneamur
370 2606 107 49 ad
423 2606 285 49 confessionem
655 2606 178 49 omnium
761 2606 232 49 peccatorum.

255 2639 137 55 Prius
346 2639 153 55 igitur
453 2639 122 55 quam
529 2639 137 55 dicam
621 2639 92 55 de
667 2639 198 55 quaesito,
820 2639 107 55 est
865 2639 214 55 aduertendum,

214 2686 125 46 quod
293 2686 141 46 circa
387 2686 141 46 istud
481 2686 282 46 praesuppositum
716 2686 157 46 aliqui
826 2686 204 46 haeretici
967 2686 110 46 etiam

214 2727 212 53 moderni
368 2727 231 53 temporis
541 2727 231 53 grauiter
714 2727 288 53 errauerunt.
925 2727 154 53 Quorum

210 2770 137 45 vnum
296 2770 120 45 ego
364 2770 275 45 personaliter
588 2770 189 45 inueni,
725 2770 120 45 cum
794 2770 155 45 essem
880 2770 206 45 inquisitor

212 2800 260 53 haereticorum
423 2800 97 53 in
471 2800 195 53 diocoesi
618 2800 276 53 Argentinensi,
845 2800 114 53 qui
910 2800 146 53 dixit
991 2800 81 53 ho-

218 2845 145 44 minem
315 2845 97 44 de
363 2845 193 44 peccatis
508 2845 129 44 suis
588 2845 209 44 contritum
750 2845 113 44 non
814 2845 193 44 obligari
959 2845 97 44 ad
991 2845 97 44 con-

217 2881 195 51 fitendum
363 2881 212 51 huiusmodi
526 2881 195 51 peccata.
672 2881 163 51 Motiua
786 2881 179 51 istorum
900 2881 179 51 haeretico

215 2918 114 55 rum
280 2918 130 55 sunt
345 2918 98 55 haec

287 2935 215 75 Confessio
453 2935 116 75 fit
519 2935 99 75 ad
568 2935 198 75 taxandum
717 2935 182 75 emendam
849 2935 116 75 pro
915 2935 149 75 culpa
997 2935 83 75 per

224 3009 177 44 petrata:
357 3009 103 44 sed
416 3009 192 44 poenitens
564 3009 148 44 potest
667 3009 103 44 per
726 3009 162 44 seipsum
844 3009 236 44 sufficienter
1021 3009 59 44 hu

217 3036 191 58 iusmodi
355 3036 191 58 emendam
494 3036 191 58 taxare:
633 3036 139 58 ergo
702 3036 87 58 &c.

258 3083 76 42 2
288 3083 213 42 Praeterea,
455 3083 91 42 in
501 3083 228 42 contritione
684 3083 137 42 fiunt
775 3083 137 42 talia
866 3083 137 42 circa
942 3083 137 42 hominem

231 3126 113 49 uae
295 3126 226 49 sufficiunt
473 3126 97 49 ad
521 3126 258 49 consequendum
731 3126 194 49 salutem,
876 3126 129 49 ergo
941 3126 145 49 confes-

221 3170 96 47 no
269 3170 112 47 non
333 3170 112 47 est
396 3170 96 47 de
444 3170 239 47 necessitate
636 3170 191 47 salutis.
779 3170 255 47 Consequentia
970 3170 112 47 patet

215 3202 198 56 Probatur
364 3202 248 56 antecedens;
562 3202 132 56 quia
645 3202 99 56 in
695 3202 248 56 contritione
893 3202 116 56 fit
942 3202 149 56 peccati

1130 340 198 65 mortalis
1279 340 215 65 remissio,
1444 340 83 65 &
1477 340 182 65 gratiae
1609 340 116 65 Dei
1659 340 165 65 infusio.

1184 396 228 54 Praeterea,
1363 396 147 54 Maria
1461 396 228 54 Magdalena,
1640 396 82 54 &
1673 396 179 54 Petrus,
1803 396 98 54 ac
1852 396 179 54 Paulus,

1135 433 146 54 multi
1232 433 129 54 alii
1313 433 129 54 post
1394 433 146 54 multa
1491 433 178 54 peccata
1620 433 113 54 per
1685 433 146 54 solam
1766 433 226 54 contritionem

1130 480 225 48 inueniuntur
1310 480 180 48 saluati:
1445 480 120 48 quia
1520 480 135 48 licet
1611 480 90 48 in
1656 480 210 48 scripturis
1821 480 165 48 legamus
1926 480 60 48 de

1119 516 152 63 eorum
1221 516 270 63 contritione;
1440 516 152 63 tamen
1542 516 186 63 nusquam
1677 516 186 63 legimus
1812 516 101 63 de
1846 516 152 63 ipsorum

1103 547 242 53 confessione.

1170 564 75 84 4
1200 564 209 84 Praeterea,
1364 564 149 84 turpia
1469 564 105 84 non
1529 564 120 84 sunt
1603 564 179 84 dicenda,
1738 564 135 84 sicut
1828 564 105 84 nec
1872 564 120 84 facien

1128 619 107 68 da;
1189 619 107 68 sed
1250 619 184 68 mortalia
1388 619 169 68 peccata
1511 619 123 68 sunt
1588 619 169 68 turpia:
1710 619 123 68 ergo
1772 619 61 68 &c

1155 675 77 55 3
1185 675 215 55 Praeterea,
1354 675 107 55 ea,
1415 675 123 55 quae
1492 675 123 55 sunt
1569 675 199 55 verecunda
1722 675 138 55 circa
1814 675 153 55 corpus
1906 675 77 55 pro

1138 713 106 47 ter
1198 713 106 47 sui
1259 713 256 47 inhonestatem,
1470 713 121 47 sunt
1545 713 241 47 abscondenda;
1741 713 121 47 ergo
1816 713 136 47 etiam
1892 713 90 47 pec-

1117 753 146 55 cata,
1214 753 130 55 quae
1295 753 130 55 sunt
1377 753 211 55 verecunda
1539 753 146 55 circa
1637 753 179 55 animam,
1767 753 130 55 sunt
1832 753 162 55 absconde

1124 784 112 64 da,
1188 784 80 64 &
1220 784 112 64 non
1284 784 271 64 manifestanda.
1507 784 223 64 Antecedens
1683 784 160 64 patet,
1794 784 128 64 quia
1874 784 144 64 etiam

1123 837 135 46 primi
1213 837 180 46 parentes
1348 837 90 46 in
1393 837 180 46 paradiso
1528 837 210 46 existentes
1692 837 180 46 fecerunt
1827 837 120 46 sibi
1887 837 105 46 peri-

1125 870 189 60 comata,
1262 870 172 60 quibus
1383 870 206 60 tegebant
1538 870 206 60 corporis
1693 870 189 60 verenda
1813 870 172 60 Probatur

1118 913 276 64 consequentia:
1345 913 130 64 quia
1426 913 113 64 non
1491 913 130 64 sunt
1572 913 146 64 minus
1669 913 211 64 inhonesta
1815 913 162 64 verenda,

1112 945 113 57 seu
1176 945 210 57 verecunda
1338 945 178 57 animae,
1467 945 129 57 quam
1548 945 210 57 corporis;
1709 945 129 57 ergo
1773 945 65 57 &c

1153 986 80 55 o
1185 986 225 55 Praeterea,
1362 986 96 55 ex
1410 986 129 55 vera
1491 986 225 55 dilectione
1667 986 177 55 tenetur
1796 986 129 55 homo
1860 986 129 55 celare

1111 1034 168 49 crimen
1229 1034 202 49 proximi;
1380 1034 135 49 ergo
1464 1034 118 49 non
1532 1034 185 49 tenetur
1666 1034 252 49 manifestare
1851 1034 135 49 crimen

1130 1073 199 45 roprium.
1280 1073 199 45 Probatur
1429 1073 282 45 consequentia;
1662 1073 133 45 quia
1745 1073 149 45 magis
1828 1073 149 45 tenetur

1118 1101 134 61 homo
1202 1101 201 61 diligere
1353 1101 117 61 se,
1420 1101 134 61 quam
1504 1101 218 61 proximum:
1672 1101 134 61 quia
1756 1101 252 61 amicabilia,

1132 1152 101 38 uae
1189 1152 116 38 sunt
1262 1152 87 38 ad
1305 1152 174 38 alterum,
1436 1152 188 38 incipiunt
1581 1152 87 38 ab
1624 1152 246 38 amicabilibus,
1827 1152 116 38 quae
1885 1152 87 38 sunt

1113 1183 173 57 hominis
1239 1183 94 57 ad
1286 1183 188 57 seipsum,
1427 1183 94 57 vt
1474 1183 141 57 patet
1568 1183 157 57 inlib.
1678 1183 157 57 Ethic.
1788 1183 125 57 ergo
1866 1183 110 57 quo
1913 1183 63 57 ad

1109 1223 151 43 illud,
1215 1223 91 43 ad
1260 1223 136 43 cuius
1350 1223 257 43 obseruationem
1562 1223 166 43 tenetur
1682 1223 121 43 homo
1758 1223 91 43 ex
1803 1223 196 43 dilectio

1110 1269 107 49 ne,
1171 1269 107 49 non
1232 1269 138 49 minus
1324 1269 169 49 tenetur
1447 1269 199 49 sibiipsi,
1600 1269 123 49 quam
1677 1269 169 49 alteri,
1799 1269 77 49 &
1830 1269 107 49 per
1876 1269 107 49 conse

1124 1308 134 58 uens
1208 1308 117 58 non
1275 1308 150 58 minus
1375 1308 184 58 tenetur
1509 1308 234 58 abscondere
1693 1308 167 58 crimen
1793 1308 184 58 proprium,

1130 1348 103 44 uam
1189 1348 222 44 cuiuscunque
1367 1348 177 44 alterius
1500 1348 148 44 amici

1155 1377 75 58 V
1185 1377 211 58 Praeterea,
1351 1377 136 58 illud
1441 1377 106 58 non
1502 1377 106 58 est
1562 1377 90 58 de
1607 1377 226 58 necessitate
1788 1377 181 58 salutis,
1909 1377 60 58 ad

1125 1417 110 56 uod
1188 1417 126 56 homo
1267 1417 142 56 nullo
1361 1417 126 56 iure
1440 1417 189 56 tenetur,
1582 1417 110 56 sed
1645 1417 94 56 ad
1692 1417 252 56 confessionem
1881 1417 94 56 pec-

1114 1466 169 46 catorum
1237 1466 138 46 nullo
1329 1466 123 46 iure
1406 1466 184 46 tenetur,
1544 1466 123 46 quia
1621 1466 108 46 nec
1682 1466 123 46 iure
1759 1466 200 46 naturali,
1897 1466 77 46 nec

1115 1501 113 55 ure
1179 1501 193 55 posituo.
1324 1501 113 55 Non
1389 1501 209 55 naturali;
1550 1501 129 55 quia
1631 1501 113 55 ius
1695 1501 193 55 naturale
1840 1501 113 55 est
1888 1501 97 55 idem

1121 1539 113 52 pud
1186 1539 162 52 omnes,
1299 1539 81 52 &
1331 1539 97 52 in
1380 1539 129 52 omni
1460 1539 162 52 statu,
1574 1539 113 52 sed
1638 1539 210 52 consessio
1784 1539 194 52 peccatorum

1108 1585 131 46 non
1183 1585 131 46 est
1258 1585 150 46 apud
1352 1585 169 46 omnes
1464 1585 225 46 homines,
1633 1585 131 46 nec
1708 1585 225 46 secundum
1858 1585 131 46 omnem

1105 1619 158 57 statum
1216 1619 190 57 hominum,
1359 1619 95 57 vt
1406 1619 95 57 de
1454 1619 95 57 se
1501 1619 158 57 patet.
1612 1619 111 57 Nec
1675 1619 127 57 iure
1754 1619 190 57 posituo:
1881 1619 95 57 quia

1110 1665 105 49 us
1163 1665 210 49 posituum
1321 1665 123 49 non
1391 1665 175 49 potest
1513 1665 210 49 obligare
1671 1665 193 49 hominem
1811 1665 105 49 ad
1846 1665 123 49 mani-

1110 1695 210 51 festandum
1271 1695 161 51 cordis
1384 1695 113 51 sui
1449 1695 210 51 secretum:
1610 1695 113 51 sed
1674 1695 145 51 multa
1771 1695 177 51 peccata
1884 1695 97 51 homi

1106 1738 110 55 num
1169 1738 125 55 sunt
1247 1738 188 55 secreta:
1388 1738 125 55 ergo
1451 1738 78 55 &c.

1148 1762 111 69 Sed
1212 1762 127 69 ista
1291 1762 111 69 non
1354 1762 238 69 concludunt,
1545 1762 95 69 vt
1592 1762 143 69 patet
1687 1762 95 69 ex
1735 1762 127 69 his,
1814 1762 127 69 quae
1878 1762 95 69 dixi

1097 1823 214 37 quaestione
1265 1823 168 37 proxime
1387 1823 230 37 praecedenti
1571 1823 107 37 ar.
1632 1823 92 37 4.
1678 1823 230 37 conclusione
1847 1823 122 37 prima.

1149 1863 81 45 2
1181 1863 228 45 Praeterea,
1361 1863 163 45 vulnus
1475 1863 114 45 non
1540 1863 179 45 sanatur
1670 1863 130 45 nisi
1752 1863 163 45 medico
1849 1863 147 45 manife-

1103 1893 167 60 stetur,
1224 1893 106 60 sed
1285 1893 121 60 sine
1360 1893 227 60 confessione
1542 1893 106 60 non
1603 1893 212 60 ostenditur
1770 1893 152 60 vulnus
1861 1893 136 60 spiri

1116 1941 133 45 uale
1200 1941 234 45 sacerdoti,
1383 1941 133 45 quem
1467 1941 133 45 Deus
1550 1941 234 45 constituit
1733 1941 183 45 medicum
1850 1941 117 45 huius

1108 1980 209 42 vulneris.
1269 1980 96 42 Et
1317 1980 129 42 hanc
1397 1980 193 42 rationem
1542 1980 177 42 videtur
1671 1980 177 42 innuere
1799 1980 177 42 Doetius
1912 1980 64 42 in

1119 2016 113 57 ibs
1184 2016 97 57 de
1232 2016 162 57 conso.
1345 2016 178 57 dicens.
1475 2016 97 57 Si
1523 2016 129 57 opem
1604 2016 226 57 medicantis
1782 2016 210 57 expectas,
1927 2016 65 57 ne

1108 2058 133 51 cesse
1197 2058 119 51 est,
1271 2058 89 51 vt
1316 2058 148 51 vulnus
1405 2058 133 51 detegas

1147 2099 74 51 3
1177 2099 207 51 Praeterea,
1340 2099 119 51 ordo
1414 2099 193 51 secularis
1562 2099 163 51 iudicii
1681 2099 178 51 requirit
1814 2099 163 51 alteram
1918 2099 59 51 es

1105 2128 95 55 se
1153 2128 190 55 personam
1295 2128 127 55 rei,
1374 2128 79 55 &
1406 2128 190 55 iudicis;
1549 2128 127 55 ergo
1628 2128 111 55 hoc
1691 2128 127 55 idem
1770 2128 190 55 requirit
1897 2128 79 55 or-

1109 2176 90 50 do
1154 2176 165 50 iudicii
1274 2176 240 50 spiritualis,
1469 2176 75 50 &
1499 2176 105 50 per
1559 2176 210 50 consequens
1724 2176 90 50 in
1769 2176 120 50 foro
1829 2176 150 50 conscien

1115 2213 126 44 tiae
1194 2213 126 44 vnus
1272 2213 126 44 homo
1351 2213 141 44 debet
1445 2213 141 44 alium
1539 2213 204 44 iudicare,
1696 2213 126 44 quod
1775 2213 188 44 ordinate
1900 2213 79 44 fie

1110 2255 89 46 ri
1155 2255 103 46 non
1214 2255 148 46 potest
1317 2255 118 46 sine
1391 2255 133 46 eius,
1480 2255 103 46 qui
1539 2255 103 46 est
1598 2255 222 46 iudicandus,
1760 2255 207 46 confessione.

1111 2292 234 52 Antecedens
1295 2292 167 52 patet.
1413 2292 201 52 Probatio
1563 2292 301 52 consequentiae:
1815 2292 134 52 quia
1898 2292 117 52 non

1109 2335 134 47 minor
1198 2335 134 47 ordo:
1287 2335 104 47 sed
1347 2335 149 47 potius
1451 2335 134 47 maior
1540 2335 208 47 requiritur
1704 2335 89 47 in
1748 2335 163 47 iudicio
1852 2335 119 47 spiri-

1106 2374 146 50 tuali,
1209 2374 117 50 quam
1282 2374 88 50 in
1326 2374 161 50 iudicio
1428 2374 161 50 seculari.

1137 2405 75 51 4
1167 2405 209 51 Praeterea,
1331 2405 120 51 ista
1406 2405 164 51 veritas
1526 2405 135 51 etiam
1615 2405 164 51 patebit
1735 2405 135 51 infra
1825 2405 105 51 per
1869 2405 105 51 dicen

1120 2449 88 54 la
1164 2449 88 54 in
1208 2449 161 54 secundo
1326 2449 191 54 articulo.

1141 2472 101 67 Ad
1192 2472 168 67 primum
1309 2472 218 67 dicendum,
1476 2472 134 67 quod
1560 2472 151 67 sicut
1661 2472 218 67 fortitudo
1828 2472 184 67 medici

1110 2534 109 46 nae
1173 2534 109 46 non
1235 2534 140 46 debet
1329 2534 156 46 taxari
1438 2534 93 46 ab
1484 2534 187 46 infirmo,
1625 2534 109 46 sed
1687 2534 78 46 a
1718 2534 171 46 medico,
1843 2534 109 46 sic
1890 2534 93 46 emen

1107 2568 87 44 da
1150 2568 101 44 pro
1208 2568 188 44 forifacto
1353 2568 101 44 non
1411 2568 130 44 debet
1498 2568 145 44 taxari
1599 2568 72 44 a
1628 2568 116 44 reo,
1701 2568 101 44 sed
1759 2568 72 44 a
1788 2568 159 44 iudice:
1904 2568 101 44 sed

1106 2611 177 50 iudices
1234 2611 225 50 peccatorum
1411 2611 128 50 Deus
1491 2611 225 50 constituit
1668 2611 241 50 sacerdotes,
1861 2611 112 50 cum
1909 2611 64 50 di

1110 2648 106 53 Sit
1171 2648 213 53 Apostolis,
1338 2648 152 53 Quorum
1444 2648 228 53 remiseritis
1626 2648 182 53 peccata,
1763 2648 213 53 remittutur
1915 2648 76 53 eis

1142 2690 103 51 Ad
1193 2690 206 51 secundum
1348 2690 138 51 nego
1434 2690 309 51 consequentiam:
1692 2690 138 51 quia
1778 2690 103 51 in
1829 2690 138 51 omni
1898 2690 69 51 ve

1122 2733 88 43 ta
1166 2733 234 43 contritione,
1356 2733 102 43 vel
1415 2733 205 43 implicite,
1576 2733 102 43 vel
1634 2733 190 43 explicite
1781 2733 161 43 habetur
1883 2733 88 43 pro-

1123 2768 170 52 positum
1246 2768 216 52 confitendi
1416 2768 186 52 peccata,
1556 2768 93 52 de
1602 2768 155 52 quibus
1710 2768 124 52 homo
1772 2768 201 52 conteritur.

1138 2809 103 46 Ad
1189 2809 189 46 tertium
1327 2809 223 46 dicendum,
1499 2809 138 46 quod
1585 2809 206 46 tempore,
1740 2809 120 46 quo
1791 2809 172 46 poenitui

1109 2849 141 48 Maria
1203 2849 219 48 Magdalena,
1375 2849 172 48 Petrus,
1501 2849 94 48 ac
1548 2849 172 48 Paulus,
1673 2849 156 48 nondum
1782 2849 125 48 fuit
1845 2849 125 48 insti-

1113 2887 116 50 tuta
1185 2887 188 50 confessio
1330 2887 261 50 sacramentalis,
1547 2887 130 50 sicut
1634 2887 116 50 nunc
1706 2887 217 50 dignoscitur
1866 2887 101 50 insti

1117 2932 140 39 tuta:
1210 2932 78 39 &
1241 2932 140 39 dato,
1334 2932 124 39 quod
1411 2932 155 39 aliquo
1520 2932 124 39 modo
1597 2932 155 39 fuerit
1706 2932 217 39 instituta,
1861 2932 109 39 tamen

1106 2968 113 45 non
1171 2968 130 45 fuit
1252 2968 146 45 adhuc
1349 2968 178 45 publice
1478 2968 243 45 praedicata.
1673 2968 146 45 Etiam
1770 2968 146 45 omnia
1851 2968 113 45 facta

1118 3000 234 57 particularia
1309 3000 205 57 cuiuslibet
1470 3000 205 57 singularis
1631 3000 176 57 personae
1763 3000 146 57 illius
1851 3000 117 57 tempo-

1113 3041 107 49 ris
1174 3041 107 49 non
1235 3041 122 49 sunt
1311 3041 183 49 scripta,
1448 3041 122 49 immo
1524 3041 107 49 nec
1584 3041 137 49 facta
1676 3041 167 49 Christi
1797 3041 137 49 omnia
1874 3041 107 49 scri-

1130 3092 88 41 ta
1174 3092 132 41 sunt,
1262 3092 132 41 sicut
1351 3092 132 41 patet
1439 3092 132 41 soan.
1527 3092 117 41 vlt.
1600 3092 147 41 c.ideo
1703 3092 103 41 non
1762 3092 103 41 est
1820 3092 117 41 bona
1879 3092 88 41 con-

1109 3131 217 42 sequentia,
1279 3131 108 42 qua
1341 3131 186 42 dicitur,
1480 3131 108 42 Nos
1542 3131 93 42 in
1588 3131 217 42 scripturis
1758 3131 108 42 non
1805 3131 170 42 inuenimus

1113 3162 277 50 confessionem
1338 3162 191 50 illarum
1477 3162 260 50 personarum,
1684 3162 139 50 ergo
1771 3162 121 50 non
1823 3162 156 50 fuerunt

1103 3203 193 63 confessae.
