2424 3563
194 291 202 77 nedicere:
350 291 124 77 ergo
427 291 109 77 &c.
489 291 140 77 Maior
582 291 155 77 patet.
691 291 140 77 Probo
784 291 186 77 minorem:
924 291 140 77 quia,
1001 291 78 77 qui

201 361 203 44 maledictus
361 361 116 44 est,
434 361 116 44 ille
507 361 102 44 non
565 361 145 44 potest
666 361 218 44 benedicere:
841 361 102 44 sed
899 361 131 44 talis
971 361 102 44 sacet

202 392 114 52 dos
267 392 114 52 est
332 392 243 52 maledictus:
526 392 130 52 ergo
591 392 65 52 &c

206 435 93 40 In
253 435 218 40 contrarium
425 435 171 40 videtur
549 435 125 40 esse
627 435 109 40 Au.
689 435 109 40 qui
752 435 125 40 ait.
830 435 140 40 Intra
908 435 171 40 ecclesiam

219 476 223 42 catholicam
395 476 96 42 in
443 476 223 42 ministerio
618 476 208 42 corporis,
778 476 80 42 &
810 476 208 42 sanguinis
953 476 128 42 domini

219 511 138 41 nihil
310 511 76 41 a
341 511 122 41 bono
417 511 153 41 maius,
525 511 153 41 nihila
632 511 122 41 malo
708 511 138 41 minus
800 511 214 41 perficitur
953 511 122 41 sacer-

222 549 132 52 dote:
311 549 118 52 quia
384 549 103 52 non
443 549 88 52 in
487 549 147 52 merito
590 549 250 52 consecrantis,
796 549 103 52 sed
854 549 88 52 in
899 549 132 52 verbo
972 549 103 52 crea-

225 587 118 58 toris
304 587 197 58 perficitur,
461 587 66 58 &
487 587 79 58 in
526 587 144 58 virtute
631 587 157 58 spiritus
749 587 144 58 sancti.
854 587 79 58 In
893 587 105 58 ista
946 587 131 58 quaestio

214 629 96 47 ne
262 629 193 47 quattuor
407 629 128 47 sunt
487 629 193 47 videnda.
631 629 145 47 Primo
728 629 128 47 quid
808 629 257 47 intelligatur
1001 629 80 47 no-

222 673 124 41 mine
299 673 201 41 corporis,
454 673 155 41 quando
562 673 217 41 substantia
733 673 139 41 panis
826 673 170 41 dicitur
934 673 155 41 conuerti

213 709 89 52 in
258 709 149 52 eorpus
362 709 179 52 Christi.
496 709 164 52 Secundo
615 709 89 52 de
660 709 149 52 princ.
764 709 179 52 quesito.
898 709 149 52 Tertio
988 709 104 52 vtrum

213 749 113 43 ordo
284 749 227 43 sacerdotalis
468 749 99 43 sit
525 749 85 43 de
567 749 213 43 necessitate
737 749 269 43 consecrationis.
964 749 85 43 Et
992 749 85 43 quai

219 794 108 47 to,
280 794 139 47 vtrum
373 794 185 47 intentio
512 794 231 47 consecrandi
697 794 216 47 necessario
866 794 216 47 requiratur
1020 794 62 47 ad

206 823 110 53 hoc
269 823 94 53 vt
316 823 188 53 sacerdos
457 823 204 53 conficiat
613 823 141 53 istud
692 823 219 53 sacramentum.

370 940 565 83 RESOLVTI
747 940 141 83 O

211 1025 136 77 Quilib
307 1025 82 77 et
348 1025 164 77 sacerdos
470 1025 109 77 siue
539 1025 136 77 bonus,
634 1025 109 77 siue
702 1025 136 77 malus,
798 1025 150 77 dummodo
907 1025 164 77 intendat
1016 1025 68 77 fa-

247 1084 124 56 cere,
330 1084 110 56 quod
398 1084 165 56 intendit
522 1084 179 56 Ecclesia,
659 1084 179 56 proftrens
797 1084 151 56 debitam
906 1084 137 56 formam
989 1084 96 56 super

264 1128 146 46 debitam
370 1128 159 46 materiam
489 1128 212 46 Eucharistiae
662 1128 93 46 cum
715 1128 93 46 int
768 1128 146 46 entione
874 1128 199 46 conficiendi
1020 1128 66 46 idi

257 1167 102 51 quod
321 1167 153 51 christus
436 1167 89 51 quo
487 1167 77 51 ad
525 1167 89 51 hoc
576 1167 115 51 fieri
653 1167 179 51 instituit,
793 1167 102 51 ille
857 1167 102 51 vere
920 1167 153 51 conficit
1022 1167 64 51 sa-

256 1211 181 46 cramentum
395 1211 181 46 corporis,
535 1211 70 46 &
563 1211 181 46 languinis
702 1211 139 46 domini
799 1211 139 46 nostri
897 1211 111 46 Tesa
953 1211 139 46 christi,

257 1258 91 54 non
309 1258 157 54 obstante
427 1258 144 54 malitia
531 1258 183 54 quacisque,
674 1258 91 54 vel
727 1258 183 54 spirituali
870 1258 157 54 ligamine
975 1258 117 54 ipsius.

338 1337 612 57 ARTICVLVS
762 1337 188 57 1.

212 1414 131 82 Quid
293 1414 277 82 intelligatior
522 1414 163 82 nomine
636 1414 212 82 corporis,
799 1414 163 82 quando
897 1414 196 82 substantia

339 1491 136 59 panis
430 1491 167 59 dicitur
551 1491 182 59 conuerti
687 1491 91 59 in
733 1491 151 59 corpus
824 1491 151 59 christi.

305 1561 177 63 VANTVM
429 1561 106 63 ad
482 1561 177 63 primum
606 1561 124 63 est
677 1561 283 63 aduertendum,
907 1561 142 63 quod
978 1561 106 63 cor-

223 1611 81 54 A
255 1611 114 54 pus
320 1611 163 54 potest
434 1611 244 54 tripliciter
629 1611 179 54 accipi.
759 1611 114 54 Vno
824 1611 146 54 modo,
922 1611 146 54 prout
1003 1611 81 54 ess

235 1653 88 43 de
279 1653 248 43 praedicamento
484 1653 234 43 quantitatis,
674 1653 73 43 &
703 1653 102 43 sic
761 1653 175 43 praecise
893 1653 131 43 dicit
980 1653 146 43 trinam

235 1690 247 50 dimensionem.
436 1690 124 50 Alio
513 1690 139 50 modo,
606 1690 139 50 prout
698 1690 108 50 est
760 1690 170 50 directe
884 1690 93 50 in
915 1690 170 50 praedica-

238 1737 134 44 mento
328 1737 239 44 substantiae,
521 1737 75 44 &
551 1737 224 44 praedicatur
730 1737 253 44 essentialiter
939 1737 89 44 de
969 1737 119 44 homine

229 1767 77 53 &
259 1767 92 53 de
306 1767 139 53 aliis
398 1767 139 53 rebus
490 1767 200 53 corporeis
644 1767 169 53 directe
768 1767 92 53 in
814 1767 246 53 predicamento
999 1767 92 53 sub-

226 1810 180 47 stantiae
361 1810 255 47 existentibus,
571 1810 75 47 &
601 1810 105 47 sic
661 1810 135 47 dicit
752 1810 105 47 rem
812 1810 210 47 compositam
977 1810 90 47 ex
1007 1810 75 47 ma-

233 1851 149 45 teria,
338 1851 75 45 &
368 1851 135 45 forma
457 1851 254 45 substantiali.
667 1851 149 45 Tertio
771 1851 135 45 modo,
861 1851 135 45 prout
950 1851 90 45 in
980 1851 105 45 rebus

234 1884 185 45 animatis
372 1884 139 45 dicit
465 1884 170 45 alteram
588 1884 154 45 partem
696 1884 216 45 distinctam
866 1884 154 45 contra
958 1884 139 45 animam,

224 1927 197 46 secundum
371 1927 131 46 quod
454 1927 115 46 ait
519 1927 246 46 philosophus
716 1927 99 46 2.
766 1927 99 46 de
815 1927 164 46 anima.
930 1927 148 46 Anima
1012 1927 82 46 est

237 1970 137 43 actus
328 1970 182 43 corporis
465 1970 182 43 organici
601 1970 167 43 physici
723 1970 182 43 potentia
859 1970 137 43 vitam
935 1970 152 43 habentis

240 2006 82 51 &
272 2006 115 51 sic
338 2006 148 51 dicit
437 2006 148 51 ipsam
536 2006 214 51 materiam,
701 2006 115 51 non
767 2006 297 51 quomodocumque,
1015 2006 115 51 sed

231 2047 229 46 modificatam
414 2047 229 46 quantitate,
598 2047 122 46 puta
674 2047 183 46 materiam
812 2047 199 46 extensam:
965 2047 92 46 Et
995 2047 92 46 isto

238 2081 122 50 modo
314 2081 107 50 non
375 2081 107 50 est
436 2081 168 50 directe
558 2081 91 50 in
603 2081 274 50 praedicamento,
832 2081 107 50 sed
893 2081 107 50 per
939 2081 152 50 reductio

231 2132 126 39 nem:
310 2132 126 39 quia
389 2132 126 39 pars
467 2132 236 39 essentialis
656 2132 205 39 reducitur
814 2132 94 39 ad
845 2132 252 39 praedicamentum

227 2163 113 53 sui
291 2163 178 53 totius,
421 2163 113 53 nec
485 2163 242 53 praedicatur
679 2163 275 53 essentialiter
905 2163 97 53 de
938 2163 145 53 homine:

232 2203 123 49 quia
309 2203 123 49 pars
386 2203 108 49 non
448 2203 232 49 praedicatur
633 2203 262 49 essentialiter
849 2203 93 49 de
895 2203 108 49 suo
957 2203 139 49 toto:
1034 2203 62 49 Et

248 2249 128 41 quia
328 2249 112 41 his
392 2249 160 41 tribus
505 2249 144 41 modis
601 2249 209 41 reperitur
761 2249 160 41 corpus
873 2249 96 41 in
906 2249 192 41 humanitate

234 2280 184 49 Christi:
372 2280 123 49 ideo
449 2280 169 49 quantum
572 2280 92 49 ad
618 2280 138 49 istum
710 2280 200 49 articulum
864 2280 138 49 iuxta
956 2280 123 49 hanc
1017 2280 77 49 tri

235 2324 182 43 membrem
368 2324 199 43 corporis
517 2324 149 43 dist.
616 2324 132 43 pono
699 2324 215 43 triplicem
848 2324 248 43 conclusionem.

273 2358 141 43 Prima
367 2358 204 43 conclusio
524 2358 125 43 est,
602 2358 125 43 quod
681 2358 110 43 cum
744 2358 172 43 dicitur
869 2358 219 43 substantia
1026 2358 78 43 pa-

242 2399 105 46 nis
302 2399 180 46 conuerti
437 2399 90 46 in
482 2399 150 46 corpus
587 2399 180 46 Christi,
721 2399 120 46 tunc
796 2399 150 46 nomine
901 2399 180 46 corporis
1021 2399 75 46 non

245 2450 249 40 intelligitur
448 2450 156 40 corpus
557 2450 140 40 primo
651 2450 125 40 modo
729 2450 172 40 dictum.
854 2450 125 40 Quia
931 2450 94 40 si
963 2450 140 40 conuer-

242 2477 168 50 teretur
364 2477 92 50 in
410 2477 122 50 tale
486 2477 168 50 corpus)
608 2477 122 50 quod
685 2477 107 50 est
746 2477 92 50 de
792 2477 260 50 praedicamento
990 2477 107 50 quan-

239 2517 172 49 titatis,
368 2517 115 49 tunc
440 2517 201 49 substantia
598 2517 172 49 corporis
727 2517 158 49 Christi
842 2517 129 49 esset
928 2517 86 49 in
956 2517 144 49 sacramen

238 2556 91 52 to
283 2556 183 52 mediante
420 2556 228 52 quantitate,
603 2556 76 52 &
633 2556 107 52 per
694 2556 213 52 consequene
862 2556 183 52 extense,
983 2556 107 52 &quam

249 2596 180 46 titatiue,
388 2596 97 46 sed
443 2596 194 46 consequens
596 2596 97 46 est
651 2596 153 46 falsum:
762 2596 111 46 ergo
832 2596 69 46 &
859 2596 208 46 antecedens.
1012 2596 97 46 Falsi

249 2642 95 46 tas
304 2642 218 46 consequentis
481 2642 123 46 patet
563 2642 82 46 ex
604 2642 136 46 dictis
699 2642 82 46 in
740 2642 82 46 ro
781 2642 123 46 dist.
863 2642 82 46 q.
904 2642 68 46 2
931 2642 177 46 articulo.
1054 2642 41 46 I

246 2680 243 41 Consequentia
443 2680 137 41 etiam
535 2680 152 41 patet:
641 2680 122 41 quia
717 2680 137 41 sicut
808 2680 122 41 nunc
884 2680 182 41 ponimus,
1006 2680 91 41 quod

248 2715 136 45 licet
339 2715 197 45 quantitas
490 2715 167 45 Christi
612 2715 106 45 sit
672 2715 91 45 in
718 2715 227 45 sacramento:
900 2715 136 45 tamen
991 2715 106 45 non
1036 2715 76 45 est

248 2748 115 54 ibi
313 2748 280 54 quantitatiue,
544 2748 99 54 eo
593 2748 132 54 quod
676 2748 280 54 concomitanter
906 2748 115 54 est
972 2748 115 54 ibi
1022 2748 82 54 me-

256 2798 137 42 diante
352 2798 206 42 substantia,
517 2798 110 42 quae
585 2798 82 42 de
626 2798 82 42 se
667 2798 96 42 est
722 2798 247 42 indiuisibilis:
928 2798 96 42 sic
969 2798 137 42 econuer-

245 2827 100 55 so,
302 2827 100 55 si,
359 2827 243 55 principaliter
559 2827 129 55 esset
645 2827 100 55 ibi
702 2827 200 55 quantitas,
859 2827 71 55 &
887 2827 200 55 substantia
1030 2827 86 55 con-

252 2875 230 43 comitanter
432 2875 197 43 mediante
580 2875 246 43 quantitate,
777 2875 131 43 tunc
859 2875 230 43 substantia
1023 2875 82 43 ca-

260 2919 130 45 peret
346 2919 101 45 ibi
404 2919 130 45 modum
490 2919 231 45 quantitatis,
678 2919 72 45 &
707 2919 130 45 esset
794 2919 101 45 ibi
851 2919 260 45 diuisibiliter,
1053 2919 58 45 eo

249 2947 111 61 quod
319 2947 181 61 quantitas
458 2947 84 61 de
500 2947 84 61 se
541 2947 97 61 sit
597 2947 223 61 diuisibilis.

296 2984 161 57 Contra
408 2984 145 57 istam
505 2984 257 57 conclusionem
714 2984 161 57 potest
826 2984 145 57 argui
922 2984 128 57 sic.
987 2984 128 57 Quando

258 3033 149 42 aliqua
362 3033 104 42 sic
422 3033 89 42 se
466 3033 164 42 habent,
585 3033 119 42 quod
660 3033 119 42 sunt
734 3033 134 42 idem,
823 3033 74 42 &
853 3033 223 42 indistincta
1017 3033 89 42 rea-

261 3070 146 51 liter,
363 3070 175 51 quicquid
494 3070 175 51 realiter
625 3070 175 51 conuenit
757 3070 116 51 vni,
829 3070 73 51 &
858 3070 160 51 alteri:
975 3070 102 51 sed
1019 3070 87 51 cor-

256 3106 106 58 pus
316 3106 90 58 de
361 3106 256 58 praedicamento
572 3106 226 58 quantitatis
753 3106 181 58 existens
889 3106 90 58 in
934 3106 166 58 Christo
1040 3106 75 58 est

249 3141 176 64 realitcr
382 3141 118 64 idem
455 3141 103 64 cum
514 3141 206 64 substantia
675 3141 176 64 corporis
808 3141 176 64 Christi:
940 3141 118 64 ergo
1013 3141 88 64 si
1043 3141 73 64 sub

1112 302 162 61 stantia
1230 302 133 61 panis
1319 302 221 61 conuertitur
1496 302 88 61 in
1540 302 221 61 substantiam
1717 302 177 61 corporis
1835 302 147 61 Christi,

1112 363 96 45 vt
1160 363 159 45 dictum
1272 363 128 45 est,
1351 363 207 45 sequitur,
1511 363 128 45 quod
1590 363 239 45 conuertatur
1782 363 96 45 in
1814 363 175 45 quantita-

1109 405 110 43 tem
1172 405 189 43 corporis
1314 405 189 43 Christi,
1455 405 126 43 quod
1533 405 110 43 est
1596 405 173 43 directe
1722 405 157 43 contra
1832 405 126 43 hanc
1895 405 94 43 con-

1104 435 241 48 clusionem.
1293 435 155 48 Maior
1397 435 172 48 patet.
1518 435 121 48 Sed
1586 435 190 48 minorem
1724 435 190 48 probant
1845 435 138 48 quidam

1114 475 159 58 Anglici
1215 475 87 58 sic-

1184 513 148 52 Omnem
1282 513 115 52 rem
1348 513 181 52 priorem
1480 513 132 52 alia
1562 513 132 52 Deus
1644 513 165 52 potest
1760 513 181 52 facere,
1891 513 82 52 &
1908 513 82 52 con

1113 551 179 50 eruare,
1243 551 81 50 &
1275 551 244 50 posteriorem
1470 551 211 50 destruere
1633 551 114 50 non
1698 551 179 50 mutando
1811 551 179 50 localiter

1109 592 100 43 rem
1166 592 172 43 priorem:
1295 592 100 43 sed
1353 592 86 43 si
1396 592 187 43 quantitas
1539 592 187 43 differret
1683 592 172 43 realiter
1812 592 72 43 a
1826 592 144 43 substan-

1108 631 133 49 stia,
1197 631 118 49 tunc
1271 631 192 49 quantitas
1418 631 133 49 esset
1507 631 192 49 posterior
1654 631 118 49 ipsa
1728 631 221 49 substantia:
1890 631 89 49 ergo

1110 670 166 51 virtute
1231 670 166 51 diuina,
1351 670 196 51 destructa
1502 670 226 51 quantitate,
1683 670 151 51 potest
1789 670 151 51 manere
1879 670 91 51 sub-

1113 711 179 39 stantia,
1247 711 134 39 nulla
1337 711 194 39 mutatione
1485 711 149 39 locali
1590 711 134 39 sacta
1679 711 134 39 circa
1768 711 149 39 ipsam,
1873 711 74 39 &
1888 711 89 39 tunc

1106 750 140 55 locum
1200 750 202 55 occupauit
1355 750 140 55 sicut
1448 750 155 55 prius,
1557 750 78 55 &
1588 750 109 55 per
1650 750 217 55 consequens
1821 750 124 55 erit
1883 750 93 55 con-

1109 790 147 41 tinua,
1212 790 73 41 &
1241 790 147 41 quanta
1344 790 117 41 sine
1418 790 206 41 quantitate
1579 790 88 41 ab
1623 790 88 41 ea
1667 790 176 41 realiter
1785 790 176 41 distincta.

1120 830 78 50 2
1152 830 219 50 Praeterea,
1323 830 203 50 contingit
1479 830 234 50 intelligere
1667 830 234 50 substantiam
1839 830 141 50 lapidis

1112 867 162 53 manere
1225 867 97 53 in
1273 867 145 53 eodem
1370 867 145 53 loco,
1467 867 275 53 circumscripta
1693 867 113 53 per
1758 867 242 53 intellectum
1936 867 48 53 a

1114 915 110 43 tali
1183 915 193 43 substantia
1335 915 110 43 omni
1404 915 97 43 re,
1459 915 110 43 quae
1528 915 97 43 est
1583 915 179 43 posterior
1721 915 124 43 ipsa:
1804 915 97 43 sed
1845 915 124 43 substan

1114 944 102 50 tia
1173 944 160 50 lapidis
1289 944 102 50 non
1347 944 145 50 potest
1448 944 189 50 intelligi
1593 944 145 50 manere
1695 944 87 50 in
1738 944 131 50 eodem
1825 944 131 50 loco,
1898 944 87 50 cir-

1105 993 228 44 cumscripta
1284 993 131 44 omni
1366 993 228 44 quantitate
1545 993 114 44 per
1611 993 261 44 intellectum:
1823 993 131 44 ergo
1888 993 98 44 quan

1107 1030 136 42 titas
1198 1030 167 42 lapidis
1319 1030 106 42 non
1379 1030 106 42 est
1440 1030 197 42 posterior
1591 1030 212 42 substantia
1758 1030 182 42 lapidis,
1894 1030 76 42 &
1909 1030 76 42 per

1117 1063 200 44 consequens
1274 1063 100 44 non
1331 1063 157 44 differt
1446 1063 86 44 ab
1489 1063 100 44 ea:
1546 1063 114 44 quia
1617 1063 86 44 si
1660 1063 200 44 differret,
1818 1063 114 44 tunc
1875 1063 100 44 esset

1121 1103 195 50 posterior
1256 1103 60 50 ea

1118 1150 74 45 3
1148 1150 206 45 Praeterea,
1310 1150 88 45 si
1354 1150 191 45 quantitas
1501 1150 162 45 differt
1619 1150 74 45 a
1648 1150 221 45 substantia,
1825 1150 118 45 tunc
1884 1150 88 45 Deus

1127 1187 133 44 otest
1216 1187 163 44 facere,
1335 1187 119 44 quod
1409 1187 208 44 substantia
1572 1187 208 44 corporalis
1735 1187 193 44 coexistat
1868 1187 104 44 quan-

1119 1216 151 46 citati
1225 1216 76 46 :
1255 1216 76 46 &
1285 1216 136 46 tamen
1376 1216 106 46 non
1436 1216 212 46 informetur
1602 1216 106 46 per
1663 1216 121 46 eam:
1738 1216 121 46 ergo
1814 1216 136 46 talis
1889 1216 91 46 sub-

1107 1257 161 53 stantia
1225 1257 132 53 esset
1313 1257 147 53 quanta
1415 1257 147 53 seipsa
1518 1257 117 53 sine
1592 1257 147 53 aliqua
1694 1257 205 53 quantitate
1856 1257 103 53 per
1900 1257 73 53 in-

1105 1299 233 43 formationem
1292 1299 171 43 addita.
1416 1299 248 43 Consequentia
1617 1299 155 43 patet:
1726 1299 124 43 quia
1803 1299 124 43 tota
1881 1299 124 43 illa

1106 1337 205 43 substantia
1267 1337 263 43 corresponderet
1487 1337 117 43 toti
1560 1337 220 43 quantitati,
1736 1337 102 43 cui
1794 1337 161 43 dicitur
1897 1337 73 43 coc

1113 1378 171 44 xistere,
1241 1378 71 44 &
1269 1378 114 44 pars
1340 1378 142 44 parti,
1440 1378 114 44 quod
1511 1378 128 44 fieri
1596 1378 100 44 non
1653 1378 156 44 posset,
1767 1378 114 44 nisi
1824 1378 156 44 huiusmodi

1123 1420 187 47 ubstantia
1267 1420 130 47 esset
1353 1420 158 47 quanta,
1468 1420 72 47 &
1497 1420 101 47 hoc
1554 1420 158 47 seipsa:
1669 1420 115 47 quia
1741 1420 216 47 supponitur,
1900 1420 86 47 quod

1119 1453 106 49 non
1179 1453 212 49 informetur
1346 1453 227 49 quantitate,
1527 1453 106 49 cui
1573 1453 181 49 coexistit.

1132 1493 77 50 4
1162 1493 216 50 Praeterea,
1332 1493 185 50 Magister
1471 1493 247 50 sententiarum
1671 1493 154 50 dicit,
1779 1493 123 50 quod
1856 1493 154 50 color,

1117 1535 138 48 sapor,
1214 1535 97 48 &c.
1269 1535 180 48 huiusmodi
1407 1535 83 48 in
1449 1535 124 48 sacro
1532 1535 152 48 altaris
1642 1535 111 48 sint
1712 1535 111 48 sine
1781 1535 180 48 subiecto:
1919 1535 97 48 sed

1119 1574 84 40 si
1161 1574 126 40 esset
1245 1574 98 40 ibi
1301 1574 196 40 quantitas,
1456 1574 98 40 que
1512 1574 126 40 esset
1596 1574 98 40 res
1652 1574 126 40 media
1736 1574 182 40 disferens
1877 1574 70 40 a
1891 1574 84 40 sub-

1113 1614 175 43 stantia,
1245 1614 73 43 &
1274 1614 204 43 qualitate,
1434 1614 117 43 tunc
1507 1614 189 43 huiusmodi
1652 1614 204 43 accidentia
1813 1614 102 43 non
1856 1614 117 43 essent

1118 1654 123 54 sine
1195 1654 201 54 subiecto:
1349 1654 123 54 quia
1426 1654 232 54 fundarentur
1612 1654 93 54 in
1658 1654 201 54 huiusmodi
1797 1654 185 54 quantitate

1117 1691 135 51 ergo
1185 1691 84 51 &c.

1196 1730 198 52 Ptaeterea,
1351 1730 85 52 si
1394 1730 184 52 quantitas
1535 1730 156 52 differt
1649 1730 71 52 a
1677 1730 212 52 substantia,
1847 1730 113 52 tunc
1903 1730 85 52 eius

1113 1764 208 55 subiectum
1273 1764 241 55 adaequatum,
1466 1764 112 55 vel
1530 1764 112 55 est
1594 1764 192 55 materia,
1738 1764 112 55 vel
1803 1764 160 55 forma,
1899 1764 80 55 vel

1115 1811 244 41 compositum
1306 1811 104 41 ex
1358 1811 209 41 materia,
1515 1811 87 41 &
1550 1811 174 41 forma.
1672 1811 122 41 Non
1741 1811 209 41 materia:
1881 1811 104 41 quia

1122 1852 126 45 tunc
1201 1852 173 45 aliquod
1327 1852 189 45 accidens
1468 1852 236 45 praecederet
1657 1852 268 45 substantialem
1862 1852 110 45 forma

1122 1889 87 43 in
1166 1889 175 43 materia.
1297 1889 102 43 Nec
1355 1889 146 43 forma:
1457 1889 116 43 quia
1530 1889 116 43 tunc
1603 1889 87 43 si
1646 1889 160 43 materia
1763 1889 131 43 esset
1835 1889 146 43 separata

1122 1928 76 50 a
1152 1928 152 50 forma,
1259 1928 122 50 ipsa
1335 1928 106 50 non
1395 1928 137 50 esset
1487 1928 167 50 quanta.
1608 1928 106 50 Nec
1669 1928 228 50 compositum:
1851 1928 122 50 quia
1912 1928 76 50 tuc

1120 1970 199 48 subiectum
1273 1970 230 48 quantitatis
1456 1970 138 48 esset
1548 1970 214 48 compositus
1717 1970 230 48 quantitate,
1885 1970 92 48 quod

1123 2006 110 49 est
1186 2006 173 49 falsum:
1312 2006 126 49 quia
1391 2006 157 49 nullum
1501 2006 189 49 accidens
1643 2006 205 49 absolutum
1800 2006 110 49 est
1847 2006 142 49 simpli-

1119 2043 117 54 cius
1192 2043 102 54 suo
1236 2043 161 54 subiecto.

1141 2083 77 49 4
1171 2083 214 49 Praeterea,
1340 2083 92 49 si
1386 2083 199 49 quantitas
1539 2083 107 49 non
1600 2083 138 49 esset
1692 2083 138 49 idem,
1784 2083 123 49 quod
1845 2083 138 49 substan

1121 2126 127 44 tia,
1200 2126 111 44 non
1264 2126 142 44 esset
1358 2126 221 44 susceptiua
1532 2126 269 44 contrariorum:
1754 2126 221 44 consequens
1912 2126 79 44 est

1121 2164 173 50 falsum:
1247 2164 126 50 quia
1326 2164 189 50 proprium
1468 2164 110 50 est
1531 2164 236 50 substantiae
1719 2164 189 50 secundum
1861 2164 110 50 sui
1908 2164 79 50 mu-

1133 2213 178 45 ationem
1262 2213 129 45 esse
1343 2213 243 45 susceptiuam
1537 2213 275 45 contrariorum,
1764 2213 97 45 vt
1812 2213 178 45 videtur
1925 2213 65 45 in

1115 2239 261 62 praedicamentis.

1146 2275 75 55 7
1176 2275 210 55 Praeterea,
1341 2275 90 55 si
1386 2275 195 55 differunt
1536 2275 225 55 substantia,
1717 2275 75 55 &
1747 2275 210 55 quantitas,
1897 2275 90 55 tune

1129 2319 145 51 quando
1230 2319 87 51 de
1273 2319 130 51 denso
1360 2319 101 51 fit
1418 2319 145 51 rarum,
1520 2319 101 51 aut
1577 2319 101 51 est
1635 2319 101 51 ibi
1693 2319 116 51 noua
1766 2319 203 51 quantitas,
1911 2319 72 51 aut

1130 2369 118 40 non:
1204 2369 89 40 si
1248 2369 118 40 sic:
1322 2369 103 40 aut
1381 2369 103 40 est
1440 2369 118 40 tota
1514 2369 133 40 noua,
1603 2369 74 40 &
1632 2369 118 40 tunc
1706 2369 118 40 tota
1780 2369 133 40 prima
1854 2369 133 40 quanti-

1126 2400 108 50 tas
1187 2400 248 50 corrumpitur,
1389 2400 124 50 quod
1466 2400 170 50 videtur
1590 2400 124 50 esse
1667 2400 170 50 falsum:
1791 2400 108 50 aut
1853 2400 124 50 pars
1915 2400 77 50 est

1120 2437 130 46 noua,
1206 2437 72 46 &
1235 2437 116 46 tunc
1307 2437 159 46 petitur
1423 2437 87 46 de
1466 2437 173 46 subiecto
1596 2437 144 46 illius
1697 2437 130 46 nouae
1784 2437 231 46 quantitatis:

1150 2481 102 44 uia
1209 2481 102 44 vel
1267 2481 102 44 est
1325 2481 116 44 tota
1397 2481 218 44 substantia,
1571 2481 102 44 aut
1629 2481 116 44 pars
1702 2481 232 44 substantiae,
1876 2481 116 44 quorum

1141 2518 191 43 trumque
1279 2518 121 43 est
1349 2518 295 43 inconueniens:
1592 2518 139 43 quia
1679 2518 226 43 quocumque
1835 2518 156 43 istorum

1134 2556 134 45 dato,
1223 2556 193 45 sequitur,
1372 2556 119 45 quod
1446 2556 119 45 duae
1520 2556 223 45 quantitates
1698 2556 119 45 sint
1772 2556 134 45 simul
1861 2556 89 45 in
1891 2556 104 45 eodem

1127 2593 183 49 subiecto:
1268 2593 113 49 quod
1338 2593 99 49 via
1395 2593 155 49 naturae
1508 2593 99 49 est
1564 2593 226 49 impossibile.
1747 2593 85 49 Si
1790 2593 113 49 vero
1860 2593 85 49 in
1902 2593 113 49 illa

1136 2635 206 41 ubstantia
1294 2635 142 41 nulla
1389 2635 127 41 noua
1469 2635 206 41 quantitas
1627 2635 111 41 est
1690 2635 222 41 acquisita,
1864 2635 79 41 &
1880 2635 111 41 tamen

1138 2674 101 44 est
1195 2674 202 44 rarefacta,
1354 2674 101 44 hoc
1412 2674 101 44 non
1470 2674 144 44 potest
1571 2674 130 44 esse,
1658 2674 116 44 nisi
1730 2674 116 44 quia
1802 2674 130 44 eadem
1874 2674 116 44 quanti

1144 2712 92 43 as
1190 2712 199 43 coexistit
1343 2712 123 43 nunc
1419 2712 153 43 maiori
1527 2712 138 43 loco,
1618 2712 123 43 quam
1695 2712 153 43 prius,
1802 2712 77 43 &
1833 2712 107 43 hoc
1879 2712 107 43 aeque

1135 2755 114 54 bene
1206 2755 143 54 potest
1306 2755 114 54 dici
1377 2755 86 54 de
1420 2755 214 54 substantia:
1591 2755 114 54 ergo
1663 2755 157 54 frustra
1777 2755 186 54 poneretur
1905 2755 86 54 quam

1138 2787 122 53 titas
1220 2787 163 53 differre
1342 2787 68 53 a
1356 2787 163 53 substantia

1149 2824 75 55 3
1179 2824 210 55 Praeterea,
1344 2824 150 55 illud,
1449 2824 90 55 de
1494 2824 105 55 quo
1554 2824 120 55 vere
1628 2824 240 55 praedicantur
1808 2824 180 55 proprieta-

1138 2869 101 45 tes
1195 2869 232 45 quantitatis,
1384 2869 101 45 hoc
1442 2869 116 45 vere
1514 2869 101 45 est
1572 2869 203 45 quantitas:
1731 2869 101 45 sed
1789 2869 87 45 de
1818 2869 174 45 substantia

1138 2915 120 45 vere
1213 2915 240 45 praedicantur
1408 2915 240 45 proprietates
1602 2915 240 45 quantitatis,
1797 2915 120 45 puta
1857 2915 135 45 longum,

1132 2947 143 50 latum,
1232 2947 172 50 finitum,
1361 2947 201 50 infinitum,
1519 2947 143 50 habere
1619 2947 72 50 n
1648 2947 201 50 ositionem,
1806 2947 100 50 &c.
1863 2947 143 50 talia.

1157 2986 76 47 p
1187 2986 214 47 Praeterea,
1355 2986 198 47 cuicumque
1508 2986 183 47 conuenit
1645 2986 229 47 diffinitio,
1828 2986 76 47 &
1843 2986 153 47 diffini-

1140 3027 120 50 tum:
1215 3027 105 50 sed
1275 3027 226 50 substantiae
1456 3027 196 50 corporeae
1607 3027 181 50 conuenit
1742 3027 211 50 diffinitio
1893 3027 105 50 quan-

1155 3066 149 45 itatis
1260 3066 209 45 continuae:
1424 3066 119 45 quia
1498 3066 149 45 partes
1603 3066 119 45 eius
1678 3066 209 45 copulantur
1842 3066 90 45 ad
1872 3066 119 45 eundem

1140 3103 202 50 terminum
1292 3103 219 50 communem,
1460 3103 152 50 alias
1562 3103 169 50 essent
1680 3103 101 50 ab
1730 3103 185 50 inuicem
1848 3103 152 50 disiun-

1151 3148 104 58 ctae
1216 3148 65 58 :
1242 3148 104 58 ergo
1294 3148 65 58 &c.
