2406 3553
247 263 160 59 Primo,
359 263 128 59 quis
439 263 112 59 sit
503 263 192 59 idoneus,
647 263 80 59 &
679 263 176 59 debitus
807 263 192 59 minister
935 263 160 59 conferen

218 316 103 41 di
269 316 155 41 istud
373 316 276 41 sacramentum.
597 316 207 41 Secundo,
752 316 155 41 vtrum
855 316 138 41 idem
941 316 138 41 homo
1010 316 69 41 in

231 355 187 45 pluribus
372 355 297 45 infirmitatibus,
622 355 78 45 &
653 355 141 45 etiam
747 355 94 45 in
794 355 141 45 eadem
888 355 109 45 diu
934 355 141 45 durantu

223 396 150 39 licite
328 396 150 39 possit
432 396 135 39 istud
522 396 224 39 sacramentum
702 396 135 39 saepe
776 396 165 39 recipere.

260 431 100 44 Et
310 431 200 44 secundum
460 431 117 44 hoc
527 431 133 44 pono
610 431 133 44 duas
677 431 250 44 conclusiones.

264 470 140 46 Prima
358 470 124 46 est,
435 470 124 46 quod
513 470 140 46 solus
606 470 186 46 sacerdos
746 470 109 46 est
808 470 155 46 istius
902 470 186 46 sacramenti

190 506 182 51 idoneus
323 506 83 51 d
356 506 232 51 spensator:
538 506 132 51 quia
621 506 199 51 conferre
770 506 265 51 sacramentum,
968 506 116 51 cuius

219 555 181 45 effectus
355 555 106 45 est
415 555 181 45 remissio
551 555 226 45 peccatorum,
732 555 136 45 solis
822 555 181 45 conuenit
943 555 136 45 sacerdo

219 596 151 45 tibus:
324 596 105 45 Sed
385 596 181 45 effectus
520 596 151 45 istius
625 596 211 45 sacramenti
791 596 105 45 est
851 596 211 45 peccatorum
1002 596 75 45 re-

223 630 154 48 missio,
335 630 84 48 vt
377 630 126 48 patet
461 630 84 48 ex
489 630 126 48 dictis.

216 666 142 50 Forte
311 666 190 50 dicetur,
453 666 126 50 quod
532 666 158 50 oratio
643 666 126 50 boni
722 666 142 50 laici
816 666 111 50 est
880 666 237 50 efficacior,

217 712 114 55 quam
288 712 114 55 mali
360 712 215 55 sacerdotis:
531 712 100 55 sed
589 712 129 55 essic
674 712 114 55 acia
746 712 143 55 istius
846 712 200 55 sacramenti
989 712 86 55 con-

212 751 146 52 sistit
315 751 88 52 in
358 751 190 52 oratione,
504 751 102 52 cum
563 751 117 52 eius
636 751 131 52 forma
724 751 102 52 sit
782 751 146 52 oratio
870 751 204 52 deprecatiua,

215 788 132 50 sicut
304 788 147 50 dictum
407 788 103 50 est
466 788 88 50 in
510 788 74 50 2
539 788 103 50 ar.
598 788 118 50 erro
672 788 177 50 videtur,
804 788 118 50 quod
878 788 132 50 bonus
951 788 118 50 laicus

213 829 170 55 melior,
336 829 77 55 &
367 829 139 55 magis
459 829 170 55 idoneus
583 829 108 55 sit
644 829 231 55 dispensator
829 829 154 55 istius
922 829 154 55 sacramen

207 864 114 56 ti,
272 864 131 56 quam
354 864 147 56 malus
436 864 163 56 sacerdos

253 907 241 43 Respondeo,
442 907 138 43 quod
529 907 103 43 de
580 907 207 43 oratione
735 907 207 43 possumus
873 907 207 43 dupliciter

209 931 156 62 loqui,
319 931 109 62 Vno
381 931 141 62 modo,
475 931 94 62 vt
522 931 109 62 est
585 931 172 62 publica
710 931 219 62 conueniens
882 931 156 62 alicui
991 931 94 62 ex
1022 931 63 62 of

200 986 152 41 ficio;
306 986 121 41 Alio
382 986 136 41 modo,
473 986 91 41 vt
518 986 106 41 est
579 986 167 41 priuata
700 986 212 41 conueniens
867 986 152 41 alicui
973 986 91 41 ex
1003 986 76 41 vi-

205 1027 115 40 tae
270 1027 164 40 merito
385 1027 147 40 Primo
483 1027 131 40 modo
565 1027 147 40 maior
663 1027 115 40 est
728 1027 164 40 falsa,
843 1027 147 40 licet
925 1027 147 40 secundo

212 1065 126 45 modo
291 1065 110 45 sit
354 1065 142 45 vera:
449 1065 95 45 Et
496 1065 126 45 ideo
575 1065 95 45 in
622 1065 205 45 proposito
780 1065 142 45 maior
874 1065 110 45 est
921 1065 158 45 neganda:

207 1105 124 54 quia
284 1105 186 54 sacerdos
423 1105 155 54 dicens
531 1105 217 54 orationem,
702 1105 108 54 qua
764 1105 170 54 confert
887 1105 139 54 istud
965 1105 108 54 sacra

206 1147 164 41 mentum,
326 1147 119 41 quae
400 1147 149 41 oratio
505 1147 119 41 sibi
579 1147 179 41 conuenit
714 1147 90 41 ex
758 1147 179 41 officio,
893 1147 119 41 orat
967 1147 90 41 in
997 1147 75 41 per

205 1182 113 42 sona
276 1182 141 42 totius
375 1182 184 42 Ecclesiae
516 1182 71 42 &
544 1182 127 42 ideo,
629 1182 85 42 vt
672 1182 113 42 sic,
742 1182 113 42 eius
813 1182 141 42 oratio
912 1182 99 42 est
955 1182 127 42 effica-

202 1226 126 42 cior
281 1226 189 42 oratione
423 1226 236 42 cuiuscunque
612 1226 158 42 laici,
722 1226 110 42 qui
785 1226 126 42 orat
864 1226 173 42 tamquam
974 1226 95 42 per-

202 1263 122 48 sona
278 1263 183 48 priuata,
415 1263 76 48 &
431 1263 183 48 singularis

234 1301 209 53 Conclusio
394 1301 176 53 secunda
523 1301 128 53 est,
603 1301 128 53 quod
683 1301 144 53 istud
779 1301 241 53 sactamentum
956 1301 112 53 lici-

206 1342 96 44 te
254 1342 176 44 poterit
382 1342 192 44 iterari:
525 1342 128 44 quia
605 1342 239 44 sacramentum
797 1342 112 44 non
845 1342 223 44 derelinquens

210 1383 187 44 effectum
351 1383 218 44 perpetuum,
522 1383 78 44 &
553 1383 234 44 indelebilem
740 1383 156 44 licite
849 1383 156 44 potest
942 1383 125 44 itera-

205 1422 109 47 ri:
268 1422 109 47 sed
330 1422 141 47 istud
424 1422 234 47 sacramentum
611 1422 109 47 est
674 1422 219 47 huiusmodi,
846 1422 125 47 quia
924 1422 156 47 nullum
1018 1422 62 47 ef

204 1462 158 44 fectum
315 1462 237 44 indelebilem
505 1462 190 44 imprimit
647 1462 237 44 recipienti:
837 1462 127 44 ergo
916 1462 111 44 &c.
963 1462 111 44 Maior

207 1500 152 49 patet,
313 1500 122 49 quia
389 1500 122 49 illa
465 1500 122 49 sola
541 1500 137 49 causa
633 1500 213 49 communiter
800 1500 228 49 assignatur,
968 1500 107 49 quare

209 1541 211 49 baptismus,
375 1541 241 49 confirmatio,
570 1541 75 49 &
600 1541 135 49 ordo,
691 1541 105 49 non
751 1541 151 49 debent
856 1541 181 49 iterari,
977 1541 90 49 quia

195 1579 88 46 in
239 1579 133 46 illis
328 1579 147 46 tribus
431 1579 221 46 sacramentis
608 1579 192 46 confertur
755 1579 206 46 recipienti
903 1579 162 46 character

196 1622 244 49 indelebilis
391 1622 147 49 Minor
489 1622 147 49 etiam
587 1622 147 49 patet
684 1622 98 49 ab
733 1622 195 49 opposito
880 1622 163 49 sensu,
977 1622 98 49 quia

210 1663 92 52 in
256 1663 214 52 collatione
423 1663 153 52 istius
530 1663 214 52 sacramenti
698 1663 107 52 non
759 1663 198 52 consertur
896 1663 168 52 charactet

197 1699 131 57 ipsi
278 1699 246 57 recipienti,
475 1699 115 57 pro
540 1699 98 57 vt
590 1699 229 57 communiter
770 1699 147 57 omnes
852 1699 196 57 concedunt.

227 1742 147 48 Forte
325 1742 180 48 dicetur
455 1742 163 48 contra
570 1742 180 48 minorem
700 1742 163 48 istius
815 1742 98 48 ra
864 1742 163 48 ionis,
978 1742 131 48 quod

193 1777 145 51 saepe
289 1777 225 51 contingit,
466 1777 129 51 quod
547 1777 161 51 alicui
659 1777 161 51 homini
772 1777 145 51 istud
852 1777 209 51 sacramentum

195 1820 231 49 suscipienti
379 1820 200 49 confertur
533 1820 169 49 gratia,
656 1820 108 49 vel
717 1820 200 49 augmentum
871 1820 185 49 gratiae,
994 1820 77 49 qui

194 1856 205 48 immediate
352 1856 174 48 moritur
478 1856 189 48 suscepto
620 1856 237 48 sacramento:
810 1856 126 48 ergo
888 1856 126 48 isti
952 1856 110 48 sacra

192 1900 153 41 mento
294 1900 204 41 conuenit
447 1900 170 41 habere
566 1900 221 41 perpetuum
735 1900 221 41 effectum,
905 1900 85 41 &
922 1900 136 41 indele

203 1935 156 49 bilem,
312 1935 93 49 Co
359 1935 202 49 sequentia
515 1935 156 49 patet:
623 1935 124 49 quia
701 1935 156 49 nullus
810 1935 124 49 post
888 1935 140 49 morte
966 1935 93 49 per-

200 1974 103 49 dit
259 1974 176 49 gratiam,
391 1974 88 49 in
435 1974 103 49 qua
479 1974 161 49 decessit.

220 2013 79 56 2
252 2013 222 56 Praeterea,
426 2013 190 56 extremum
568 2013 142 56 vitae
663 2013 174 56 hominis
790 2013 111 56 est
853 2013 127 56 vnum
917 2013 142 56 tantum,

194 2053 112 51 nec
258 2053 159 51 potest
369 2053 271 51 multiplicari:
593 2053 128 51 ergo
672 2053 175 51 extrema
800 2053 159 51 vnctio
912 2053 144 51 vnius
991 2053 80 51 ho-

196 2096 132 44 mims
278 2096 148 44 debet
376 2096 132 44 esse
459 2096 132 44 vna,
541 2096 82 44 &
574 2096 115 44 non
640 2096 148 44 debet
738 2096 197 44 iterari.
870 2096 197 44 Antecedens

201 2146 145 43 patet:
302 2146 116 43 quia
374 2146 174 43 extremum
504 2146 130 43 vitae
591 2146 101 43 est
649 2146 130 43 finis
736 2146 145 43 vitae,
837 2146 101 43 sed
895 2146 130 43 vnius
967 2146 87 43 vita

202 2175 125 42 vnus
281 2175 110 42 est
343 2175 157 42 finis.
453 2175 141 42 Patet
547 2175 141 42 etiam
642 2175 267 42 consequentia,
861 2175 125 42 quia
924 2175 141 42 extrema

200 2215 157 49 vnctio
310 2215 251 49 correspondet
514 2215 172 49 extremo
624 2215 125 49 vitae.

235 2250 107 52 Ad
289 2250 179 52 primum
414 2250 197 52 dicendo
557 2250 143 52 nego
647 2250 322 52 consequentiam,
897 2250 161 52 loquen-

191 2294 97 41 do
239 2294 97 41 de
287 2294 113 41 eo,
352 2294 129 41 quod
432 2294 113 41 per
497 2294 97 41 se
545 2294 193 41 conuenit
690 2294 129 41 isti
770 2294 241 41 sacramento,
963 2294 80 41 &
980 2294 80 41 non

189 2336 120 54 per
240 2336 172 54 accidens

231 2366 94 59 Ad
278 2366 235 59 probationem
466 2366 204 59 dicendum,
623 2366 125 59 quod
702 2366 125 59 illa
780 2366 266 59 indelebilitas
984 2366 78 59 gra

200 2411 122 52 tiae
276 2411 107 52 per
337 2411 183 52 accidens
474 2411 167 52 recipit
595 2411 228 52 sacramentum
778 2411 213 52 vnctionis,
945 2411 122 52 quia
1006 2411 61 52 si

196 2461 114 49 per
261 2461 98 49 se
310 2461 163 49 causam
423 2461 179 49 haberet
553 2461 146 49 istud
651 2461 260 49 sacramentum,
862 2461 130 49 tunc
927 2461 130 49 cuicun

203 2495 104 47 que
262 2495 222 47 conferretur
440 2495 148 47 gratia
544 2495 178 47 mediante
677 2495 118 47 isto
751 2495 222 47 sacramento,
929 2495 118 47 illi
988 2495 74 47 in-

194 2533 225 48 delebiliter
374 2533 240 48 conferretur,
569 2533 120 48 quod
643 2533 105 48 est
703 2533 165 48 falsum:
823 2533 120 48 quia
898 2533 120 48 tunc
958 2533 105 48 quili

194 2571 119 46 bet,
268 2571 104 46 qui
328 2571 119 46 isto
402 2571 208 46 sacramento
565 2571 163 46 gratiam
684 2571 208 46 reciperet,
847 2571 119 46 ille
907 2571 148 46 confirma

198 2608 102 49 tus
257 2608 131 49 esset
344 2608 87 49 in
387 2608 160 49 gratia,
504 2608 116 49 quod
576 2608 102 49 est
635 2608 160 49 falsum,
751 2608 87 49 vt
794 2608 87 49 de
838 2608 87 49 se
882 2608 145 49 patet.
969 2608 87 49 vnde

189 2648 121 55 illa
264 2648 256 55 indelebilitas
476 2648 106 55 non
536 2648 196 55 contingit
687 2648 166 55 ratione
808 2648 226 55 sacramenti,
989 2648 106 55 sed

201 2695 170 45 ratione
324 2695 170 45 status,
447 2695 93 45 in
494 2695 108 45 quo
555 2695 170 45 incipit
679 2695 123 45 esse
756 2695 139 45 homo,
848 2695 108 45 vel
910 2695 139 45 anima
987 2695 77 45 ho-

209 2726 145 52 minis:
310 2726 116 52 quia
382 2726 101 52 sic
440 2726 116 52 Deus
512 2726 203 52 ordinauit,
671 2726 87 52 vt
715 2726 87 52 in
758 2726 116 52 illo
831 2726 145 52 statu,
917 2726 145 52 scilicet

197 2765 125 64 post
276 2765 125 64 hanc
354 2765 141 64 vitam
447 2765 156 64 nullus
557 2765 156 64 perdat
666 2765 172 64 gratiam

232 2804 103 54 Ad
283 2804 189 54 secudum
421 2804 224 54 dicendum,
593 2804 138 54 quod
679 2804 86 54 e
714 2804 172 54 tremum
834 2804 155 54 vitae
920 2804 138 54 potest

191 2846 219 56 dupliciter
363 2846 172 56 accipi;
489 2846 110 56 Vno
551 2846 141 56 modo,
645 2846 94 56 in
692 2846 110 56 re;
755 2846 125 56 Alio
833 2846 141 56 modo,
927 2846 94 56 in
958 2846 94 56 huma

191 2884 98 57 na
240 2884 261 57 reputatione.
452 2884 147 57 Primo
550 2884 131 57 modo
632 2884 229 57 antecedens
811 2884 163 57 istius
909 2884 147 57 instan-

190 2923 129 59 tiae
270 2923 113 59 est
335 2923 145 59 verum
431 2923 113 59 cum
496 2923 113 59 sua
560 2923 241 59 probatione,
753 2923 113 59 sed
818 2923 113 59 non
882 2923 177 59 secundo
995 2923 64 59 mo

195 2968 109 48 do,
258 2968 125 48 quia
336 2968 125 48 idem
414 2968 125 48 homo
492 2968 141 48 etiam
586 2968 94 48 in
633 2968 141 48 eadem
727 2968 250 48 infirmitate,
930 2968 94 48 si
961 2968 94 48 diu-

192 3007 131 60 turna
280 3007 116 60 est,
352 3007 160 60 saepius
469 3007 145 60 potest
570 3007 87 60 ad
614 3007 131 60 talem
701 3007 203 60 debilitate
861 3007 160 60 venire,
963 3007 87 60 quod

202 3051 268 45 verisimiliter
423 3051 157 45 humana
533 3051 189 45 opinione
674 3051 189 45 videtur,
816 3051 126 45 quod
895 3051 142 45 quasi
973 3051 79 45 im-

204 3082 171 60 mediate
329 3082 156 60 debeat
438 3082 125 60 mori
516 3082 109 60 Cum
578 3082 156 60 igitur
688 3082 171 60 extrema
812 3082 156 60 vnctio
921 3082 109 60 sit
968 3082 78 60 dam

201 3123 93 57 da
247 3123 154 57 homini
355 3123 93 57 in
401 3123 170 57 extremo
525 3123 139 57 vitae
618 3123 216 57 laboranti,
787 3123 216 57 accipiendo
942 3123 108 57 extre

1106 263 118 74 mum
1174 263 168 74 humana
1291 263 269 74 reputatione:
1510 263 135 74 ideo
1595 263 185 74 neganda
1729 263 118 74 est
1780 263 202 74 consequen-

1122 319 131 49 tia.
1203 319 98 49 Ad
1252 319 245 49 probationem
1448 319 277 49 consequentiae
1676 319 212 49 dicendum,
1839 319 131 49 quod
1905 319 65 49 ex

1116 362 138 53 trema
1208 362 154 53 vnctio
1315 362 246 53 correspondet
1515 362 169 53 extremo
1638 362 138 53 vitae
1730 362 108 53 non
1792 362 184 53 praecise
1915 362 61 53 se

1110 407 185 37 cundum
1239 407 148 37 rem,
1331 407 129 37 sed
1405 407 222 37 secundum
1571 407 240 37 ordinatam
1756 407 203 37 humanam
1886 407 92 37 ex-

1108 433 268 72 stimationem,
1326 433 84 72 &
1359 433 201 72 secundum
1510 433 251 72 desiderium,
1711 433 100 72 ac
1761 433 251 72 indigentiam

1092 475 215 57 infirmantis

1142 511 110 54 Ad
1197 511 257 54 argumentum
1399 511 239 54 pincipale
1583 511 239 54 dicendum,
1767 511 147 54 quod
1840 511 129 54 lices

1108 560 140 49 maior
1202 560 109 49 sit
1264 560 140 49 vera,
1357 560 186 49 loquendo
1497 560 93 49 de
1543 560 171 49 effectu
1667 560 311 49 principali:tamen
1916 560 62 49 ni

1114 596 121 45 hil
1183 596 224 45 repugnat,
1355 596 138 45 quin
1441 596 138 45 vnum
1527 596 258 45 sacramentum
1734 596 172 45 possit
1837 596 138 45 habere

1112 638 134 43 vnum
1196 638 201 43 effectum
1347 638 268 43 principalem,
1565 638 84 43 &
1599 638 117 43 cum
1666 638 117 43 hoc
1733 638 151 43 alium
1817 638 151 43 effectu

1113 681 92 43 ex
1159 681 246 43 consequenti:
1358 681 108 43 sic
1420 681 138 43 autem
1512 681 108 43 est
1574 681 92 43 in
1620 681 215 43 proposito,
1789 681 92 43 vt
1835 681 138 43 patet
1912 681 61 43 ex

1106 714 204 61 praedictis
1266 714 87 61 in
1310 714 175 61 pluribus
1441 714 131 61 locis
1528 714 145 61 istius
1615 714 204 61 conclusionis

1132 833 649 83 DISTINCTIO.
1608 833 303 83 SIIII

1106 986 241 53 Tractatus
1292 986 111 53 de
1348 986 278 53 sacramentis
1571 986 334 53 commimemstatum
1830 986 149 53 eccle-

1148 1028 105 58 sic
1208 1028 210 58 iuuantibus
1373 1028 195 58 generalis
1523 1028 180 58 diuisio,
1658 1028 90 58 ac
1703 1028 210 58 praesentis
1853 1028 120 58 distin

1163 1073 173 74 ctionis
1289 1073 158 74 aperta
1400 1073 236 74 subdiuisio,
1589 1073 95 74 in
1636 1073 110 74 qua
1699 1073 95 74 de
1746 1073 221 74 facramento
1904 1073 63 74 on

1161 1123 146 68 dinis
1258 1123 162 68 exacte
1356 1123 243 68 pertractatur.

1413 1259 128 55 VNC
1486 1259 110 55 ad
1541 1259 367 55 considerationem.
1835 1259 128 55 Post-

1429 1306 118 52 qua
1496 1306 202 52 Magister
1648 1306 218 52 tractauit
1816 1306 134 52 de3.
1883 1306 84 52 sa-

1432 1346 202 49 cramentis
1587 1346 279 49 respicientibus
1819 1346 93 49 in
1850 1346 124 49 specia

1441 1389 72 44 i
1469 1389 200 44 vtilitatem
1627 1389 157 44 fidelis
1741 1389 172 44 personae
1870 1389 72 44 :
1884 1389 86 44 nunc

1435 1426 173 53 incipit
1561 1426 189 53 tractare
1703 1426 95 53 de
1750 1426 158 53 duobus
1845 1426 126 53 sacra-

1437 1462 153 54 mentis
1544 1462 215 54 valentibus
1713 1462 92 54 in
1759 1462 184 54 generali
1881 1462 77 54 pro

1435 1506 130 40 statu
1521 1506 145 40 totius
1623 1506 203 40 Ecclesiae.
1782 1506 87 40 Et
1811 1506 159 40 diuiditur

1433 1543 94 55 in
1480 1543 125 55 duas
1558 1543 172 55 partes:
1683 1543 109 55 nam
1746 1543 140 55 primo
1824 1543 140 55 tractat

1426 1582 100 53 de
1476 1582 233 53 sacramento
1660 1582 200 53 erdinis,
1810 1582 133 53 quod
1877 1582 83 53 va-

1099 1619 116 42 let
1166 1619 99 42 ad
1215 1619 199 42 fidelium
1365 1619 265 42 generationem
1580 1619 265 42 spiritualem.
1796 1619 182 42 Secundo
1912 1619 66 42 de

1093 1659 243 41 sacramento
1283 1659 260 41 matrimonii,
1491 1659 139 41 quod
1578 1659 208 41 pertinet
1734 1659 104 41 ad
1786 1659 156 41 eorum
1873 1659 104 41 gene

1096 1699 200 41 rationem
1247 1699 234 41 naturalem,
1430 1699 134 41 ibi,
1514 1699 117 41 Cum
1581 1699 134 41 alia
1664 1699 251 41 sacramenta.
1848 1699 117 41 Prima

1103 1743 80 42 n
1135 1743 144 42 duas:
1231 1743 112 42 nam
1295 1743 144 42 primo
1391 1743 224 42 considerat
1568 1743 96 42 de
1616 1743 176 42 ordinum
1744 1743 240 42 distinctio

1092 1778 113 48 ne:
1156 1778 177 48 Secundo
1285 1778 225 48 considerat
1462 1778 96 48 de
1510 1778 145 48 eorum
1606 1778 241 48 collatione,
1799 1778 129 48 ibi,
1863 1778 113 48 Solet

1096 1817 144 59 etiam
1192 1817 160 59 quaeri
1304 1817 144 59 Prima
1400 1817 96 59 in
1448 1817 144 59 duas:
1545 1817 128 59 quia
1625 1817 144 59 primo
1721 1817 128 59 agit
1801 1817 96 59 de
1833 1817 144 59 quibus-

1097 1859 115 41 dam
1162 1859 296 41 dispositonibus
1409 1859 247 41 sactamentum
1607 1859 181 41 ordinis
1722 1859 231 41 praecedenti-

1098 1894 111 56 bus
1162 1894 175 56 Secundo
1289 1894 95 56 de
1336 1894 207 56 officiis,
1495 1894 79 56 &
1527 1894 254 56 dignitatibus
1734 1894 207 56 huiusmodi
1877 1894 79 56 sa-

1097 1944 214 38 cramentum
1261 1944 313 38 consequentibus,
1525 1944 132 38 ibi,
1608 1944 132 38 Sunt
1690 1944 82 38 &
1723 1944 132 38 alia
1806 1944 148 38 Prima
1888 1944 66 38 in

1082 1976 145 50 duas;
1179 1976 129 50 quia
1259 1976 145 50 primo
1356 1976 193 50 insinuat
1501 1976 177 50 huiusmo
1630 1976 97 50 di
1678 1976 258 50 dispositones
1871 1976 81 50 sa-

1090 2017 222 42 cramentum
1260 2017 187 42 ordinis
1397 2017 204 42 ordinare
1550 2017 273 42 praecedentes
1772 2017 187 42 Secundo
1891 2017 68 42 de

1088 2064 176 37 clarat,
1216 2064 192 37 qualiter
1360 2064 144 37 istud
1456 2064 240 37 sacramentum
1648 2064 256 37 comprehendit
1840 2064 112 37 diuer

1097 2095 102 47 sos
1156 2095 175 47 ordines,
1287 2095 116 47 ibi,
1359 2095 204 47 Hostiarii.
1519 2095 131 47 Prima
1607 2095 87 47 in
1650 2095 131 47 tres:
1738 2095 116 47 quia
1810 2095 131 47 primo
1883 2095 73 47 Ma-

1107 2141 136 45 ister
1198 2141 197 45 ostendit,
1349 2141 121 45 quid
1425 2141 212 45 requiritur
1592 2141 91 45 ex
1637 2141 136 45 parte
1728 2141 167 45 animae;
1834 2141 121 45 Secun-

1092 2168 102 48 do,
1151 2168 117 48 quid
1224 2168 88 48 ex
1268 2168 132 48 parte
1356 2168 146 48 totius
1458 2168 190 48 personae;
1605 2168 161 48 Tertio,
1722 2168 117 48 quid
1780 2168 176 48 requiritur

1080 2211 100 44 in
1130 2211 183 44 corpore
1263 2211 200 44 Ostendit
1413 2211 150 44 enim,
1513 2211 133 44 quod
1596 2211 233 44 ordinandus
1780 2211 150 44 debet
1863 2211 83 44 ha-

1089 2250 119 47 bere
1163 2250 89 47 in
1208 2250 133 47 anima
1297 2250 178 47 spiritus
1430 2250 148 47 sancti
1534 2250 178 47 gratiam,
1667 2250 89 47 in
1712 2250 163 47 persona
1830 2250 119 47 tota
1890 2250 59 47 do

1089 2290 186 50 ctrinam,
1228 2290 77 50 &
1259 2290 186 50 honestam
1398 2290 155 50 vitam,
1506 2290 77 50 &
1537 2290 93 50 in
1584 2290 170 50 capitis
1707 2290 170 50 tonsura
1816 2290 139 50 clerica

1092 2329 108 51 lem
1153 2329 186 51 coronam,
1293 2329 186 51 vecunda,
1432 2329 124 51 ibi,
1510 2329 139 51 Tales
1603 2329 139 51 autem
1696 2329 170 51 Tertia,
1820 2329 124 51 ibi,
1882 2329 77 51 Co-

1098 2371 115 47 rona
1170 2371 130 47 decus
1256 2371 158 47 regale.
1371 2371 173 47 Sequitur
1501 2371 115 47 illa
1572 2371 130 47 pars,
1659 2371 187 47 Hostiarii
1803 2371 86 47 Et
1831 2371 130 47 diuidi-

1094 2416 105 44 tur
1154 2416 90 44 in
1199 2416 90 44 7.
1244 2416 165 44 partes,
1364 2416 180 44 secundum
1499 2416 120 44 quod
1573 2416 180 44 Magister
1708 2416 165 44 tractat
1828 2416 90 44 de
1873 2416 75 44 7
1888 2416 60 44 on

1095 2450 198 48 dinibus,
1244 2450 165 48 quorum
1360 2450 149 48 primi
1459 2450 198 48 quattuor
1607 2450 198 48 dicuntur
1756 2450 182 48 ordines
1871 2450 83 48 mi-

1082 2487 160 49 nores,
1194 2487 128 49 tres
1274 2487 144 49 autem
1370 2487 208 49 sequentes
1530 2487 192 49 dicuntur
1674 2487 176 49 ordines
1786 2487 160 49 maiores.

1093 2526 93 49 Et
1140 2526 156 49 partes
1249 2526 156 49 patent
1358 2526 218 49 inlittera.
1529 2526 187 49 Sequitur
1669 2526 124 49 illa
1747 2526 140 49 pars,
1840 2526 124 49 cunt
1902 2526 47 49 &

1088 2574 139 42 alia.
1180 2574 93 42 Et
1226 2574 201 42 diuiditur
1381 2574 93 42 in
1427 2574 123 42 duas
1504 2574 170 42 partes:
1628 2574 108 42 nam
1690 2574 139 42 primo
1782 2574 154 42 tangit
1875 2574 77 42 sa-

1084 2615 217 45 cramentum
1251 2615 183 45 ordinis
1384 2615 267 45 consequentia
1601 2615 100 45 ad
1651 2615 233 45 dignitatem
1818 2615 133 45 perti-

1094 2644 177 57 nentia.
1222 2644 177 57 Secundo
1351 2644 161 57 tangit
1463 2644 161 57 nomina
1576 2644 177 57 quaedam
1704 2644 177 57 officia
1816 2644 145 57 specia-

1083 2693 136 49 liter
1173 2693 241 49 exprimentia,
1370 2693 121 49 ibi,
1445 2693 136 49 vates
1536 2693 75 49 a
1566 2693 91 49 vi
1611 2693 151 49 mentis
1717 2693 136 49 Prima
1807 2693 91 49 in
1837 2693 106 49 duas;

1087 2731 116 46 nam
1153 2731 149 46 primo
1252 2731 165 46 tangit
1367 2731 99 46 de
1417 2731 231 46 Episcopali
1598 2731 231 46 dignitate,
1780 2731 182 46 Secundo
1895 2731 66 46 de

1126 2763 139 56 illius
1223 2763 194 56 dignitatis
1376 2763 236 56 distinctione,
1570 2763 69 56 &
1598 2763 222 56 diuersitate,
1778 2763 111 56 ibi,
1834 2763 69 56 Or-

1153 2811 94 46 do
1200 2811 156 46 autem.
1310 2811 125 46 Haec
1388 2811 187 46 diuisio,
1528 2811 78 46 &
1560 2811 109 46 per
1622 2811 219 46 consequens
1778 2811 94 46 sen-

1258 2843 140 58 tentia
1356 2843 140 58 istius
1454 2843 98 58 23.
1510 2843 126 58 dist.
1593 2843 70 58 n
1621 2843 182 58 generali,

1340 2885 140 60 circa
1434 2885 124 60 quam
1512 2885 156 60 quaero
1605 2885 62 60 in

1430 2924 149 60 speciali
