2416 3547
240 269 190 76 pugnaret
382 269 237 76 matrimonio,
572 269 95 76 si
620 269 142 76 fides
715 269 142 76 esset
809 269 95 76 de
857 269 237 76 necessitate
1031 269 63 76 ma

198 321 194 59 trimonii

267 341 102 68 Ad
318 341 171 68 primum
438 341 222 68 dicendum,
608 341 137 68 quod
694 341 154 68 saepe
796 341 205 68 homines,
949 341 119 68 qui
1001 341 102 68 natu

232 391 156 58 raliter
346 391 156 58 fuerunt
459 391 185 58 steriles,
601 391 284 58 supernaturaliter
843 391 114 58 sunt
914 391 128 58 facti
985 391 114 58 foecun

232 439 108 59 di,
293 439 93 59 vt
340 439 185 59 apparuit
479 439 93 59 de
525 439 185 59 Abraham,
664 439 77 59 &
695 439 139 59 Sara;
788 439 93 59 de
834 439 216 59 Elysabeth,
1004 439 77 59 &
1020 439 77 59 va-

226 487 164 47 charia,
346 487 75 47 &
376 487 90 47 de
420 487 149 47 multis
525 487 135 47 aliis
615 487 90 47 in
660 487 135 47 nouo,
749 487 75 47 &
779 487 149 47 veteri
884 487 224 47 testamento:
1048 487 45 47 E

220 519 130 61 ideo
301 519 178 61 quamuis
431 519 195 61 coniuges
577 519 195 61 steriles
723 519 114 61 non
788 519 227 61 obligentur
950 519 146 61 absclu-

220 563 105 42 te
273 563 105 42 ad
326 563 264 42 generandum,
537 563 123 42 vel
607 563 228 42 educandum
783 563 281 42 prolem:tamen
994 563 105 42 con-

226 600 242 39 ditionaliter
422 600 91 39 ad
468 600 121 39 haec
543 600 227 39 obligantur,
724 600 136 39 puta,
815 600 91 39 si
860 600 91 39 ex
906 600 151 39 diuino
996 600 106 39 mira-

231 649 126 37 culo
310 649 204 37 conceptus
467 649 157 37 fuerit
577 649 173 37 foetus,
702 649 126 37 tunc
781 649 236 37 obligantur,
954 649 141 37 quantum

222 680 92 44 in
268 680 92 44 se
314 680 123 44 est,
391 680 123 44 quod
467 680 169 44 faciant
590 680 169 44 melius,
713 680 123 44 quod
790 680 169 44 possunt
913 680 123 44 sine
974 680 123 44 fraude

227 721 96 51 ad
275 721 208 51 conceptae
435 721 160 51 prolis
547 721 272 51 generationem,
770 721 80 51 &
802 721 128 51 eius
866 721 224 51 educationem,

229 755 104 60 Ex
281 755 121 60 quo
350 755 173 60 patet,
471 755 138 60 quod
558 755 242 60 antecedens
748 755 121 60 non
817 755 121 60 est
869 755 225 60 vsquequaque

201 800 168 41 verum.

269 811 104 85 Ad
321 811 209 85 secundum
477 811 139 85 nego
564 811 313 85 consequentiam.

260 877 110 62 Ad
315 877 275 62 probationem
535 877 238 62 dicendum,
718 877 147 62 quod
810 877 202 62 quamuis
957 877 110 62 ex
993 877 92 62 hoc

216 920 199 50 probetur,
369 920 122 50 quod
445 920 153 50 fides,
552 920 92 50 vt
598 920 138 50 cadit
690 920 92 50 in
736 920 230 50 executione,
920 920 107 50 non
981 920 107 50 sit
1027 920 61 50 de

214 962 238 47 necessitate
404 962 238 47 matrimonii:
594 962 95 47 ex
642 962 111 47 hoc
705 962 143 47 tamen
800 962 111 47 non
863 962 190 47 habetur,
990 962 95 47 quin

214 993 133 54 fides
303 993 104 54 sit
362 993 89 54 de
407 993 222 54 necessitate
584 993 222 54 matrimonii,
762 993 89 54 vt
806 993 133 54 cadit
895 993 89 54 in
924 993 163 54 obligatio

208 1038 116 51 ne.
275 1038 149 51 Sicut
374 1038 132 51 enim
456 1038 182 51 necesse
588 1038 116 51 est
655 1038 182 51 hominem
787 1038 231 51 existentem
968 1038 99 51 in
1001 1038 83 51 ma-

218 1080 202 53 trimonio
370 1080 236 53 mortaliter
555 1080 202 53 peccare,
707 1080 168 53 quando
825 1080 253 53 adulterando
1010 1080 84 53 non

209 1121 135 50 tenet
299 1121 166 50 coniugi
420 1121 151 50 fidem:
525 1121 105 50 sic
585 1121 166 50 necesse
706 1121 105 50 est
766 1121 211 50 existentem
931 1121 90 50 in
962 1121 120 50 matri-

216 1162 141 46 monio
310 1162 188 46 obligari
451 1162 94 46 ad
498 1162 141 46 bonum
592 1162 156 46 fidei.
701 1162 141 46 lstud
795 1162 156 46 patet:
904 1162 125 46 quia
983 1162 94 46 ad
1014 1162 78 46 opo

210 1201 187 45 positum
346 1201 271 45 consequentis
566 1201 204 45 sequitur
719 1201 220 45 oppositum
871 1201 204 45 anteceden-

215 1241 125 35 tis.
293 1241 93 35 Si
340 1241 125 35 enim
418 1241 109 35 non
480 1241 233 35 obligaretur
667 1241 218 35 necessario
838 1241 93 35 ad
885 1241 187 35 tenendum
1009 1241 78 35 fi-

219 1273 106 59 dem
280 1273 182 59 coniugi,
416 1273 122 59 tunc
492 1273 106 59 non
553 1273 182 59 peccaret
690 1273 228 59 mortaliter,
872 1273 182 59 faciendo
994 1273 76 59 con

215 1320 112 43 tra
279 1320 207 43 huiusmodi
438 1320 159 43 fidem,
550 1320 128 43 quia
630 1320 159 43 nullus
741 1320 159 43 peccat
853 1320 223 43 mortaliter
1012 1320 64 43 in

213 1356 108 53 eo,
274 1356 124 53 quod
352 1356 139 53 facit
445 1356 201 53 oppositum
600 1356 170 53 illius,
724 1356 93 53 ad
770 1356 124 53 quod
848 1356 108 53 non
894 1356 186 53 obligatur.

247 1395 92 51 Et
293 1395 92 51 ex
339 1395 108 51 his
400 1395 154 51 potest
508 1395 169 51 inferri
631 1395 123 51 tale
707 1395 246 51 corollarium,
907 1395 123 51 quod
968 1395 108 51 quan-

217 1429 190 54 docunque
359 1429 190 54 personae
501 1429 253 54 contrahentes
707 1429 95 54 in
754 1429 111 54 suo
817 1429 205 54 contractu
959 1429 111 54 appo-

209 1480 131 41 nunt
291 1480 181 41 aliquam
422 1480 246 41 conditionem
619 1480 246 41 simpliciter
816 1480 230 41 repugnante
980 1480 99 41 ali-

213 1519 114 48 cui
278 1519 260 48 praedictorum
489 1519 146 48 trium
586 1519 179 48 bonorum
716 1519 243 48 matrimonii,
911 1519 130 48 tunc
976 1519 97 48 nul-

198 1554 124 53 lum
269 1554 159 53 inter
375 1554 230 53 huiusmodi
552 1554 212 53 personas
711 1554 194 53 geritur
835 1554 247 53 matrimonium,

203 1601 120 42 puta
278 1601 90 42 si
323 1601 181 42 diceret,
459 1601 181 42 contraho
594 1601 151 42 tecum,
700 1601 90 42 vt
745 1601 105 42 sis
805 1601 120 42 vxor
880 1601 120 42 mea.
956 1601 151 42 annis,

213 1636 76 44 &
243 1636 107 44 non
304 1636 152 44 vltra,
411 1636 107 44 vel
471 1636 167 44 accipio
593 1636 91 44 te
639 1636 91 44 in
684 1636 137 44 meam,
776 1636 107 44 ita
837 1636 152 44 tamen,
943 1636 122 44 quod
1004 1636 76 44 non

211 1678 149 44 tenear
316 1678 120 44 tibi
390 1678 164 44 seruare
510 1678 149 44 fidem,
615 1678 75 44 &
645 1678 149 44 liceat
749 1678 120 44 mihi
824 1678 194 44 fornicari
973 1678 105 44 cum
1018 1678 60 44 al

203 1715 142 48 tera,
298 1715 111 48 vel
361 1715 174 48 accipio
488 1715 95 48 te
535 1715 95 48 in
582 1715 142 48 meam,
677 1715 111 48 hac
740 1715 142 48 tamen
835 1715 221 48 conditione
993 1715 79 48 ad-

203 1759 153 47 iecta,
310 1759 122 47 quod
386 1759 153 47 semper
493 1759 184 47 procures
631 1759 168 47 venenum
754 1759 260 47 sterilitatis.
953 1759 122 47 Istori

199 1802 171 44 primum
319 1802 206 44 repugnat
473 1802 137 44 bono
559 1802 257 44 sacramenti,
764 1802 206 44 secundum
919 1802 137 44 bono
987 1802 86 44 fi-

201 1832 128 52 dei,
281 1832 80 52 &
313 1832 176 52 tertium
440 1832 128 52 bono
520 1832 176 52 prolis.
648 1832 96 52 Et
696 1832 144 52 ratio
792 1832 160 52 omnium
903 1832 176 52 istorum
1015 1832 64 52 se

209 1880 142 43 quitur
308 1880 85 43 ex
351 1880 214 43 praedictis,
522 1880 114 43 quia
593 1880 85 43 ex
636 1880 100 43 quo
693 1880 185 43 praedicta
835 1880 114 43 tria
906 1880 128 43 bona,
992 1880 85 43 vt
1020 1880 57 43 ca

199 1926 124 38 dunt
276 1926 93 38 in
322 1926 247 38 obligatione,
523 1926 124 38 sunt
601 1926 93 38 de
647 1926 232 38 necessitate
833 1926 232 38 matrimonii,
1003 1926 77 38 igi

198 1956 113 50 tur
262 1956 225 50 quicunque,
439 1956 177 50 quantum
568 1956 97 50 in
616 1956 97 50 se
665 1956 129 50 est,
745 1956 113 50 non
809 1956 129 50 vult
890 1956 193 50 obligari
1019 1956 64 50 ad

205 1995 216 47 praedicta,
374 1995 123 47 ille
451 1995 108 47 non
513 1995 200 47 contrahit
667 1995 247 47 matrimonium:
868 1995 108 47 Sed
914 1995 154 47 quicumqu

198 2035 98 39 in
247 2035 114 39 suo
312 2035 211 39 contractu
474 2035 146 39 addit
572 2035 244 39 conditionem
767 2035 244 39 repugnantem
946 2035 130 39 alicui

199 2072 183 44 istorum
332 2072 199 44 bonorum,
482 2072 133 44 ille
565 2072 116 44 non
631 2072 133 44 vult
714 2072 199 44 obligari
864 2072 100 44 ad
897 2072 183 44 huiusmodi

198 2110 178 51 bonum:
323 2110 143 51 ergo
412 2110 125 51 non
483 2110 232 51 contrahit
644 2110 249 51 matrimonium,

307 2236 675 69 ARTICVLVS
774 2236 156 69 I

232 2311 149 89 Vtrum
332 2311 116 89 per
398 2311 133 89 haec
481 2311 133 89 tria
564 2311 133 89 bond
647 2311 265 89 sufficienter
846 2311 182 89 excusetis

458 2378 140 66 actus
552 2378 187 66 carnalis
677 2378 156 66 copulae-

199 2437 229 84 SVANTVM
366 2437 125 84 ad
428 2437 250 84 secundum
615 2437 270 84 articulum
823 2437 187 84 primo
927 2437 146 84 ponam

257 2512 153 51 Vham
352 2512 267 51 catholicam
562 2512 305 51 conclusionem
810 2512 210 51 Secundo
944 2512 133 51 addum

203 2551 124 47 cam
274 2551 177 47 contra
398 2551 124 47 eam
468 2551 141 47 vnam
557 2551 247 47 haereticam
734 2551 194 47 opinionem

225 2587 215 51 Conclusio
390 2587 116 51 est
456 2587 149 51 haec,
555 2587 132 51 quod
637 2587 116 51 per
703 2587 215 51 praedicta
868 2587 132 51 bona
934 2587 132 51 coniu-

210 2629 106 49 gii
270 2629 136 49 actus
361 2629 181 49 carnalis
497 2629 166 49 copulae
617 2629 151 49 potest
723 2629 75 49 a
753 2629 166 49 peccato
859 2629 211 49 sufficienter

195 2665 166 53 excusari

285 2708 129 49 Quia
366 2708 161 49 omnire
479 2708 129 49 bona
559 2708 210 49 possibile
721 2708 113 49 est
785 2708 113 49 vti
850 2708 129 49 sine
915 2708 161 49 peccato,

206 2745 120 46 sed
274 2745 257 46 matrimonium
480 2745 206 46 acceptum
635 2745 120 46 cum
704 2745 240 46 inclusione
892 2745 154 46 trium
978 2745 86 46 pra

198 2788 198 46 dictorum,
350 2788 107 46 est
411 2788 107 46 res
472 2788 137 46 bona.
564 2788 137 46 Maior
655 2788 153 46 patet,
762 2788 122 46 quia
838 2788 137 46 sicut
930 2788 122 46 res,
991 2788 76 46 qua

210 2824 104 47 non
270 2824 194 47 contingit
419 2824 119 47 bene
493 2824 119 47 vti,
568 2824 119 47 illa
642 2824 104 47 non
702 2824 104 47 est
761 2824 134 47 bona:
851 2824 104 47 sic
910 2824 104 47 &c.
970 2824 134 47 Minor

197 2867 145 45 etiam
293 2867 161 45 patet,
406 2867 129 45 quia
487 2867 258 45 matrimonium,
696 2867 113 45 cum
760 2867 225 45 inclusione
921 2867 145 45 praedi-

206 2902 172 48 ctorum,
331 2902 109 48 est
394 2902 78 48 a
425 2902 109 48 Deo
487 2902 234 48 institutum,
675 2902 109 48 sed
737 2902 125 48 omne
815 2902 78 48 a
846 2902 109 48 Deo
893 2902 172 48 institutu

207 2953 109 51 est
270 2953 156 51 bonum,
379 2953 125 51 quia
457 2953 141 51 vidit
551 2953 125 51 Deus
629 2953 172 51 cuncta,
754 2953 125 51 quae
833 2953 156 51 fecit,
942 2953 78 51 &
958 2953 109 51 erant

216 2987 128 45 alde
296 2987 144 45 bona,
392 2987 96 45 vt
440 2987 176 45 habetur
567 2987 96 45 in
599 2987 96 45 &en-

275 3020 229 49 Praeterea,
455 3020 131 49 Deus
537 3020 180 49 numquam
668 3020 213 49 praecepit
832 3020 197 49 aliquid,
963 3020 98 49 quod

194 3061 171 47 debitis
319 3061 202 47 adhibitis
474 3061 264 47 circustantiis
691 3061 124 47 homo
768 3061 109 47 non
830 3061 155 47 posset
923 3061 140 47 implero

190 3102 133 47 sine
274 3102 200 47 peccato:
424 3102 117 47 Sed
490 3102 133 47 Deus
574 3102 217 47 quandoque
740 3102 217 47 praecepit
890 3102 167 47 hominibu

206 3141 213 58 carnaliter
373 3141 197 58 copulari,
525 3141 76 58 &
555 3141 121 58 iste
631 3141 137 58 actus
722 3141 152 58 debite
813 3141 243 58 circustantiona

1132 289 110 58 tur
1195 289 110 58 per
1258 289 252 58 sacramentum,
1464 289 110 58 seu
1527 289 347 58 indissolubilitatem
1826 289 110 58 per
1874 289 126 58 fidem,

1138 333 76 47 &
1168 333 153 47 prolis
1275 333 244 47 intentionem:
1473 333 137 47 ergo,
1565 333 107 47 his
1626 333 275 47 assistentibus,
1855 333 122 47 homo
1916 333 76 47 po-

1138 377 123 51 test
1214 377 200 51 perficere
1368 377 138 51 actum
1460 377 184 51 carnalis
1599 377 169 51 copulae
1721 377 154 51 absque
1829 377 123 51 omni
1890 377 108 51 perca

1134 417 102 47 to.
1193 417 131 47 Maior
1280 417 146 47 patet,
1382 417 117 47 quia
1455 417 146 47 quando
1557 417 160 47 aliquis
1674 417 204 47 praecipit,
1834 417 117 47 quod
1893 417 87 47 sini

1127 448 173 55 peccato
1253 448 173 55 impleri
1379 448 110 55 non
1442 448 173 55 potest,
1568 448 126 55 tunc
1647 448 189 55 peccatum
1789 448 142 55 iuste
1868 448 110 55 reter

1127 495 150 47 quetur
1232 495 90 47 in
1277 495 135 47 ipsum
1367 495 270 47 praecipientem:
1591 495 120 47 vnde
1666 495 180 47 cuilibet
1801 495 120 47 tali
1861 495 120 47 praece

1135 539 135 44 ptori
1225 539 105 44 ait
1285 539 195 44 propheta,
1434 539 165 44 Nunquid
1554 539 180 44 adhaeret
1689 539 120 44 tibi
1764 539 135 44 sedes
1838 539 150 44 iniquita

1129 578 122 46 tis,
1205 578 107 46 qui
1266 578 153 46 fingis
1374 578 168 46 laborem
1496 578 92 46 in
1542 578 214 46 praecepto:
1710 578 107 46 Sed
1772 578 153 46 nuilum
1864 578 122 46 pecca-

1129 617 117 50 tum
1196 617 150 50 iuste
1296 617 250 50 retorquetur
1496 617 100 50 in
1546 617 150 50 Deum.
1646 617 183 50 Minorem
1779 617 167 50 probo:
1879 617 100 50 qui:

1127 647 122 56 Deus
1203 647 198 56 praecepit
1356 647 214 56 hominibus,
1523 647 92 56 vt
1569 647 214 56 crescerent
1737 647 107 56 &c.
1798 647 122 56 ergo
1859 647 122 56 praece

1121 687 103 52 pit
1180 687 118 52 eis,
1254 687 88 52 vt
1298 687 206 52 carnaliter
1460 687 88 52 se
1505 687 236 52 compularent.
1696 687 206 52 Antecedens
1858 687 133 52 patet
1932 687 59 52 in

1126 728 110 60 Sen
1189 728 110 60 vbi
1252 728 126 60 ait,
1330 728 204 60 Crescite,
1487 728 78 60 &
1519 728 283 60 multiplicamini
1754 728 110 60 &c.
1801 728 173 60 consequen

1120 772 127 51 tiam
1200 772 159 51 probo:
1311 772 127 51 quia
1390 772 207 51 quicunque
1550 772 207 51 praecipit
1709 772 239 51 antecedens,
1884 772 95 51 ille

1127 811 208 45 praecipit
1287 811 239 45 necessarium
1478 811 239 45 consequens,
1670 811 128 45 sine
1750 811 112 45 quo
1813 811 112 45 non
1861 811 112 45 potes

1116 854 123 51 poni
1192 854 92 51 in
1238 854 123 51 esse
1315 854 199 51 huiusmodi
1468 854 230 51 antecedens:
1652 854 107 51 Sed
1713 854 230 51 impossibile
1897 854 123 51 est,

1119 893 109 55 via
1182 893 186 55 naturae,
1321 893 171 55 homines
1445 893 202 55 crescere,
1600 893 78 55 &
1631 893 248 55 multiplicari
1833 893 124 55 sine
1895 893 93 55 actu

1125 932 181 46 carnalis
1261 932 181 46 copulae:
1397 932 121 46 ergo
1457 932 76 46 &c.

1198 961 201 56 Praeterea,
1356 961 115 56 ista
1428 961 101 56 est
1485 961 173 56 intentio
1615 961 86 56 P.
1658 961 187 56 Augustin.
1801 961 101 56 qui
1859 961 86 56 in
1902 961 101 56 lib

1120 1001 98 64 de
1169 1001 130 64 bono
1250 1001 212 64 coniugali
1413 1001 130 64 ait,
1494 1001 130 64 quod
1575 1001 163 64 quando
1689 1001 179 64 seruata
1819 1001 130 64 fide
1884 1001 98 64 tho-

1109 1052 93 58 ri
1155 1052 216 58 conueniunt
1325 1052 185 58 coniuges
1464 1052 139 58 causa
1556 1052 170 58 prolis,
1680 1052 139 58 talis
1772 1052 139 58 actus
1850 1052 123 58 nullam

1117 1080 149 55 habet
1200 1080 149 55 culpam.

1150 1113 110 72 Sed
1213 1113 157 72 contra
1323 1113 141 72 istam
1417 1113 251 72 conclusionem
1621 1113 110 72 est
1684 1113 188 72 haeresis
1810 1113 157 72 Taciano-

1116 1170 123 51 rum,
1192 1170 123 51 quam
1269 1170 153 51 tetigi
1376 1170 184 51 superius
1514 1170 92 51 di
1560 1170 107 51 vc,
1606 1170 77 51 ari

1206 1193 215 66 Praeterea,
1375 1193 107 66 pro
1436 1193 123 66 ista
1513 1193 200 66 haeretica
1666 1193 184 66 opinione
1804 1193 154 66 potest
1897 1193 61 66 ar

1101 1222 113 75 gui
1149 1222 81 75 sic

1142 1277 135 65 Omnis
1232 1277 225 65 delectatio,
1412 1277 120 65 quae
1487 1277 240 65 contrariatur
1683 1277 180 65 rationi,
1818 1277 105 65 est
1863 1277 105 65 pecca

1114 1326 116 56 tum:
1186 1326 101 56 Sed
1244 1326 87 56 in
1287 1326 116 56 actu
1359 1326 174 56 carnalis
1490 1326 159 56 copulae
1605 1326 101 56 est
1663 1326 217 56 delectatio,
1837 1326 116 56 quae
1895 1326 72 56 con

1107 1367 190 46 trariatur
1254 1367 176 46 rationi,
1385 1367 102 46 non
1444 1367 220 46 obstantibus
1620 1367 146 46 tribus
1722 1367 205 46 praedictis
1869 1367 102 46 bonis

1103 1400 236 56 matrimonii:
1292 1400 126 56 ergo
1371 1400 110 56 per
1434 1400 205 56 praedicta
1592 1400 126 56 bona
1671 1400 110 56 non
1734 1400 221 56 exculsatur
1891 1400 79 56 hu-

1101 1433 168 51 iusmodi
1223 1433 138 51 actus
1315 1433 245 51 sufficienter
1514 1433 77 51 a
1545 1433 153 51 culpa.
1652 1433 138 51 Maior
1744 1433 153 51 patet.
1836 1433 122 51 Proba-

1104 1480 104 57 tur
1164 1480 134 57 minor
1253 1480 223 57 auctoritate
1431 1480 148 57 Arist.
1535 1480 89 57 7.
1579 1480 119 57 eth.
1653 1480 104 57 vbi
1713 1480 119 57 ait,
1787 1480 134 57 Adhuc
1861 1480 104 57 autem

1097 1523 257 45 impedimentum
1306 1523 113 45 est
1370 1523 113 45 ei,
1435 1523 129 45 quod
1515 1523 113 45 est
1579 1523 209 45 prudentem
1740 1523 145 45 esse,
1820 1523 145 45 delecta

1105 1567 120 49 tio,
1180 1567 75 49 &
1210 1567 135 49 magis
1300 1567 105 49 ea,
1360 1567 120 49 quae
1435 1567 105 49 est
1495 1567 225 49 venereorum:
1674 1567 135 49 nihil
1764 1567 120 49 enim
1824 1567 135 49 possib-

1107 1597 90 50 le
1152 1597 105 50 est
1212 1597 165 50 aliquem
1332 1597 225 50 intelligere
1512 1597 90 50 in
1557 1597 105 50 ea.
1617 1597 135 50 Patet
1707 1597 135 50 etiam
1797 1597 120 50 ista
1857 1597 105 50 minor

1110 1649 91 44 1.
1155 1649 91 44 ad
1201 1649 106 44 Cor
1261 1649 106 44 vbi
1322 1649 136 44 super
1413 1649 121 44 illo
1489 1649 152 44 verbo,
1595 1649 106 44 qui
1656 1649 136 44 autem
1747 1649 212 44 fornicatur
1898 1649 61 44 in

1099 1688 152 48 corpus
1205 1688 137 48 suum,
1297 1688 168 48 peccat,
1419 1688 137 48 dicit
1510 1688 122 48 glo,
1586 1688 122 48 quod
1662 1688 91 48 in
1708 1688 244 48 actucarnalis
1891 1688 76 48 co-

1115 1720 127 49 ulae
1194 1720 143 49 ratio
1289 1720 222 49 absorbetur
1464 1720 111 49 per
1511 1720 238 49 delectationem

1116 1759 76 47 2
1146 1759 213 47 Praeterea,
1313 1759 106 47 cui
1374 1759 152 47 semper
1481 1759 106 47 est
1541 1759 152 47 annexa
1648 1759 228 47 verecundia,
1830 1759 122 47 illi
1891 1759 76 47 non

1092 1797 187 55 conuenit
1233 1797 140 55 plena
1326 1797 233 55 innocentia,
1513 1797 109 55 nec
1575 1797 109 55 per
1637 1797 218 55 consequens
1793 1797 171 55 sufficien

1092 1842 105 44 ter
1152 1842 210 44 excusatur:
1317 1842 105 44 Sed
1377 1842 135 44 actui
1467 1842 180 44 carnalis
1601 1842 165 44 copulae
1721 1842 105 44 est
1781 1842 150 44 semper
1871 1842 90 44 anne

1096 1875 95 51 xa
1144 1875 237 51 verecundia:
1333 1875 126 51 ergo
1396 1875 79 51 &c.

1169 1916 237 52 Praeterea,
1355 1916 220 52 vbicunque
1525 1916 119 52 est
1592 1916 254 52 immoderatio
1779 1916 186 52 passionm,

1091 1956 107 54 ibi
1152 1956 107 54 est
1213 1956 168 54 vitium,
1334 1956 76 54 &
1365 1956 198 54 peccatum:
1517 1956 107 54 Sed
1578 1956 91 54 in
1624 1956 122 54 actu
1700 1956 183 54 carnalis
1822 1956 137 54 copulae

1096 1996 114 61 est
1161 1996 244 61 immoderatio
1356 1996 228 61 passionum,
1535 1996 114 61 seu
1600 1996 293 61 delectationum,
1844 1996 98 61 vt
1877 1996 81 61 com

1092 2038 179 43 muniter
1222 2038 244 43 conceditur:
1417 2038 130 43 ergo
1482 2038 81 43 &c.

1108 2081 85 43 4
1142 2081 238 43 Praeterea,
1329 2081 221 43 quicunque
1499 2081 204 43 sustinet
1652 2081 170 43 damnum
1771 2081 187 43 maioris
1890 2081 68 43 bo

1098 2118 96 43 ni
1146 2118 176 43 propter
1274 2118 144 43 minus
1371 2118 160 43 bonum,
1483 2118 128 43 ille
1563 2118 176 43 peccat:
1691 2118 112 43 Sed
1756 2118 160 43 quando
1852 2118 112 43 coniu

1093 2158 115 44 ges
1158 2158 229 44 carnaliter
1338 2158 262 44 commiscentur
1551 2158 180 44 ratione
1682 2158 262 44 praedictorum
1878 2158 82 44 bo-

1083 2195 154 41 norum
1186 2195 257 41 matrimonii,
1391 2195 137 41 tunc
1477 2195 223 41 sustinent
1648 2195 171 41 damnum
1768 2195 188 41 maioris
1888 2195 68 41 bo

1088 2235 98 48 ni
1137 2235 179 48 propter
1267 2235 147 48 minus
1365 2235 163 48 bonum,
1479 2235 130 48 ergo
1560 2235 114 48 per
1625 2235 130 48 bona
1706 2235 212 48 praedicta
1853 2235 114 48 actus

1091 2278 174 46 carnalis
1222 2278 160 46 copulae
1339 2278 102 46 non
1397 2278 233 46 sufficienter
1586 2278 189 46 excusatur
1731 2278 73 46 a
1760 2278 174 46 peccato.
1876 2278 73 46 Mi-

1102 2316 86 44 or
1145 2316 187 44 probatur:
1289 2316 115 44 quia
1361 2316 130 44 sicut
1447 2316 130 44 ille,
1534 2316 101 44 qui
1591 2316 202 44 inordinate
1749 2316 130 44 agit,
1821 2316 130 44 peccat.

1101 2349 111 57 fic&
1171 2349 125 57 ille,
1254 2349 97 57 qui
1310 2349 195 57 inordinate
1463 2349 181 57 sustinet,
1602 2349 97 57 seu
1657 2349 153 57 patitur
1768 2349 97 57 Sed
1810 2349 139 57 sustinem

1087 2395 171 45 damnum
1207 2395 189 45 maioris
1344 2395 137 45 boni
1430 2395 189 45 propter
1567 2395 154 45 minus
1670 2395 171 45 bonum,
1790 2395 137 45 ille
1858 2395 103 45 pati

1088 2439 107 43 tur
1149 2439 229 43 inordinate,
1332 2439 122 43 ergo
1408 2439 168 43 peccat:
1530 2439 137 43 Minor
1622 2439 153 43 patet,
1728 2439 122 43 quia
1805 2439 137 43 bonum
1881 2439 76 43 ra-

1091 2477 167 46 tionis,
1212 2477 121 46 quod
1288 2477 197 46 impeditur
1440 2477 106 46 per
1500 2477 121 46 actu
1576 2477 182 46 carnalis
1712 2477 182 46 copulae,
1849 2477 106 46 est
1894 2477 61 46 ma

1098 2520 113 42 ius
1162 2520 161 42 bonum,
1275 2520 129 42 quam
1356 2520 210 42 praedicta
1517 2520 129 42 ttia
1598 2520 129 42 bona
1662 2520 210 42 matrimonii.

1175 2549 232 46 Praeterea,
1358 2549 133 46 quod
1441 2549 199 46 secundum
1590 2549 100 46 se
1640 2549 116 46 est
1706 2549 166 46 malum,
1822 2549 116 46 hoc
1872 2549 83 46 non

1106 2595 148 41 otest
1204 2595 165 41 effici
1320 2595 148 41 bonum
1418 2595 115 41 per
1484 2595 132 41 hoc,
1567 2595 132 41 quod
1649 2595 115 41 fit
1715 2595 181 41 propter
1830 2595 132 41 bonum:

1089 2627 106 49 Sed
1149 2627 136 49 actus
1240 2627 151 49 carnal
1345 2627 75 49 s
1376 2627 166 49 copule,
1496 2627 181 49 secundum
1632 2627 106 49 se,
1692 2627 106 49 est
1753 2627 151 49 malus.
1843 2627 106 49 Maior

1103 2668 151 47 atet,
1204 2668 134 47 quia
1287 2668 201 47 secundum
1438 2668 134 47 Dion
1522 2668 151 47 malum
1622 2668 184 47 constat
1756 2668 100 47 ex
1790 2668 167 47 particu-

1091 2710 172 44 laribus
1216 2710 234 44 defectibus:
1404 2710 141 44 bonum
1497 2710 141 44 autem
1591 2710 172 44 constat
1716 2710 94 44 ex
1763 2710 125 44 tota
1841 2710 109 44 sua
1888 2710 78 44 cau

1089 2749 101 42 sa;
1146 2749 72 42 &
1175 2749 116 42 hinc
1247 2749 116 42 est,
1320 2749 116 42 quod
1392 2749 173 42 facilius
1522 2749 101 42 est
1580 2749 188 42 deficere,
1724 2749 116 42 quam
1782 2749 173 42 proficere;

1095 2789 81 47 &
1127 2789 130 47 ideo
1208 2789 97 47 si
1257 2789 146 47 malum
1354 2789 113 47 fit
1419 2789 178 47 propter
1548 2789 162 47 bonum,
1662 2789 178 47 propter
1791 2789 113 47 hoc
1840 2789 113 47 malum

1086 2831 108 49 non
1147 2831 201 49 efficitur
1302 2831 155 49 bonum,
1410 2831 139 49 alias
1503 2831 155 49 furari
1612 2831 170 49 propter
1735 2831 124 49 dare
1797 2831 155 49 elcemosi

1083 2870 117 45 nam
1150 2870 150 45 esset
1250 2870 150 45 bonum
1350 2870 200 45 Probatur
1500 2870 166 45 minor,
1616 2870 133 45 quia
1699 2870 166 45 illud,
1816 2870 133 45 quod
1882 2870 67 45 fu

1098 2907 136 45 catur
1189 2907 227 45 intellectum
1370 2907 212 45 sapientis,
1537 2907 106 45 hoc
1597 2907 182 45 secundum
1733 2907 106 45 se,
1794 2907 166 45 videtur
1900 2907 45 45 e

1086 2946 96 42 se
1134 2946 161 42 malum:
1247 2946 128 42 sed,
1327 2946 193 42 secundum
1471 2946 241 42 philosophum
1664 2946 96 42 7.
1712 2946 128 42 eth.
1792 2946 145 42 actus
1873 2946 96 42 dele

1087 2988 195 51 ctationis
1237 2988 180 51 venereae
1373 2988 165 51 furatur
1493 2988 226 51 saepissimel
1673 2988 226 51 intellectum
1839 2988 120 51 sapien

1092 3026 119 49 tis,
1167 3026 119 49 ergo
1226 3026 45 49 &

1105 3074 103 39 Ad
1156 3074 172 39 primum
1277 3074 223 39 dicendum,
1449 3074 138 39 quod
1535 3074 189 39 aliquid
1672 3074 138 39 esse
1741 3074 206 39 contrarium

1091 3103 174 43 rationi,
1221 3103 145 43 potest
1322 3103 203 43 dupliciter
1481 3103 203 43 intelligi.
1640 3103 101 43 Vno
1698 3103 130 43 modo,
1785 3103 116 43 quia
1843 3103 101 43 recta

1079 3148 141 50 ratio
1173 3148 157 50 dictat
1283 3148 110 50 hoc
1346 3148 110 50 non
1409 3148 126 50 esse
1487 3148 220 50 faciendum,
1660 3148 110 50 sed
1723 3148 157 50 potius
1817 3148 141 50 refutan
