2430 3569
424 272 204 60 sumptio.
577 272 136 60 Quae
662 272 153 60 autem
764 272 255 60 requirantur
969 272 102 60 ad
1020 272 255 60 adoptionem,
1207 272 85 60 qui

443 335 136 47 etiam
534 335 91 47 ad
579 335 166 47 quandam
700 335 136 47 aliam
791 335 212 47 adoptionis
957 335 272 47 descriptionem,
1184 335 151 47 requi¬

442 364 91 52 re
487 364 151 52 librum
593 364 181 52 tertium,
729 364 242 52 distinctione
925 364 166 52 decima,
1046 364 106 52 art
1107 364 91 52 3.
1152 364 151 52 Quibus
1243 364 60 52 o-

438 408 154 47 mnibus
545 408 92 47 ad
592 408 185 47 praesens
730 408 277 47 praesuppositis
961 408 185 47 possumus
1100 408 185 47 triplice
1223 408 77 47 no-

437 455 126 45 tare
516 455 174 45 speciem
642 455 174 45 legalis
753 455 221 45 cognationis.

475 487 140 55 Prima
568 487 109 55 est
630 487 140 55 inter
723 487 155 55 patrem
831 487 217 55 adoptante,
1002 487 78 55 &
1033 487 155 55 prolem
1126 487 171 55 adoptatam

472 532 190 45 Secunda
610 532 121 45 est
679 532 155 45 inter
783 532 173 45 prolem
904 532 242 45 adoptatam,
1094 532 86 45 &
1111 532 190 45 naturalem

436 565 174 55 prolem
540 565 227 55 adoptantis.

475 605 159 47 Tertia
587 605 112 47 est
650 605 143 47 quasi
746 605 112 47 per
810 605 143 47 modum
905 605 239 47 affinitatis
1097 605 143 47 inter
1176 605 128 47 vxorem

432 638 139 49 filij
524 638 201 49 adoptiui,
679 638 77 49 &
710 638 155 49 patrem
819 638 217 49 adoptiuum,
989 638 77 49 &
1020 638 139 49 inter
1113 638 155 49 filium
1206 638 93 49 ado-

443 686 165 41 ptiuum,
563 686 75 41 &
593 686 150 41 vxorem
698 686 150 41 patris
803 686 195 41 adoptiui:
953 686 90 41 Et
998 686 135 41 omnes
1088 686 135 41 istae
1163 686 135 41 species

436 726 188 42 legalis
573 726 257 42 cognationis
778 726 222 42 impediunt
949 726 274 42 matrimonium,
1154 726 154 42 quamuis

435 766 105 43 hoc
495 766 165 43 faciant
615 766 256 43 inaequaliter.
826 766 105 43 Nam
886 766 135 43 licet
976 766 165 43 secunda
1097 766 180 43 species,
1217 766 75 43 qua

430 801 153 51 potest
537 801 122 51 dici
613 801 229 51 fraternitas
797 801 168 51 legalis
919 801 245 51 cognationis,
1118 801 183 51 impediat
1240 801 61 51 ma

437 841 219 42 trimonium
605 841 151 42 inter
706 841 168 42 prolem
824 841 235 42 adoptatam,
1009 841 84 42 &
1043 841 168 42 prolem
1144 841 151 42 natura-

438 879 108 43 em,
499 879 169 43 quamdiu
622 879 169 43 vtraque
746 879 154 43 proles
854 879 108 43 est
915 879 92 43 in
961 879 154 43 patris
1069 879 216 43 potestate;
1223 879 62 43 ta

430 918 119 49 men
498 918 170 49 mortuo
617 918 170 49 patre,
735 918 187 49 possunt
871 918 204 49 legitime
1024 918 254 49 contrahere;
1210 918 85 49 vel

440 960 159 44 etiam,
552 960 143 44 adhuc
647 960 175 44 viuente
774 960 159 44 patre,
886 960 96 44 si
934 960 111 44 vna
997 960 159 44 earum,
1109 960 111 44 vel
1157 960 143 44 vtraque

437 998 156 45 fuerit
546 998 234 45 emancipata,
733 998 156 45 nullum
842 998 156 45 habent
951 998 187 45 vlterius
1092 998 93 45 ex
1138 998 140 45 parte
1216 998 78 45 le-

427 1036 155 49 galis
530 1036 258 49 cognationis
737 1036 276 49 impedimentum
961 1036 258 49 contrahendi
1150 1036 138 49 legiti

434 1080 114 51 mum
499 1080 261 51 matrimonium.
711 1080 98 51 Et
760 1080 130 51 ista
841 1080 147 51 patet
939 1080 147 51 extra
1037 1080 98 51 de
1086 1080 163 51 legali
1184 1080 114 51 cogna

429 1120 151 41 tione,
534 1120 105 41 vbi
595 1120 136 41 dicit
685 1120 181 41 Hicolaus
821 1120 121 41 papa
896 1120 121 41 sic.
971 1120 90 41 Si
1017 1120 105 41 qua
1077 1120 105 41 per
1122 1120 181 41 adoptionem

427 1161 126 43 mihi
506 1161 141 43 soror
600 1161 126 43 esse
679 1161 173 43 coepit,
804 1161 173 43 quamdiu
930 1161 141 43 durat
1024 1161 173 43 adoptio
1150 1161 141 43 inter
1228 1161 63 43 me

434 1197 76 47 &
464 1197 153 47 ipsam,
571 1197 168 47 nuptiae
693 1197 214 47 consistere
861 1197 107 47 non
922 1197 183 47 possunt.
1060 1197 92 47 Et
1106 1197 137 47 super
1182 1197 107 47 eoden

438 1237 182 49 capitulo
575 1237 152 49 argnit
681 1237 137 49 glosa
772 1237 91 49 ab
818 1237 182 49 opposito
955 1237 152 49 sensu,
1061 1237 122 49 quod
1137 1237 106 49 non
1183 1237 106 49 duram

428 1278 98 37 te
477 1278 228 37 adoptione,
656 1278 114 37 non
721 1278 244 37 prohibentur
916 1278 146 37 inter
1013 1278 163 37 prolem
1111 1278 179 37 naturalem

425 1315 80 53 &
457 1315 208 53 adoptiuam
617 1315 192 53 nuptiae.
761 1315 128 53 Sed,
841 1315 96 53 vt
889 1315 144 53 patet
985 1315 112 53 per
1049 1315 160 53 eandem
1161 1315 160 53 glosam

426 1358 133 48 tunc
509 1358 116 48 non
576 1358 149 48 durat
675 1358 149 48 inter
775 1358 216 48 huiusmodi
941 1358 166 48 proles
1057 1358 199 48 vinculum
1189 1358 100 48 ado-

434 1396 193 51 ptionis,
579 1396 161 51 quando
691 1396 113 51 vna
755 1396 161 51 earum,
868 1396 113 51 vel
932 1396 177 51 vtraque
1061 1396 161 51 fuerit
1157 1396 129 51 emanci

428 1432 141 50 pata.
522 1432 219 50 Emancipata
694 1432 125 50 vero
772 1432 125 50 tunc
850 1432 172 50 dicitur
975 1432 125 50 esse
1054 1432 172 50 proles,
1163 1432 125 50 quande

423 1478 120 48 data
498 1478 120 48 sibi
573 1478 226 48 hereditaria
754 1478 196 48 portione,
905 1478 120 48 quae
980 1478 181 48 secundum
1115 1478 135 48 leges
1191 1478 105 48 ipsam

425 1511 162 40 prolem
538 1511 227 40 contingit,
717 1511 130 40 ipsa
798 1511 178 40 ponitur
928 1511 146 40 extra
1025 1511 195 40 familiam
1155 1511 146 40 patris.

430 1553 190 46 Praedicta
576 1553 131 46 etiam
664 1553 146 46 patent
766 1553 204 46 trigesima,
927 1553 204 46 quaestione
1088 1553 161 46 tertia,
1190 1553 102 46 capi-

426 1593 139 43 tulo,
518 1593 108 43 Ita
580 1593 200 43 diligere,
734 1593 93 43 &c
780 1593 123 43 Post
857 1593 216 43 susceptum.
1027 1593 154 43 Patent
1135 1593 139 43 etiam
1212 1593 77 43 iam

428 1635 158 42 dicta,
539 1635 126 42 frde
617 1635 126 42 ritu
696 1635 205 42 nuptiarum
854 1635 95 42 c.
901 1635 110 42 Per
964 1635 236 42 adoptionem.
1153 1635 110 42 Sed
1200 1635 95 42 pri-

434 1668 105 49 ma,
494 1668 75 49 &
524 1668 150 49 tertia
629 1668 165 49 species
749 1668 225 49 cognationis
929 1668 180 49 legalis,
1064 1668 150 49 absque
1154 1668 135 49 dictin-

432 1703 176 51 ctione
556 1703 211 51 perpetuo
714 1703 229 51 impeniunt
890 1703 282 51 matrimonium.
1119 1703 123 51 Nam
1172 1703 123 51 pater

430 1748 233 45 ndoptiuus
609 1748 197 45 numquam
753 1748 179 45 potest
878 1748 251 45 contrahere
1058 1748 233 45 matrimonium

433 1789 98 45 cum
489 1789 125 45 filia
572 1789 181 45 adoptiua,
712 1789 111 45 siue
781 1789 125 45 talis
865 1789 125 45 filia
949 1789 125 45 adhuc
1032 1789 98 45 sit
1088 1789 84 45 in
1130 1789 139 45 patris
1213 1789 70 45 adu

422 1826 174 44 ptantis
549 1826 190 44 familta,
691 1826 126 44 siue
770 1826 142 44 extra
865 1826 190 44 familiam
1007 1826 158 44 fuerit
1101 1826 190 44 emancipata

424 1866 152 44 Etiam
525 1866 152 44 pater
626 1866 219 44 adoptiuus
795 1866 185 44 numquam
929 1866 168 44 potest
1047 1866 202 44 legitime
1182 1866 101 44 matr

422 1905 164 53 monium
537 1905 230 53 contrahere
717 1905 115 53 cum
783 1905 148 53 vxore
881 1905 148 53 filii
980 1905 214 53 adoptiui,
1144 1905 131 53 post
1210 1905 82 53 mor

416 1938 110 56 tem
479 1938 141 56 huius
573 1938 157 56 filii:
682 1938 110 56 nec
745 1938 157 56 filius
855 1938 204 56 adoptiuus
1011 1938 157 56 vmquam
1121 1938 157 56 potest
1215 1938 78 56 con

422 1985 172 48 trahere
548 1985 235 48 matrimonium
735 1985 110 48 cum
798 1985 141 48 vxore
892 1985 110 48 sui
955 1985 157 48 patris
1064 1985 204 48 adoptiui,
1205 1985 94 48 post

419 2020 162 55 mortem
532 2020 146 55 huius
629 2020 178 55 patris;
759 2020 146 55 etiam
856 2020 146 55 dato,
953 2020 130 55 quod
1034 2020 130 55 ante
1115 2020 162 55 mortem
1212 2020 81 55 pa-

421 2060 115 46 tris
492 2060 143 46 fuerit
593 2060 229 46 emancipatus.
779 2060 115 46 Ista
851 2060 158 46 patent.
966 2060 100 46 fr:
1023 2060 86 46 de
1066 2060 115 46 ritu
1123 2060 158 46 nuptiarum

417 2094 89 52 c.
462 2094 192 52 adoptiuus
595 2094 118 52 filius

474 2134 105 58 dic
534 2134 135 58 etiam
624 2134 105 58 est
684 2134 195 58 notandum,
833 2134 120 58 quod
908 2134 120 58 Hugo
983 2134 135 58 dicit
1073 2134 90 58 in
1117 2134 150 58 glosa,
1207 2134 75 58 tri

428 2161 160 75 gesima,
545 2161 190 75 questione
691 2161 160 75 tertia,
807 2161 117 75 quod
880 2161 131 75 sicut
968 2161 117 75 duae
1041 2161 146 75 proles
1128 2161 146 75 spiritua

421 2216 107 45 les
482 2216 168 45 eiusdem
604 2216 152 45 patris
710 2216 228 45 spiritualis
893 2216 168 45 possunt
1015 2216 183 45 legitime
1152 2216 137 45 inter
1228 2216 61 45 se

426 2256 248 55 contrahere,
625 2256 116 55 dum
691 2256 132 55 modo
774 2256 149 55 alias
873 2256 116 55 non
939 2256 182 55 habeant
1055 2256 231 55 impedimentum

427 2299 250 48 contrahendi,
630 2299 125 48 quam
708 2299 94 48 ex
755 2299 219 48 cognatione
927 2299 234 48 spirituali,
1114 2299 109 48 sic
1177 2299 141 48 etiam

426 2331 122 53 duae
502 2331 153 53 proles
609 2331 199 53 adoptiuae
762 2331 168 53 eiusdem
885 2331 153 53 patris
992 2331 199 53 adoptiui,
1145 2331 138 53 inter
1222 2331 61 53 se

414 2375 194 52 possunt
555 2375 211 52 legitime
714 2375 264 52 matrimonium
925 2375 264 52 contrahere,
1119 2375 158 52 dummodo

415 2417 182 52 aliunde
548 2417 116 52 non
614 2417 281 52 prohibeantur,
845 2417 132 52 quam
927 2417 99 52 ex
977 2417 165 52 legali
1076 2417 198 52 cognatione

459 2450 135 50 Forte
549 2450 150 50 contra
654 2450 195 50 praedicta
804 2450 180 50 dicetur,
938 2450 120 50 quod
1013 2450 105 50 ius
1073 2450 195 50 positiuum
1208 2450 75 50 non

426 2482 131 56 debet
514 2482 233 56 praeiudicare
703 2482 116 56 iuri
775 2482 189 56 naturali:
921 2482 102 56 sed
979 2482 160 56 legalis
1095 2482 174 56 cognatio
1211 2482 73 56 est

417 2536 92 51 ex
463 2536 122 51 iure
539 2536 183 51 posituo,
676 2536 76 51 &
707 2536 229 51 matrimonium
890 2536 107 51 est
951 2536 92 51 de
997 2536 122 51 iure
1073 2536 199 51 naturali:
1211 2536 61 51 e-

419 2574 99 54 go
468 2574 181 54 legalis
600 2574 198 54 cognatio
748 2574 115 54 non
814 2574 165 54 potest
929 2574 247 54 matrimonium
1110 2574 165 54 impedire

492 2604 224 55 Praeterea,
668 2604 144 55 verum
764 2604 240 55 sacramentum
956 2604 208 55 ecclesiae
1116 2604 112 55 non
1164 2604 112 55 debet

417 2651 167 53 talibus
538 2651 213 53 subiacere,
706 2651 122 53 quae
782 2651 91 53 ex
827 2651 228 53 secularibus
1010 2651 167 53 legibus
1131 2651 122 53 suam
1192 2651 76 53 vin

424 2690 217 54 probantur
591 2690 184 54 habere,
725 2690 117 54 sed
792 2690 251 54 matrimonium
993 2690 117 54 est
1060 2690 150 54 verum
1143 2690 134 54 sacra-

414 2730 154 56 mentum
522 2730 216 56 ecclesiae,
691 2730 77 56 &
722 2730 185 56 adoptio,
861 2730 93 56 ac
908 2730 139 56 etiam
1000 2730 170 56 legalis
1108 2730 170 56 cognatio,

416 2768 131 63 quae
498 2768 98 63 ex
547 2768 213 63 adoptione
711 2768 213 63 procedit,
874 2768 147 63 totam
973 2768 115 63 vim
1038 2768 131 63 suam
1120 2768 164 63 habent
1218 2768 66 63 ex

421 2800 220 49 aecularibus
597 2800 176 49 legibus,
729 2800 73 49 &
759 2800 191 49 statutis,
906 2800 117 49 ergo
979 2800 73 49 &
994 2800 117 49 cetera

450 2846 112 58 Ad
506 2846 187 58 primum
637 2846 225 58 dicedum,
806 2846 150 58 quod
900 2846 206 58 quamuis
1031 2846 243 58 matrimonium

408 2883 102 57 sit
467 2883 87 57 de
510 2883 117 57 iure
583 2883 189 57 naturali,
729 2883 131 57 tamen
816 2883 117 57 sine
889 2883 117 57 omni
962 2883 219 57 praeiudicio
1137 2883 131 57 iuris
1210 2883 58 57 na

421 2922 166 49 turalis
542 2922 136 49 leges
632 2922 196 49 positiuae
783 2922 166 49 possunt
904 2922 226 49 determinare
1085 2922 181 49 personas
1206 2922 60 49 ma

415 2962 274 61 trimonialiter
640 2962 226 61 copulandas
818 2962 113 61 pro
882 2962 177 61 gentis,
1011 2962 81 61 &
1043 2962 193 61 temporis
1172 2962 97 61 con-

415 3003 184 51 gruitate:
557 3003 71 51 &
585 3003 113 51 ideo
656 3003 128 51 sicut
741 3003 128 51 patet
826 3003 85 51 ex
869 3003 142 51 dictis
968 3003 156 51 aliquae
1082 3003 170 51 personae
1195 3003 71 51 pro

417 3043 118 55 nunc
491 3043 118 55 isto
565 3043 162 55 tempore
683 3043 162 55 possunt
801 3043 177 55 legitime
934 3043 222 55 contrahere,
1112 3043 118 55 quae
1171 3043 103 55 quam-

408 3079 134 55 doque
498 3079 164 55 fuerunt
617 3079 224 55 prohibitae;
796 3079 75 55 &
826 3079 194 55 aliquibus
975 3079 224 55 christianis
1139 3079 134 55 propter

423 3123 200 60 ecclesiae
576 3123 231 60 honestatem,
761 3123 108 60 non
822 3123 138 60 licet
914 3123 231 60 contrahere,
1099 3123 123 60 quos
1160 3123 108 60 tamer

1338 262 195 70 finagoga,
1488 262 105 70 vel
1548 262 150 70 status
1653 262 210 70 dentilium,
1819 262 165 70 propter
1939 262 105 70 sui
1984 262 210 70 catnalitatem

1332 324 228 52 contrahere
1511 324 114 52 non
1576 324 146 52 solet
1657 324 179 52 prohibere

1381 366 101 51 Ad
1432 366 186 51 secudum
1567 366 220 51 dicendum,
1736 366 135 51 quod
1820 366 118 51 hoc
1888 366 270 51 sacramentum,
2091 366 101 51 quod

1339 403 107 46 est
1400 403 245 46 matrimonium,
1599 403 168 46 legibus
1721 403 199 46 subiacere
1875 403 153 46 potest
1982 403 214 46 dupliciter
2135 403 61 46 in

1335 447 191 45 telligi.
1478 447 111 45 vno
1542 447 143 45 modo,
1637 447 191 45 secundum
1780 447 111 45 se.
1844 447 127 45 Alio
1924 447 143 45 modo,
2019 447 175 45 quantum
2130 447 64 45 ad

1334 483 305 52 determinationem
1591 483 241 52 habilitatis
1784 483 257 52 contrahentis
1992 483 209 52 personae.
2137 483 64 52 Le

1338 532 107 43 ges
1399 532 138 43 etiam
1491 532 199 43 seculares
1644 532 214 43 dupliciter
1812 532 168 43 possunt
1935 532 245 43 considerari.
2118 532 77 43 Vno

1332 562 142 51 modo,
1427 562 95 51 vt
1474 562 79 51 a
1506 562 236 51 secularibus
1695 562 236 51 principibus
1884 562 126 51 sunt
1963 562 205 51 conditae.
2104 562 95 51 Alio

1332 612 142 44 modo,
1427 612 95 44 vt
1475 612 127 44 sunt
1554 612 253 44 canonixatae,
1759 612 79 44 &
1791 612 95 44 ab
1838 612 190 44 ecclesia
1981 612 127 44 sunt
2044 612 158 44 approba-

1330 649 129 45 tae.
1410 649 96 45 Et
1459 649 96 45 ex
1507 649 113 45 his
1571 649 96 45 ad
1619 649 161 45 formam
1732 649 225 45 argumenti,
1909 649 193 45 dicendum
2053 649 96 45 ad
2085 649 113 45 maio-

1330 676 134 52 rem,
1414 676 134 52 quod
1498 676 184 52 quamuis
1632 676 251 52 sacramentum
1833 676 218 52 ecclesiae
2001 676 201 52 secundum
2135 676 67 52 se

1329 720 109 49 non
1392 720 155 49 debeat
1500 720 248 49 saecularibus
1702 720 171 49 legibus
1826 720 217 49 subiacere,
1981 720 217 49 consideratis

1335 759 209 52 huiusmodi
1496 759 193 52 legibus,
1640 759 177 52 secudum
1768 759 128 52 quod
1849 759 209 52 seculares
2009 759 145 52 sunt,
2090 759 112 52 tamen

1329 811 200 37 quantum
1474 811 109 37 ad
1529 811 345 37 determinationem
1819 811 254 37 personarum
2001 811 200 37 contrahen

1337 846 131 45 tium
1418 846 147 45 ipsum
1516 846 261 45 matrimonium,
1729 846 163 45 potest
1843 846 212 45 subiacere
1990 846 212 45 secularibus

1329 879 174 60 legibus,
1459 879 101 60 non
1517 879 87 60 vt
1560 879 188 60 seculares
1705 879 130 60 sunt,
1792 879 101 60 sed
1850 879 87 60 vt
1894 879 101 60 per
1952 879 188 60 ecclesiae
2082 879 116 60 appro-

1322 916 202 49 bationem
1474 916 253 49 canonixatae
1659 916 101 49 sunt

1360 954 111 46 Ad
1415 954 258 46 argumentum
1618 954 258 46 principale
1821 954 240 46 dicendum,
2005 954 148 46 quod
2079 954 129 46 minor

1334 997 112 47 est
1398 997 160 47 falsa.
1510 997 96 47 Ad
1558 997 240 47 probationem
1750 997 208 47 dicendum,
1909 997 128 47 quod
1989 997 160 47 iterum
2085 997 112 47 minor

1336 1039 99 50 est
1393 1039 142 50 falsa:
1492 1039 113 50 quia
1563 1039 99 50 cum
1619 1039 184 50 affinitas
1761 1039 99 50 sit
1818 1039 213 50 proximitas:
1988 1039 113 50 ideo
2059 1039 170 50 oportet,

1331 1088 126 43 quod
1410 1088 110 43 sit
1473 1088 126 43 vera
1551 1088 188 43 relatio.
1692 1088 94 43 Ad
1740 1088 236 43 probationem
1928 1088 157 43 illius
2022 1088 173 43 dicendum,

1335 1116 121 48 quod
1410 1116 136 48 licet
1501 1116 166 48 relatio
1621 1116 106 48 non
1682 1116 151 48 possit
1787 1116 151 48 alicui
1893 1116 196 48 conuenire
2043 1116 121 48 sine
2104 1116 90 48 fun-

1333 1154 205 45 damento,
1487 1154 154 45 tamen
1590 1154 120 45 non
1658 1154 120 45 est
1727 1154 205 45 necesse,
1881 1154 137 45 quod
1966 1154 103 45 in
2001 1154 188 45 quocunque

1328 1200 177 46 relatio
1457 1200 97 46 de
1505 1200 129 46 nouo
1586 1200 226 46 acquiritur
1763 1200 193 46 secundum
1908 1200 129 46 suam
1989 1200 193 46 actualem
2117 1200 81 46 ten

1330 1235 203 46 dentiam
1477 1235 111 46 ad
1533 1235 240 46 terminum,
1717 1235 148 46 quod
1809 1235 111 46 in
1865 1235 166 46 eodem
1957 1235 240 46 fundamentum

1331 1275 93 46 de
1378 1275 125 46 nouo
1456 1275 234 46 acquiratur.
1643 1275 125 46 Vnde
1721 1275 93 46 si
1768 1275 140 46 hodie
1861 1275 140 46 esset
1954 1275 125 46 vnus
2032 1275 140 46 solus
2110 1275 78 46 ho-

1341 1310 91 60 mo
1386 1310 151 60 albus,
1492 1310 75 60 &
1522 1310 121 60 cras
1597 1310 151 60 fieret
1703 1310 136 60 alter
1794 1310 121 60 homo
1869 1310 151 60 albus,
1975 1310 121 60 tunc
2050 1310 136 60 ille,
2126 1310 75 60 qui

1329 1353 137 47 primo
1420 1353 121 47 fuit
1496 1353 152 47 albus,
1602 1353 121 47 cras
1678 1353 121 47 sine
1754 1353 106 47 fui
1815 1353 213 47 mutatione,
1982 1353 76 47 &
2012 1353 152 47 absque
2103 1353 91 47 noua

1334 1392 220 57 fundamenti
1507 1392 251 57 acquisitione
1711 1392 220 57 acquireret
1883 1392 267 57 similitudinem
2087 1392 110 57 secun

1320 1436 126 41 dum
1392 1436 144 41 suam
1482 1436 216 41 actualem
1644 1436 252 41 tendentiam
1841 1436 108 41 ad
1895 1436 234 41 terminum,
2075 1436 144 41 quam

1322 1472 114 48 uis
1387 1472 245 48 praehabendo
1583 1472 213 48 albedinem
1747 1472 262 48 praehabuerit
1959 1472 147 48 etiam
2041 1472 147 48 simili-

1330 1513 208 50 tudinem,
1486 1513 208 50 secundum
1642 1513 243 50 habitualem
1833 1513 243 50 tendentiam
2024 1513 104 50 ad
2058 1513 139 50 termi-

1329 1554 126 43 num.
1408 1554 189 43 Sufficit
1550 1554 126 43 enim
1628 1554 220 43 mutationem
1801 1554 142 43 fieri
1896 1554 94 43 in
1943 1554 157 43 altero
2038 1554 157 43 termino-

1333 1594 119 49 rum,
1408 1594 89 49 ad
1452 1594 119 49 hoc,
1527 1594 119 49 quod
1601 1594 89 49 in
1646 1594 164 49 ambobus
1766 1594 164 49 oriatur
1885 1594 149 49 realis
1989 1594 179 49 relatio,
2108 1594 75 49 se-

1315 1630 164 43 cundum
1429 1630 229 43 tendentiam
1609 1630 213 43 actualem:
1773 1630 115 43 sic
1838 1630 147 43 autem
1936 1630 115 43 est
2002 1630 98 43 in
2034 1630 164 43 proposi-

1319 1671 112 54 to,
1383 1671 128 54 quia
1463 1671 144 54 nullo
1560 1671 192 54 absoluto
1704 1671 96 54 de
1752 1671 128 54 nouo
1832 1671 208 54 acquisito
1993 1671 96 54 in
2025 1671 176 54 consangui

1324 1713 120 45 neis
1399 1713 180 45 alicuius
1534 1713 135 45 viri,
1625 1713 90 45 ex
1670 1713 120 45 sola
1745 1713 195 45 mutatione
1895 1713 135 45 facta
1986 1713 90 45 in
2031 1713 150 45 aliqua
2121 1713 75 45 mu-

1321 1746 150 55 liere,
1426 1746 120 55 quae
1501 1746 105 55 per
1561 1746 180 55 carnalem
1696 1746 165 55 copulam
1815 1746 210 55 adiungitur
1980 1746 120 55 illi
2055 1746 135 55 viro,
2145 1746 75 55 &

1322 1787 221 46 quodammodo
1496 1787 111 46 vna
1559 1787 126 46 caro
1638 1787 205 46 efficitur
1796 1787 111 46 cum
1859 1787 111 46 eo,
1922 1787 158 46 oritur
2017 1787 174 46 affinitas

1320 1830 92 53 in
1366 1830 139 53 ipsis
1458 1830 277 53 consanguineis,
1689 1830 185 53 respectu
1828 1830 139 53 huius
1920 1830 200 53 mulieris,
2058 1830 139 53 secudum

1317 1868 205 58 actualem
1470 1868 239 58 tendentiam
1641 1868 256 58 proximitatis.

1438 1947 563 69 DISPINCTIO.
1851 1947 188 69 LII

1308 2035 194 91 Secunde
1449 2035 176 91 partis
1573 2035 264 91 principalis
1784 2035 159 91 huius
1890 2035 176 91 quarti
1996 2035 194 91 voluminis

1368 2106 196 62 generalis
1519 2106 181 62 diuisio,
1654 2106 90 62 ac
1700 2106 211 62 praesentis
1866 2106 256 62 distinctionis
2062 2106 75 62 di-

1413 2152 189 57 stincta
1550 2152 240 57 subduusio,
1739 2152 103 57 in
1790 2152 120 57 qua
1859 2152 103 57 de
1893 2152 189 57 mortuorum

1514 2195 296 74 vresurrectione
1744 2195 230 74 determinatur

1637 2313 235 57 OSTREMO
1807 2313 128 57 de
1871 2313 299 57 conditione
2085 2313 85 57 ro

1670 2357 280 58 surrectionis.
1900 2357 198 58 Hucusque
2048 2357 99 58 in
2081 2357 99 58 isto

1662 2394 174 61 quarto
1783 2394 156 61 libro
1887 2394 278 61 determinatum
2096 2394 69 61 es

1658 2436 101 55 de
1709 2436 218 55 vulnerati
1876 2436 184 55 hominis
1994 2436 184 55 sanatione

1666 2476 261 54 imperfecta,
1874 2476 87 54 &
1892 2476 295 54 sacramentaliter

1662 2514 201 49 initiata,
1816 2514 124 49 nunc
1893 2514 185 49 vlterius
2017 2514 154 49 determi-

1650 2553 155 47 natur
1753 2553 103 47 de
1805 2553 190 47 eiusdem
1943 2553 190 47 hominis
2063 2553 121 47 cura-

1658 2593 143 55 tione
1754 2593 207 55 perfecta,
1913 2593 80 55 &
1929 2593 239 55 supernaturali

1304 2628 108 51 ter
1365 2628 231 51 consummata.
1550 2628 139 51 Prima
1643 2628 170 51 curatio
1766 2628 108 51 est
1828 2628 200 51 gratiosa.
1982 2628 170 51 Secunda
2090 2628 77 51 est

1304 2662 194 62 gloriosa.
1453 2662 134 62 Prima
1542 2662 164 62 curatio
1662 2662 104 62 est
1721 2662 164 62 quaedam
1840 2662 223 62 spiritualis
2004 2662 164 62 liberatio

1302 2713 83 49 a
1336 2713 166 49 culpa.
1452 2713 183 49 Secunda
1585 2713 183 49 sanatio
1718 2713 116 49 est
1785 2713 183 49 quaedam
1901 2713 266 49 supernaturalis

1303 2743 219 63 translatio
1475 2743 78 63 a
1506 2743 187 63 miseria.
1647 2743 187 63 Postquam
1787 2743 156 63 igitur
1897 2743 187 63 magister
2022 2743 141 63 determi

1301 2784 142 71 nauit
1396 2784 95 71 de
1444 2784 206 71 vulnerati
1602 2784 174 71 hominis
1728 2784 206 71 sanatione
1886 2784 237 71 aliqualiter
2060 2784 111 71 imper

1302 2819 155 72 fecta,
1411 2819 124 72 quae
1489 2819 109 72 fit
1551 2819 109 72 per
1613 2819 264 72 sacramentorum
1830 2819 171 72 deuotam
1938 2819 233 72 perceptionem;

1308 2861 119 71 nunc
1383 2861 89 71 in
1427 2861 119 71 ista
1502 2861 238 71 quadragesima
1695 2861 149 71 tertia
1799 2861 253 71 distinctione,
2007 2861 164 71 incipit
2111 2861 60 71 de

1311 2904 199 72 terminare
1464 2904 92 72 de
1510 2904 153 72 sanati
1618 2904 169 72 hominis
1740 2904 230 72 solidatione
1924 2904 199 72 totaliter
2063 2904 107 72 perse

1304 2938 112 63 cta
1368 2938 112 63 per
1432 2938 207 63 corporis,
1591 2938 80 63 &
1623 2938 159 63 animae
1735 2938 159 63 beatam
1846 2938 319 63 glorificationem.
2101 2938 64 63 Ad

1309 2978 135 68 stam
1393 2978 152 68 autem
1494 2978 320 68 glorificationem
1764 2978 236 68 peruenitur
1949 2978 118 68 per
2000 2978 168 68 corporum

1298 3018 289 71 resumptionem,
1536 3018 85 71 &
1570 3018 238 71 iudicialem
1758 3018 289 71 discussionem.
1996 3018 136 71 Ideo
2064 3018 102 71 magi

1294 3064 126 51 ster
1373 3064 110 51 duo
1436 3064 158 51 facit:
1547 3064 110 51 nam
1610 3064 142 51 primo
1704 3064 174 51 tractat
1831 3064 95 51 de
1878 3064 205 51 mortuorum
2020 3064 142 51 resurre

1295 3102 178 54 ctione:
1424 3102 178 54 Secundo
1554 3102 97 54 de
1602 3102 259 54 iudicandorum
1812 3102 275 54 examinatione,
2039 3102 129 54 ibi,
2103 3102 65 54 So

1303 3141 118 73 let
1370 3141 151 73 autem
1471 3141 151 73 queri
1572 3141 151 73 Prima
1673 3141 101 73 in
1724 3141 151 73 duas.
1825 3141 118 73 Nam
1892 3141 151 73 primo
1976 3141 202 73 determinat
