2395 3581
199 309 124 51 funt
276 309 201 51 virtutis,
431 309 124 51 quod
508 309 201 51 vincuntur
663 309 77 51 a
694 309 186 51 tritico,
833 309 77 51 &
848 309 217 51 conuertuntur

200 356 89 43 in
245 356 164 43 naturam
364 356 164 43 tritici
483 356 74 43 :
513 356 104 43 Vel
573 356 149 43 neutra
677 356 149 43 virtus
781 356 134 43 plene
870 356 149 43 vincit
960 356 119 43 aliam:

211 396 105 46 sed
271 396 180 46 qualibet
406 396 165 46 actione
525 396 180 46 alterius
660 396 75 46 a
690 396 105 46 sua
750 396 150 46 natura
855 396 224 46 remittitur,
1034 396 75 46 &

220 438 106 48 per
280 438 211 48 consequens
446 438 91 48 ex
492 438 106 48 eis
552 438 106 48 fit
612 438 151 48 tertia
718 438 151 48 natura
823 438 151 48 mixta.
929 438 151 48 Primo,
1035 438 75 48 &

214 480 166 41 tertio
330 480 133 41 modo
413 480 199 41 secundum
563 480 149 41 istam
662 480 216 41 opinionem
828 480 116 41 non
878 480 182 41 conficere

208 513 107 49 tur
269 513 153 49 corpus
376 513 168 49 Christi
498 513 92 49 ex
544 513 245 49 benedictione
743 513 138 49 talis
835 513 153 49 panis,
942 513 92 49 eo
972 513 92 49 quod

216 552 234 40 simpliciter
403 552 109 40 non
466 552 140 40 esset
559 552 218 40 triticeus:
730 552 109 40 Sed
793 552 171 40 secundo
917 552 125 40 modo
980 552 93 40 vere

220 592 245 45 conficeretur:
421 592 115 45 quia
493 592 115 45 ille
565 592 130 45 panis
652 592 115 45 vere
723 592 130 45 esset
810 592 202 45 triticeus,
954 592 115 45 quamui

209 632 99 45 non
265 632 99 45 ita
322 632 141 45 purus,
421 632 127 45 sicut
505 632 85 45 si
548 632 113 45 illa
618 632 113 45 alia
689 632 127 45 grana
774 632 99 45 non
830 632 169 45 fuissent
943 632 127 45 admixta

208 671 104 45 Sed
267 671 104 45 qui
327 671 148 45 nollet
430 671 148 45 tenere
534 671 133 45 istam
623 671 207 45 opinionem,
786 671 118 45 ille
860 671 148 45 posset
949 671 118 45 dicere

216 710 118 45 quod
290 710 88 45 si
334 710 118 45 illa
408 710 132 45 grana
496 710 162 45 admixta
614 710 162 45 tritico
731 710 118 45 sunt
805 710 132 45 grana
893 710 118 45 veri
952 710 118 45 frumer

218 753 97 47 ti,
274 753 111 47 tunc
343 753 111 47 siue
412 753 125 47 grana
496 753 153 47 admixta
607 753 153 47 vincant
718 753 125 47 grana
801 753 167 47 tritici,
926 753 111 47 siue
982 753 83 47 econ

218 789 129 50 uerso
304 789 186 50 vincantur
447 789 72 50 a
475 789 143 50 granis
575 789 172 50 tritici,
704 789 114 50 siue
776 789 157 50 propter
876 789 200 50 aequalitaten

212 826 192 49 virtutis
356 826 176 49 faciant
483 826 176 49 quoddam
611 826 176 49 mixtum,
739 826 96 49 de
787 826 160 49 genere
898 826 144 49 tamen
978 826 96 49 fru-

216 867 202 45 mentorum,
372 867 156 45 semper
481 867 93 45 de
528 867 124 45 pane
605 867 93 45 ex
652 867 171 45 talibus
776 867 156 45 granis
885 867 187 45 decocto,
1010 867 62 45 ve

217 912 86 47 re
260 912 144 47 potest
360 912 158 47 confici
475 912 144 47 corpus
576 912 172 47 Christi,
705 912 86 47 eo
748 912 115 47 quod
820 912 129 47 talis
906 912 129 47 panis
978 912 86 47 veri

215 944 109 47 sit
278 944 155 47 factus
386 944 93 47 de
433 944 155 47 granis
542 944 249 47 frumentorum.
744 944 124 47 Vnde
821 944 124 47 quia
899 944 124 47 raro
961 944 109 47 inue-

208 985 136 41 nitur
298 985 151 41 aliqua
404 985 166 41 species
524 985 181 41 frumenti
660 985 151 41 omnino
766 985 181 41 sincera:
901 985 106 41 sed
961 985 90 41 vt
992 985 75 41 plu

220 1023 149 49 rimum,
324 1023 134 49 grana
414 1023 134 49 vnius
503 1023 164 49 speciei
622 1023 193 49 miscentur
771 1023 149 49 granis
875 1023 179 49 alterius
994 1023 74 49 spo

213 1065 142 45 ciei:
308 1065 126 45 ideo
387 1065 189 45 notanter
529 1065 142 45 illud
623 1065 189 45 decretum
765 1065 189 45 superius
891 1065 174 45 allegatum

219 1103 84 48 de
261 1103 141 48 conse.
360 1103 127 48 dist.
444 1103 84 48 2.
486 1103 169 48 loquitur
613 1103 84 48 in
655 1103 155 48 plurali
768 1103 84 48 de
810 1103 183 48 frumentis
950 1103 98 48 sic
993 1103 70 48 di-

208 1147 133 44 cens.
297 1147 104 44 Nec
356 1147 163 44 amplius
474 1147 89 44 in
519 1147 207 44 sacrificus
681 1147 177 44 scilicet
815 1147 192 44 corporis,
962 1147 74 44 &
977 1147 89 44 san-

206 1183 156 53 guinis
315 1183 171 53 Christi
440 1183 218 53 offeratur,
611 1183 125 53 quam
689 1183 93 53 de
736 1183 140 53 vuis,
829 1183 78 53 &
860 1183 218 53 frumentis.
1016 1183 62 53 Si

200 1221 145 38 autem
296 1221 145 38 grana
393 1221 177 38 admixta
522 1221 177 38 tritico
651 1221 113 38 non
715 1221 129 38 sunt
795 1221 97 38 de
844 1221 161 38 genere
940 1221 129 38 frumer

217 1259 153 47 torum,
324 1259 122 47 tunc
400 1259 153 47 potest
507 1259 122 47 dici
583 1259 137 47 iuxta
675 1259 229 47 tripartitam
843 1259 229 47 distinctionem

216 1302 228 46 praemissam,
398 1302 122 46 quod
474 1302 106 46 ita
535 1302 167 46 modicum
657 1302 152 46 posset
763 1302 122 46 esse
839 1302 91 46 de
885 1302 122 46 illa
945 1302 122 46 admix-

222 1337 89 42 ta
267 1337 177 42 materia,
399 1337 118 42 quod
473 1337 133 42 etiam
562 1337 89 42 si
606 1337 133 42 esset
695 1337 89 42 de
739 1337 162 42 lapide,
857 1337 133 42 adhuc
946 1337 103 42 non
990 1337 74 42 ob-

206 1374 149 52 staret
311 1374 119 52 quin
385 1374 90 52 ex
430 1374 119 52 pane
505 1374 119 52 tali
579 1374 119 52 vere
654 1374 239 52 conficeretur
848 1374 149 52 corpus
938 1374 134 52 Christi

224 1415 91 49 Et
269 1415 121 49 ista
345 1415 166 49 videtur
466 1415 121 49 esse
542 1415 182 49 intentio
678 1415 197 49 apparatus
829 1415 182 49 superius
950 1415 136 49 adducti

219 1463 233 44 excludentis
406 1463 155 44 piper,
514 1463 78 44 &
545 1463 171 44 lolium:
670 1463 140 44 Dicit
763 1463 140 44 enim,
856 1463 124 44 quod
933 1463 93 44 si
964 1463 109 44 piper

218 1497 111 50 vel
281 1497 158 50 lolium
392 1497 190 50 frumento
535 1497 269 50 admisceretur,
756 1497 127 50 tunc
836 1497 95 50 de
883 1497 127 50 illa
946 1497 127 50 parte,

217 1534 118 50 quae
291 1534 192 50 videlicet
439 1534 207 50 includeret
602 1534 148 50 piper;
706 1534 104 50 vel
765 1534 163 50 lolium,
884 1534 104 50 non
928 1534 148 50 confice-

221 1577 140 44 retur:
319 1577 98 44 sed
375 1577 84 44 de
417 1577 168 44 reliqua,
543 1577 98 44 hoc
599 1577 112 44 est,
670 1577 84 44 de
712 1577 112 44 alia
782 1577 126 44 parte
866 1577 154 44 eiusdem
964 1577 112 44 panis.

216 1614 102 43 vbi
275 1614 131 43 esset
362 1614 160 43 materia
478 1614 174 43 frumenti
608 1614 116 43 sine
681 1614 160 43 pipere,
797 1614 116 43 vere
855 1614 218 43 conficeretur.

241 1654 158 49 Tertio
352 1654 142 49 dico,
447 1654 126 49 quod
526 1654 158 49 decens
636 1654 126 49 est,
715 1654 79 49 &
747 1654 237 49 conueniens,
937 1654 95 49 vt
968 1654 111 49 panis

235 1696 213 48 praedictus
402 1696 106 48 sit
463 1696 167 48 aximus:
584 1696 121 48 quia
660 1696 137 48 prima
751 1696 106 48 die
812 1696 182 48 aximorum
949 1696 106 48 non
994 1696 76 48 de-

230 1736 126 45 buit
309 1736 189 45 inueniri
451 1736 236 45 fermentatum
640 1736 95 45 in
687 1736 173 45 domibus
813 1736 221 45 ludaeorum,
986 1736 95 45 vt
1018 1736 63 45 pa

234 1772 97 46 et
282 1772 97 46 in
331 1772 145 46 Exod,
428 1772 113 46 sed
492 1772 145 46 prima
589 1772 113 46 dic
653 1772 194 46 aximorum
799 1772 194 46 Christus
928 1772 145 46 comedit

240 1817 121 40 asca
316 1817 106 40 cum
376 1817 212 40 discipulis
543 1817 137 40 suis,
634 1817 76 40 &
664 1817 121 40 tunc
740 1817 137 40 istud
831 1817 228 40 sacramentum
998 1817 76 40 in-

238 1850 154 48 tituit
345 1850 108 48 cum
407 1850 154 48 corpus
514 1850 123 48 suum
591 1850 92 48 de
637 1850 123 48 pane
714 1850 200 48 confecit.
868 1850 123 48 ergo
929 1850 154 48 Christus

221 1888 101 44 in
272 1888 152 44 aximo
373 1888 135 44 pane
457 1888 219 44 confecit,
626 1888 84 44 &
660 1888 118 44 per
728 1888 236 44 consequens
913 1888 152 44 etiam
998 1888 84 44 nos

221 1927 95 51 in
269 1927 143 51 aximo
364 1927 127 51 pane
443 1927 206 51 conficere
602 1927 190 51 debemus.
745 1927 143 51 Minor
840 1927 143 51 patet
919 1927 159 51 expresse

224 1969 93 45 in
270 1969 232 45 Euangelijs.
455 1969 247 45 Conclusionem
656 1969 139 45 istam
749 1969 154 45 Qraeci
857 1969 170 45 negant,
980 1969 77 45 &
996 1969 77 45 di-

226 2011 131 46 cunt,
314 2011 116 46 quod
386 2011 131 46 panis
474 2011 218 46 fermentatus
648 2011 102 46 sit
706 2011 87 46 de
750 2011 218 46 necessitate
910 2011 160 46 sacramen-

227 2043 102 53 ti,
285 2043 73 53 &
314 2043 116 53 ideo
386 2043 145 53 dicunt
488 2043 160 53 Latinos
604 2043 102 53 non
662 2043 218 53 consecrate,
836 2043 87 53 eo
879 2043 102 53 que
937 2043 87 53 in
966 2043 116 53 conse-

224 2086 176 46 crando
348 2086 194 46 vtuntur
489 2086 141 46 pane
577 2086 176 46 aximo:
700 2086 176 46 Dicunt
824 2086 159 46 etiam
912 2086 176 46 Christum

225 2125 232 55 consecrasse
410 2125 93 55 in
441 2125 155 55 fermento

234 2153 79 61 1
266 2153 95 61 Et
313 2153 95 61 si
360 2153 173 61 dicitur
486 2153 126 61 eis,
565 2153 126 61 quod
644 2153 142 61 primo
738 2153 110 61 dic
801 2153 189 61 aximorum
943 2153 110 61 non
990 2153 79 61 fui

218 2204 239 53 fermentatum
409 2204 96 53 in
457 2204 175 53 domibus
585 2204 223 53 ludaecrum,
760 2204 128 53 ipsi
840 2204 239 53 respondent,
1015 2204 64 53 qo

234 2240 184 47 Christus
371 2240 107 47 non
433 2240 230 47 consecrauit
616 2240 138 47 prima
708 2240 107 47 die
770 2240 199 47 aximorum:
923 2240 122 47 quia
999 2240 122 47 illa

228 2278 120 49 die,
303 2278 90 49 vt
348 2278 166 49 dicunt,
469 2278 181 49 Christus
604 2278 166 49 mortuus
725 2278 105 49 est
785 2278 90 49 in
830 2278 151 49 cruce,
935 2278 120 49 quod
996 2278 90 49 pro-

238 2326 120 45 pant
313 2326 105 45 per
373 2326 135 45 illud
463 2326 120 45 loan
537 2326 150 45 ludaei
642 2326 105 45 non
702 2326 224 45 introierunt
882 2326 90 45 in
911 2326 180 45 praetorium

229 2365 96 44 vt
277 2365 112 44 non
341 2365 319 44 contaminarentur,
612 2365 112 44 sed
676 2365 239 44 manducarent
868 2365 144 44 pasca
963 2365 80 44 :
979 2365 96 44 ergi

230 2398 172 49 patet,
350 2398 137 49 quod
436 2398 172 49 nondum
556 2398 240 49 comederant
745 2398 154 49 agnum
848 2398 223 49 pascalem,
1002 2398 86 49 qui

227 2438 124 47 sibi
305 2438 202 47 nominatur
461 2438 140 47 pasca
554 2438 78 47 :
585 2438 109 47 Cum
647 2438 155 47 igitur
756 2438 140 47 agnus
849 2438 186 47 pascalis
973 2438 109 47 comed

229 2475 190 49 debuerit
371 2475 142 49 prima
466 2475 111 49 die
529 2475 205 49 aximorum,
687 2475 95 49 vt
735 2475 142 49 patet
829 2475 95 49 in
877 2475 126 49 Exo.
956 2475 79 49 &
971 2475 111 49 illud

224 2512 116 57 quod
297 2512 102 57 iam
355 2512 145 57 dictum
457 2512 102 57 est
515 2512 87 57 de
559 2512 174 57 ludaeis,
690 2512 145 57 fuerit
791 2512 102 57 die
849 2512 174 57 veneris,
980 2512 102 57 qua
1024 2512 58 57 po

228 2562 157 44 tierunt
342 2562 71 44 a
371 2562 157 44 Pilato,
485 2562 86 44 vt
528 2562 171 44 Christum
656 2562 257 44 crucifigerent:
871 2562 114 44 ergo
942 2562 114 44 dies
1014 2562 100 44 io

229 2591 109 53 nis
292 2591 172 53 proxime
417 2591 219 53 praecedens
589 2591 109 53 non
651 2591 156 53 potuit
761 2591 125 53 esse
839 2591 141 53 prima
933 2591 125 53 dies
995 2591 94 53 axi-

232 2635 173 45 morum,
353 2635 87 45 &
388 2635 121 45 per
457 2635 243 45 consequens
648 2635 104 45 in
699 2635 191 45 domibus
838 2635 225 45 ludaeorum
994 2635 104 45 tunc

217 2672 128 51 suit
297 2672 255 51 fermentatum,
504 2672 96 51 de
552 2672 112 51 quo
616 2672 191 51 Christus
759 2672 96 51 in
807 2672 144 51 coena
887 2672 207 51 consecrauit

223 2718 168 52 corpus
324 2718 117 52 suum.

244 2745 73 56 2
274 2745 204 56 Praeterea,
434 2745 116 56 dies
507 2745 146 56 festus
608 2745 146 56 pascae
710 2745 116 56 erat
783 2745 131 56 prima
871 2745 116 56 dies
929 2745 160 56 aximorum;

236 2788 102 54 sed
295 2788 117 54 dies
368 2788 146 54 coenae
470 2788 117 54 fuit
544 2788 117 54 ante
617 2788 117 54 diem
690 2788 146 54 festum
792 2788 161 54 pascae,
909 2788 88 54 vt
953 2788 132 54 patet
1026 2788 59 54 in

231 2837 138 40 soan.
323 2837 107 40 vbi
384 2837 169 40 loannes
507 2837 153 40 notans
614 2837 123 40 diem
690 2837 153 40 coenae
798 2837 123 40 ait.
874 2837 123 40 Ante
951 2837 123 40 diem
1012 2837 77 40 fe-

224 2866 120 54 stum
299 2866 150 54 paseae
404 2866 105 54 &c.
464 2866 90 54 Et
509 2866 120 54 quia
584 2866 150 54 contra
690 2866 135 54 istud
780 2866 195 54 commentum
915 2866 165 54 falsissi-

235 2905 101 50 mum
292 2905 115 50 sunt
364 2905 173 50 expresse
493 2905 115 50 tres
565 2905 173 50 superius
695 2905 144 50 notati
795 2905 244 50 euangelistae,
982 2905 101 50 scili

231 2945 110 60 cet
294 2945 220 60 Matthaeus,
467 2945 173 60 Marcus,
592 2945 79 60 &
624 2945 157 60 Lucas:
734 2945 126 60 ideo
812 2945 157 60 aliqui
907 2945 188 60 (araecorum

225 2983 96 61 ad
273 2983 160 61 tantam
385 2983 192 61 insaniam
529 2983 240 61 deuenerunt,
721 2983 128 61 quod
801 2983 192 61 dicerent
945 2983 128 61 tres
1009 2983 80 61 pra

231 3024 145 55 dictos
333 3024 233 55 euangelistas
522 3024 145 55 falsum
624 3024 218 55 scripsisse:
799 3024 73 55 &
828 3024 116 55 ideo
900 3024 102 55 eos
944 3024 160 55 correctos

231 3063 147 54 fuisse
334 3063 103 54 per
393 3063 118 54 loan
467 3063 147 54 verbis
570 3063 103 54 iam
629 3063 206 54 allegatis.
791 3063 103 54 Sed
850 3063 133 54 istud
939 3063 103 54 non
983 3063 103 54 valet

236 3100 143 54 Quia,
331 3100 95 54 vt
379 3100 191 54 recitant
522 3100 159 54 multi,
633 3100 79 54 &
665 3100 143 54 magni
760 3100 207 54 doctores,
919 3100 95 54 ab
951 3100 127 54 exordi

236 3150 268 51 institutionis
457 3150 158 51 istius
567 3150 221 51 sacramenti
741 3150 142 51 vsque
836 3150 95 51 ad
883 3150 158 51 Leonem
978 3150 110 51 Papam

1107 308 126 60 tota
1186 308 189 60 ecclesia
1327 308 110 60 Dei
1390 308 189 60 confecit
1532 308 94 60 in
1579 308 157 60 aximo:
1689 308 110 60 sed
1736 308 236 60 temporeLeonis

1105 359 148 43 Papae
1203 359 98 43 ad
1252 359 246 43 extirpandam
1449 359 197 43 haeresim
1596 359 262 43 Ebionitarum,
1809 359 115 43 qui
1859 359 98 43 dice

1104 396 137 44 bant,
1195 396 122 44 quod
1271 396 91 44 de
1317 396 228 44 necessitate
1499 396 167 44 salutis
1620 396 198 44 oporteret
1772 396 198 44 quemlibet
1909 396 61 44 ho

1106 441 153 40 minem
1208 441 119 40 cum
1276 441 272 40 obseruatione
1497 441 221 40 euangelij
1667 441 221 40 obseruare
1820 441 153 40 ceremo-

1102 481 144 42 nialia
1202 481 129 42 legis
1288 481 201 42 praecepta,
1447 481 72 42 &
1475 481 101 42 per
1533 481 201 42 consequens
1691 481 201 42 consecrare
1849 481 86 42 in
1878 481 86 42 axi-

1105 516 104 40 mo,
1165 516 119 40 tunc
1239 516 194 40 praecebit
1388 516 179 40 ecclesia
1523 516 194 40 conficere
1672 516 89 40 ex
1716 516 224 40 fermentato.
1881 516 89 40 Dein

1113 553 92 54 de
1159 553 122 54 post
1235 553 153 54 aliquo
1342 553 107 54 rum
1403 553 168 54 annorum
1525 553 214 54 curricula,
1692 553 107 54 iam
1753 553 137 54 dicta
1830 553 137 54 haeresi

1102 594 162 50 penitus
1220 594 103 50 ext
1279 594 162 50 irpata,
1397 594 207 50 sacerdotes
1560 594 89 50 in
1604 594 177 50 partibus
1737 594 177 50 Latinis,
1855 594 118 50 primum

1109 635 159 40 modum,
1221 635 191 40 scilicet
1364 635 239 40 consecrandi
1555 635 96 40 in
1603 635 143 40 aximo
1698 635 271 40 resumpserunt,
1905 635 64 40 eo

1099 676 126 50 quod
1178 676 141 50 clare
1272 676 204 50 deducitur
1429 676 94 50 ex
1476 676 220 50 euangelio,
1649 676 94 50 vt
1696 676 189 50 superius
1838 676 173 50 patuit,

1113 710 180 46 Christum
1248 710 90 46 in
1293 710 135 46 aximo
1383 710 105 46 con
1443 710 195 46 secrasse.
1594 710 210 46 Sacerdotes
1759 710 120 46 vero
1819 710 150 46 Qraeciae

1110 752 156 45 modum
1214 752 173 45 primum
1335 752 121 45 non
1404 752 295 45 resumpserunt:
1647 752 121 45 sed
1699 752 277 45 consecrationem

1101 791 99 41 in
1150 791 230 41 fermentato
1331 791 148 41 vsque
1429 791 99 41 ad
1478 791 131 41 haec
1560 791 181 41 tempora
1692 791 279 41 continuerunt.
1905 791 66 41 Ex

1113 836 119 49 quo,
1188 836 149 49 patet,
1292 836 119 49 quod
1367 836 119 49 isti
1442 836 134 49 fatui
1531 836 149 49 Oraeci
1636 836 194 49 imponendo
1785 836 149 49 nobis,
1874 836 90 49 quoc

1100 868 121 47 non
1169 868 276 47 consecremus,
1393 868 104 47 eo
1445 868 138 47 quod
1531 868 259 47 consecrando
1738 868 173 47 vtimur
1842 868 138 47 aximo,

1109 907 124 44 ipsi
1186 907 124 44 hanc
1263 907 155 44 rabiem
1372 907 186 44 imponunt
1511 907 186 44 patribus
1650 907 139 44 suis,
1743 907 77 44 &
1758 907 217 44 sanctissimis

1095 946 216 44 doctoribus
1264 946 139 44 suis,
1356 946 77 44 &
1387 946 169 44 omnibus
1510 946 123 44 suis
1587 946 262 44 sacerdotibus,
1803 946 108 44 qui
1849 946 123 44 Leonem

1107 988 144 37 Papam
1203 988 289 37 praecesserunt.
1444 988 96 37 Et
1492 988 96 37 in
1540 988 112 37 hoc
1604 988 144 37 etiam
1700 988 208 37 loquuntur
1845 988 128 37 contra

1103 1025 242 47 Apostolum
1290 1025 186 47 Paulum
1420 1025 298 47 primordialem
1662 1025 186 47 doctor
1793 1025 112 47 em
1830 1025 149 47 eorum,

1114 1067 102 48 qui
1173 1067 161 48 loquens
1290 1067 88 48 de
1334 1067 117 48 isto
1407 1067 205 48 sacramento
1568 1067 117 48 ait.
1641 1067 146 48 Itaque
1744 1067 176 48 epulemur
1876 1067 88 48 in
1905 1067 73 48 axi

1105 1111 106 47 mis
1165 1111 256 47 sinceritatis,
1376 1111 75 47 &
1407 1111 211 47 Veritatis.
1573 1111 121 47 Quod
1648 1111 151 47 vtique
1754 1111 196 47 Apostolus
1905 1111 106 47 non

1103 1142 190 48 dixisset:
1249 1142 88 48 si
1293 1142 88 48 in
1337 1142 204 48 fermentato
1483 1142 204 48 consecrasset

1110 1180 86 55 2
1144 1180 242 55 Praeterea,
1334 1180 155 55 dato,
1438 1180 138 55 quod
1524 1180 207 55 Christus
1679 1180 259 55 manducasset
1869 1180 121 55 pasca

1106 1227 117 46 ante
1180 1227 132 46 diem.
1268 1227 103 46 14.
1326 1227 88 46 1.
1370 1227 161 46 mensis,
1488 1227 103 46 quo
1547 1227 103 46 die
1605 1227 88 46 ex
1649 1227 191 46 praecepto
1796 1227 132 46 legis
1869 1227 103 46 agnus

1108 1258 194 51 pascalis
1254 1258 162 51 comedi
1367 1258 178 51 debuit,
1496 1258 130 51 quem
1577 1258 130 51 diem
1658 1258 259 51 euangelistae
1852 1258 130 51 vocant

1118 1298 154 42 primam
1226 1298 123 42 diem
1303 1298 200 42 aximorum,
1457 1298 139 42 adhuc
1549 1298 123 42 ista
1626 1298 154 42 fictio
1734 1298 108 42 non
1796 1298 139 42 valet
1873 1298 108 42 istis

1105 1336 227 43 fictoribus:
1286 1336 121 43 quia
1362 1336 136 43 sicut
1452 1336 136 43 patet
1543 1336 91 43 in
1588 1336 136 43 Exod.
1679 1336 76 43 &
1709 1336 91 43 in
1754 1336 121 43 Num.
1830 1336 106 43 lex
1875 1336 106 43 prae-

1108 1377 137 43 cepit
1199 1377 91 43 vt
1244 1377 137 43 agnus
1336 1377 182 43 pascalis
1472 1377 228 43 comederetur
1654 1377 106 43 cum
1715 1377 167 43 aximis,
1836 1377 76 43 &
1852 1377 121 43 lactu-

1110 1416 105 49 cis
1170 1416 209 49 agrestibus
1334 1416 105 49 Sed
1394 1416 179 49 Christus
1529 1416 149 49 dicit,
1633 1416 90 49 No
1678 1416 120 49 veni
1753 1416 164 49 soluere
1857 1416 120 49 legem,

1103 1456 115 47 sed
1168 1456 230 47 adimplere.
1349 1456 132 47 Quod
1431 1456 164 47 verbum
1547 1456 197 47 tractans
1694 1456 263 47 Chrysostomus
1892 1456 82 47 su-

1108 1495 115 54 per
1173 1495 131 54 Mat.
1255 1495 131 54 ait.
1338 1495 246 54 Apertissime
1535 1495 181 54 dominus
1666 1495 279 54 demonstrauit,
1879 1495 99 54 quod

1113 1541 73 48 s
1143 1541 190 48 principio
1289 1541 263 48 circumcisionis
1508 1541 117 48 suae
1581 1541 131 48 vsque
1668 1541 88 48 ad
1712 1541 117 48 diem
1785 1541 146 48 pascae
1873 1541 102 48 extre

1117 1583 105 42 mae
1177 1583 105 42 non
1237 1583 119 42 erat
1311 1583 209 42 contrarius
1475 1583 164 42 diuinis
1595 1583 164 42 legibus
1714 1583 90 42 in
1759 1583 149 42 quibus
1849 1583 134 42 praeci-

1112 1611 198 55 piebatur,
1264 1611 92 55 vt
1310 1611 107 55 cum
1371 1611 153 55 aximis
1478 1611 137 55 agnus
1569 1611 183 55 pascalis
1707 1611 244 55 comederetur:
1890 1611 92 55 ergo

1115 1646 188 50 Christus
1256 1646 172 50 tamquam
1381 1646 188 50 perfecti
1522 1646 156 50 ssimus
1632 1646 141 50 legis
1726 1646 219 50 obseruator
1882 1646 94 50 pane

1111 1696 163 48 aximum
1225 1696 163 48 habuit
1339 1696 98 48 in
1388 1696 163 48 mensa:
1503 1696 163 48 quando
1617 1696 131 48 post
1698 1696 131 48 esum
1780 1696 131 48 agni
1845 1696 131 48 corpus

1109 1730 127 48 suum
1172 1730 222 48 consecrauit.

1143 1753 109 60 Ad
1197 1753 182 60 primum
1325 1753 201 60 motiuum
1471 1753 237 60 Oraecorum
1654 1753 182 60 potest
1763 1753 219 60 respondori

1111 1816 95 46 ex
1159 1816 159 46 verbis
1270 1816 254 46 Chrysostomi,
1477 1816 111 46 qui
1540 1816 127 46 erat
1620 1816 159 46 doctor
1731 1816 222 46 Oraecorum:
1890 1816 95 46 ipse

1114 1846 114 48 enim
1185 1846 128 48 super
1271 1846 143 48 Matth.
1371 1846 114 48 ait,
1442 1846 114 48 quod
1513 1846 114 48 illi
1585 1846 100 48 lud
1642 1846 114 48 aei,
1713 1846 86 48 vt
1756 1846 200 48 desiderium
1899 1846 71 48 sut

1127 1888 161 50 ossent
1240 1888 178 50 implere
1369 1888 97 50 in
1417 1888 145 50 morte
1514 1888 194 50 Christi,
1659 1888 113 50 non
1724 1888 226 50 comederunt
1885 1888 81 50 pas

1107 1927 143 52 calem
1203 1927 143 52 agnum
1298 1927 175 52 vespere
1425 1927 255 52 praecedenti,
1632 1927 111 52 qua
1696 1927 127 52 muis
1775 1927 95 52 ex
1807 1927 175 52 praecepro

1110 1963 135 50 legis
1200 1963 105 50 hoc
1260 1963 150 50 facere
1366 1963 226 50 tenerentur:
1546 1963 180 50 Christus
1681 1963 150 50 autem,
1787 1963 105 50 qui
1847 1963 105 50 non
1892 1963 90 50 erat

1122 2006 230 44 praeuaricat
1306 2006 92 44 or
1352 2006 154 44 legis,
1460 2006 108 44 sed
1521 2006 200 44 perfectus
1675 2006 230 44 obseruator,
1844 2006 138 44 comedit

1115 2040 143 50 pasca
1211 2040 111 50 cum
1274 2040 223 50 discipulis
1450 2040 127 50 suis
1529 2040 255 50 decimaquarta
1736 2040 111 50 die
1800 2040 96 50 ad
1832 2040 159 50 vesperam

1120 2083 124 40 sicut
1203 2083 206 40 praecipitur
1368 2083 83 40 in
1409 2083 124 40 lege.
1492 2083 110 40 Dato
1560 2083 138 40 etiam,
1657 2083 110 40 quod
1725 2083 110 40 ipsi
1794 2083 151 40 vespere
1890 2083 83 40 prae

1112 2122 172 47 cedente
1238 2122 235 47 comedissent
1426 2122 157 47 pasca,
1535 2122 219 47 accipiendo
1708 2122 141 47 pasca
1802 2122 110 47 pro
1865 2122 125 47 agno
1927 2122 63 47 pa

1109 2159 159 45 scali,
1221 2159 144 45 adhuc
1316 2159 112 45 non
1380 2159 207 45 debuerunt
1540 2159 175 45 intrare
1667 2159 239 45 praetorium:
1843 2159 144 45 propter

1124 2202 108 49 hoc
1185 2202 93 49 vt
1232 2202 124 49 illo
1309 2202 108 49 dic
1371 2202 232 49 manducarent
1557 2202 155 49 pasca,
1666 2202 217 49 accipiendo
1836 2202 139 49 pasca
1914 2202 77 49 pro

1121 2237 125 50 pane
1200 2237 157 50 aximo:
1310 2237 173 50 Quinque
1435 2237 110 50 nm.
1498 2237 141 50 modis
1592 2237 173 50 dicitur
1717 2237 141 50 pasca
1811 2237 141 50 inter
1890 2237 94 50 quos

1128 2277 105 41 vnus
1193 2277 105 41 est,
1259 2277 105 41 quod
1324 2277 118 41 pasca
1403 2277 144 41 dicitur
1508 2277 118 41 cibus
1586 2277 170 41 pascalis,
1717 2277 92 41 seu
1769 2277 118 41 panis
1848 2277 144 41 aximus,
1940 2277 52 41 vt

1126 2317 137 53 patet
1217 2317 107 53 per
1278 2317 228 53 Innocentium
1461 2317 167 53 tertium
1582 2317 91 53 in
1628 2317 137 53 libro
1719 2317 91 53 de
1765 2317 167 53 officio
1871 2317 107 53 misse

1135 2361 124 49 arte.
1218 2361 83 49 3.
1260 2361 111 49 cap.
1315 2361 55 49 4.

1156 2384 94 56 Ad
1203 2384 189 56 secundum
1345 2384 205 56 dicendum,
1503 2384 126 56 quod
1581 2384 252 56 quintadecima
1786 2384 126 56 dies
1849 2384 126 56 mensis

1120 2438 141 48 primi
1215 2438 126 48 erat
1293 2438 126 48 dies
1372 2438 251 48 celeberrimus
1576 2438 188 48 secundum
1717 2438 220 48 praeceptum
1874 2438 110 48 legis

1129 2473 92 44 vt
1175 2473 138 44 patet
1266 2473 138 44 Exod.
1358 2473 107 44 12.
1419 2473 76 44 &
1450 2473 168 44 proximo
1572 2473 168 44 vespere
1695 2473 229 44 praecedenti
1863 2473 107 44 come-

1124 2511 173 47 debatur
1250 2511 141 47 agnus
1344 2511 204 47 pascalis,
1501 2511 94 47 Vt
1549 2511 141 47 patet
1643 2511 173 47 ibidem.
1769 2511 141 47 lllud
1847 2511 126 47 igitui

1128 2549 142 44 inte,
1223 2549 126 44 quod
1302 2549 142 44 ponit
1397 2549 190 44 loannes,
1539 2549 111 44 non
1603 2549 111 44 est
1666 2549 221 44 referendum
1840 2549 95 44 ad
1887 2549 126 44 diem

1122 2591 101 53 de
1173 2591 286 53 cimumquartum,
1408 2591 101 53 in
1458 2591 151 53 cuius
1559 2591 185 53 vespere
1693 2591 252 53 manducandus
1878 2591 101 53 erat

1117 2630 159 52 agnus:
1228 2630 111 52 sed
1292 2630 222 52 referendum
1466 2630 111 52 est
1530 2630 95 52 ad
1577 2630 127 52 diem
1657 2630 175 52 quintum
1784 2630 190 52 decimum,
1911 2630 79 52 qui

1135 2670 154 50 propter
1247 2670 98 50 sui
1303 2670 224 50 celebritatem
1485 2670 182 50 dicebatur
1624 2670 140 50 festus
1722 2670 112 50 dies
1792 2670 154 50 pascae.
1890 2670 98 50 Istud

1121 2717 141 43 etiam
1215 2717 141 43 patet
1309 2717 109 43 Nu.
1371 2717 109 43 28.
1434 2717 109 43 vbi
1496 2717 172 43 dicitur
1622 2717 125 43 sic.
1700 2717 141 43 Mense
1793 2717 141 43 autem
1872 2717 109 43 primo

1123 2758 252 44 quartadecima
1328 2758 110 44 die
1391 2758 174 44 mensis,
1518 2758 142 44 phase
1612 2758 158 44 domini
1723 2758 142 44 erit,
1817 2758 79 44 &
1833 2758 142 44 quinta-

1128 2786 156 48 decima
1238 2786 109 48 die
1300 2786 234 48 sollemnitas
1487 2786 203 48 aximorum:
1643 2786 156 48 septem
1752 2786 156 48 diebus
1845 2786 125 48 vescen

1131 2822 103 50 tur
1190 2822 162 50 aximis,
1308 2822 147 50 quarum
1411 2822 118 50 dies
1485 2822 133 50 prima
1573 2822 236 50 venerabilis,
1765 2822 74 50 &
1794 2822 147 50 sancta
1883 2822 103 50 erit.

1136 2863 131 53 Quod
1218 2863 148 53 autem
1316 2863 115 53 per
1382 2863 98 53 Iy
1431 2863 148 53 phase
1529 2863 263 53 intelligatur
1743 2863 213 53 immolatio
1891 2863 98 53 agni

1144 2903 187 47 aschalis,
1288 2903 101 47 hoc
1345 2903 130 47 patet
1432 2903 159 47 Deuter.
1547 2903 86 47 15
1590 2903 101 47 vbi
1648 2903 159 47 dicitur
1763 2903 144 47 populo
1864 2903 159 47 Israel,

1127 2941 203 53 immolabis
1284 2941 141 53 phase
1377 2941 94 53 ad
1424 2941 141 53 solis
1518 2941 219 53 occubitum,
1689 2941 156 53 quando
1799 2941 187 53 egressus
1924 2941 62 53 es

1131 2979 96 61 de
1179 2979 191 61 Aegvpto,
1322 2979 80 61 &
1354 2979 175 61 comedes
1482 2979 96 61 in
1530 2979 143 61 loco,
1625 2979 128 61 quem
1705 2979 191 61 elegerit
1833 2979 143 61 dominus

1123 3021 133 50 Deus
1190 3021 116 50 tuus.

1160 3053 195 51 Secundo,
1306 3053 114 51 quo
1371 3053 97 51 ad
1420 3053 146 51 istum
1517 3053 162 51 primum
1631 3053 211 51 articulum
1793 3053 146 51 circa
1874 3053 114 51 secun

1128 3092 110 49 dam
1191 3092 126 49 eius
1270 3092 157 49 partem
1380 3092 126 49 pono
1458 3092 126 49 duas
1537 3092 267 49 conclusiones.
1757 3092 141 49 Prima
1851 3092 126 49 est,
1914 3092 63 49 qu

1126 3133 85 61 de
1168 3133 128 61 nullo
1253 3133 128 61 alio,
1338 3133 113 61 vino
1409 3133 113 61 quam
1480 3133 85 61 de
1523 3133 170 61 naturali
1650 3133 113 61 vino
1721 3133 128 61 vitis
1806 3133 142 61 potest
1891 3133 99 61 ffer;
