2151 3506
49 246 162 72 Primum
162 246 194 72 contigit
307 246 307 72 quadrupliciter.
566 246 145 72 Primo
663 246 178 72 propter
776 246 81 72 Si-

20 303 165 42 moniam,
140 303 135 42 puta,
230 303 150 42 quando
335 303 120 42 quis
410 303 120 42 emit
486 303 180 42 ordinem,
621 303 105 42 vel
666 303 195 42 beneficium.

13 343 99 48 In
63 343 215 48 huiusmodi
228 343 132 48 enim
311 343 182 48 casibus
444 343 198 48 Simoniae
592 343 215 48 quandoque
741 343 116 48 solus

12 375 116 50 Papa
85 375 145 50 potest
187 375 218 50 dispensare,
361 375 87 50 vt
404 375 131 50 patet
491 375 131 50 extra
578 375 87 50 de
622 375 174 50 simonia.
752 375 87 50 c.
781 375 73 50 no-

12 422 109 50 bis.
80 422 82 50 Et
121 422 109 50 idem
189 422 123 50 patet
271 422 95 50 i.,
312 422 68 50 qi.

46 454 184 51 Secundum
184 454 169 51 crimen,
307 454 108 51 quo
368 454 261 51 irregularitas
583 454 261 51 conttrahitur,
783 454 77 51 est

-1 495 156 54 furtum
109 495 94 54 in
156 495 156 54 aliquo
265 495 172 54 ordine,
390 495 125 54 puta
468 495 109 54 cum
531 495 203 54 Episcopus
671 495 172 54 praecipit

2 543 124 49 quod
79 543 155 49 tales,
187 543 108 49 qui
249 543 124 49 hoc,
327 543 108 49 uel
389 543 108 49 hoc
450 543 201 49 fecerunt,
605 543 108 49 non
667 543 186 49 accedant
791 543 62 49 ad

4 579 178 42 ordines
134 579 259 42 suscipiendos
344 579 162 42 &tamen
458 579 178 42 aliquis
588 579 162 42 contra
685 579 162 42 huiusmo-

-4 616 89 44 di
41 616 253 44 prohibitionem
249 616 178 44 scienter
382 616 178 44 accedit,
516 616 74 44 &
546 616 163 44 surtiue
665 616 178 44 suscipit
784 616 59 44 on

-6 656 139 55 dinem:
91 656 125 55 talis
174 656 180 55 efficitur
313 656 222 55 irregularis,
493 656 83 55 vt
535 656 125 55 patet
618 656 125 55 extra
701 656 83 55 de
743 656 97 55 eo,
785 656 69 55 qui

-12 693 161 68 furtiue
105 693 161 68 ordines
207 693 161 68 suscipit.

18 732 170 45 Tertium
141 732 155 45 crimen
250 732 108 45 est
312 732 93 45 in
358 732 108 45 eo,
420 732 108 45 qui
482 732 201 45 ministrat
637 732 93 45 in
684 732 155 45 ordine
777 732 77 45 non

-7 767 197 53 suscepto,
144 767 152 53 maxime
251 767 91 53 si
296 767 106 53 est
357 767 136 53 sacer
448 767 136 53 ordo,
539 767 76 53 &
569 767 197 53 sollemnis
705 767 152 53 ministra

-5 813 119 50 tio.
70 813 119 50 Quod
144 813 119 50 enim
218 813 134 50 talis
307 813 104 50 sit
367 813 238 50 irregularis,
560 813 134 50 patet
650 813 134 50 extra
739 813 89 50 de
769 813 74 50 cle

-6 850 126 49 rico
73 850 110 49 non
136 850 188 49 ordinato
261 850 220 49 ministrante.

20 880 177 69 Quartum
149 880 177 69 crimen,
277 880 177 69 ratione
406 880 145 69 cuius
503 880 129 69 homo
583 880 209 69 efficitur
728 880 129 69 irregu

-3 932 154 51 laris,
104 932 108 51 est
166 932 246 51 contumaciter
366 932 92 51 se
412 932 154 51 habere
520 932 92 51 in
566 932 108 51 non
628 932 185 51 seruando
751 932 92 51 cano

-2 973 141 52 nicas
92 973 172 52 poenas,
217 973 78 52 &
248 973 141 52 istud
342 973 141 52 patet
436 973 141 52 extra
530 973 94 52 de
577 973 172 52 clerico
686 973 172 52 excommuni

-13 1010 138 44 cato,
79 1010 108 44 vel
140 1010 185 44 deposito
279 1010 246 44 ministrante.
479 1010 92 44 Et
525 1010 123 44 hoc,
602 1010 123 44 quod
679 1010 108 44 ibi
725 1010 123 44 dicitu

-13 1052 99 54 de
36 1052 345 54 excommunicatione,
332 1052 280 54 intelligendum
562 1052 115 54 est
628 1052 99 54 de
677 1052 165 54 maiori
776 1052 66 54 ex

-13 1090 280 56 communicatione,
223 1090 118 56 quia
297 1090 133 56 sicut
386 1090 148 56 ibidem
489 1090 177 56 dicitur.
622 1090 89 56 c.
666 1090 148 56 licet,
755 1090 103 56 quam-

-6 1143 108 38 uis
55 1143 123 38 hic,
132 1143 108 38 qui
194 1143 92 38 in
240 1143 154 38 minori
347 1143 123 38 exco
424 1143 246 38 mmunicatione
624 1143 200 38 celebrat,
763 1143 92 38 gra-

-11 1168 129 60 uiter
75 1168 158 60 peccet:
190 1168 158 60 nullius
304 1168 129 60 tamen
391 1168 273 60 irregularitatis
620 1168 129 60 notam
692 1168 158 60 incurrit.

15 1209 200 51 Secundum
166 1209 217 51 contingit
332 1209 267 51 tripliciter.
550 1209 200 51 Sequitur
700 1209 134 51 enim
767 1209 83 51 ir-

6 1248 213 49 egularitas
173 1248 228 49 seruitutem,
355 1248 167 49 quamuis
477 1248 182 49 seruitus
614 1248 106 49 non
675 1248 106 49 sit
720 1248 122 49 crimen

11 1290 108 54 nde
72 1290 185 54 quilibet
211 1290 154 54 seruus
319 1290 185 54 proprius
457 1290 216 54 prohibetur
626 1290 123 54 ipso
703 1290 139 54 iure,
780 1290 62 54 nm

-5 1323 220 46 acramentum
168 1323 173 46 ordinis
294 1323 220 46 suscipiat,
466 1323 126 46 nisi
545 1323 94 46 de
592 1323 204 46 voluntate
749 1323 78 46 d
765 1323 78 46 omi

-3 1370 86 48 si
40 1370 101 48 sui
97 1370 101 48 sit
155 1370 173 48 redditus
285 1370 187 48 libertati
429 1370 86 48 ut
472 1370 130 48 patet
559 1370 130 48 extra
645 1370 86 48 de
688 1370 144 48 seruis
775 1370 72 48 non

-9 1399 253 53 ordinandis.
193 1399 202 53 Sequitur
345 1399 152 53 etiam
446 1399 236 53 illegitime
632 1399 169 53 natum,
733 1399 118 53 quam-

-13 1448 109 48 uis
50 1448 203 48 huiusmodi
206 1448 266 48 illegitimatio
425 1448 109 48 non
488 1448 109 48 sit
550 1448 94 48 ex
597 1448 172 48 crimine
706 1448 141 48 illius;

4 1481 83 68 uo
46 1481 152 68 taliter
156 1481 180 68 nascitur,
295 1481 69 68 &
323 1481 125 68 istud
406 1481 125 68 patet
489 1481 125 68 extra
572 1481 83 68 de
614 1481 139 68 filiis
697 1481 152 68 praesbyte

-14 1524 159 65 forum
93 1524 124 65 non
146 1524 212 65 ordinandis

15 1546 184 72 Sequitur
152 1546 138 72 etiam
244 1546 153 72 tertio
351 1546 168 72 corpore
474 1546 199 72 vitiatum,
627 1546 107 72 vel
688 1546 92 72 in
719 1546 122 72 aliqui

-3 1609 161 40 nembro
109 1609 193 40 notabili
254 1609 209 40 enormiter
415 1609 225 40 truncatum,
592 1609 113 40 vel
656 1609 161 40 graui,
769 1609 80 40 &
785 1609 64 40 im

5 1638 139 52 undo
91 1638 156 52 morbo
195 1638 260 52 laborantem,
403 1638 87 52 &
438 1638 277 52 debilitatum.
663 1638 156 52 Tales
750 1638 104 52 enim

-7 1687 106 52 int
53 1687 241 52 irregulares,
249 1687 106 52 nec
310 1687 166 52 debentm
431 1687 196 52 suscipere
581 1687 181 52 ordines,
717 1687 91 52 vt
747 1687 106 52 patet

-11 1721 135 62 extra
79 1721 90 62 de
124 1721 164 62 corpore
243 1721 194 62 vitiatis,
393 1721 75 62 &
423 1721 135 62 extra
512 1721 90 62 de
557 1721 164 62 clerico
662 1721 179 62 debilitato

23 1757 165 56 Tertium
143 1757 195 56 contingit
293 1757 225 56 dupliciter,
472 1757 180 56 scilicet
607 1757 105 56 per
652 1757 195 56 homicidium,

-17 1786 251 67 bigamiam:
176 1786 193 67 Quorum
311 1786 232 67 utrumque
484 1786 251 67 quandoque
677 1786 135 67 est
735 1786 116 67 sine

3 1838 182 57 ccato,
130 1838 91 57 &
167 1838 237 57 quandoque
349 1838 128 57 cum
422 1838 219 57 peccato.
586 1838 146 57 Quod
677 1838 164 57 patet
768 1838 73 57 di

-6 1879 220 56 omicidio,
163 1879 136 56 quia
248 1879 169 56 iustus
367 1879 152 56 iudex
468 1879 220 56 quandoque
638 1879 203 56 nocentes
773 1879 68 56 ho

-7 1917 128 62 ines
73 1917 128 62 vero
153 1917 192 62 iudicio,
297 1917 80 62 &
329 1917 128 62 sine
409 1917 176 62 peccato
538 1917 160 62 potest
650 1917 144 62 morti
730 1917 112 62 trade

-8 1961 100 56 e:
42 1961 267 56 &nihilominus
260 1961 117 56 tam
326 1961 167 56 iudex,
443 1961 134 56 quam
527 1961 184 56 testis,
660 1961 84 56 &
677 1961 167 56 notarius

-13 1994 199 52 ententiam
140 1994 199 52 scribens,
294 1994 77 52 &
324 1994 153 52 consul
432 1994 184 52 iudicis,
570 1994 138 52 omnes
662 1994 123 52 sunt
723 1994 123 52 irregi

-13 2046 126 48 res,
66 2046 94 48 vt
113 2046 94 48 pr
160 2046 110 48 tet
223 2046 141 48 extra
317 2046 94 48 de
364 2046 204 48 homicidio
521 2046 235 48 voluntario.
709 2046 94 48 Et
741 2046 94 48 habe

-11 2073 84 51 ur
31 2073 126 51 etiam
115 2073 84 51 de
157 2073 98 51 hac
213 2073 154 51 materia
325 2073 98 51 5o.
381 2073 126 51 dist.
466 2073 84 51 c.
508 2073 126 51 miror
592 2073 70 51 &
620 2073 98 51 35.
676 2073 126 51 dist.
760 2073 84 51 c.
788 2073 56 51 vl

-9 2123 121 51 uod
60 2123 156 51 autem
164 2123 243 51 homicidium
355 2123 226 51 quandoque
529 2123 121 51 sit
598 2123 226 51 peccatum,
754 2123 87 51 pro

3 2168 125 41 icum
82 2168 156 41 nocens
191 2168 172 41 occidit
316 2168 235 41 innocentem,
504 2168 109 41 hoc
566 2168 141 41 patet
660 2168 94 41 de
707 2168 109 41 se,
754 2168 94 41 qui-

-14 2191 189 57 Hcontra
123 2191 206 57 mandatum
277 2191 137 57 dei.
363 2191 137 57 Quod
449 2191 154 57 etiam
552 2191 154 57 talis
654 2191 120 57 sit
706 2191 137 57 irregu

-4 2233 126 53 ris,
75 2233 141 53 patet
169 2233 94 53 in
216 2233 141 53 locis
311 2233 110 53 iam
373 2233 173 53 proxime
499 2233 220 53 allegatis.
672 2233 126 53 Quod
735 2233 110 53 auten

-14 2273 175 63 lipamia
113 2273 175 63 inducat
240 2273 317 63 irregularitatem,
510 2273 111 63 hoc
573 2273 143 63 patet
669 2273 143 63 extra
764 2273 95 63 de
796 2273 63 63 bi

-8 2317 128 49 mis.
72 2317 128 49 Quod
152 2317 144 49 etiam
248 2317 160 49 possit
360 2317 128 49 esse
440 2317 128 49 sine
520 2317 192 49 peccato,
664 2317 160 49 patet,
760 2317 96 49 quia

-7 2355 204 52 ntrahens
146 2355 254 52 matrimonium
349 2355 119 52 cum
417 2355 187 52 muliere
553 2355 220 52 corrupta,
705 2355 136 52 effici

-11 2390 90 54 ur
34 2390 180 54 bigamus,
169 2390 135 54 licet
260 2390 105 54 hoc
320 2390 150 54 potest
425 2390 120 54 quis
500 2390 150 54 facere
605 2390 120 54 sine
681 2390 180 54 peccato,
801 2390 60 54 vt

-9 2430 189 65 atebit,
128 2430 155 65 infra
232 2430 103 65 de
283 2430 258 65 matrimonio.
490 2430 138 65 Quod
576 2430 155 65 etiam
662 2430 189 65 quandoque

-9 2468 160 65 ipamia
103 2468 176 65 accidat
231 2468 160 65 alicui
343 2468 112 65 cum
407 2468 192 65 peccato,
551 2468 160 65 patet,
663 2468 128 65 quia
727 2468 128 65 posito

-5 2509 118 57 iu,
63 2509 135 57 quod
147 2509 185 57 aliquis
281 2509 152 57 ducat
382 2509 168 57 vxorem
500 2509 219 57 virginem,
669 2509 101 57 ex
719 2509 118 57 hoc
770 2509 84 57 non

-12 2550 183 51 ontrahit
125 2550 198 51 bigamiam,
277 2550 107 51 sed
338 2550 91 51 si
384 2550 152 51 postea
490 2550 122 51 illa
567 2550 152 51 mulier
673 2550 91 51 de
719 2550 137 51 scitu
795 2550 61 51 ma

-13 2587 95 68 ri
35 2587 110 68 sui
98 2587 221 68 peccauerit
271 2587 110 68 cum
334 2587 126 68 alio
413 2587 142 68 niro,
508 2587 126 68 tunc
587 2587 95 68 in
634 2587 142 68 primo
713 2587 142 68 concubi

-1 2623 127 66 quo
72 2623 236 66 legitimus
253 2623 200 66 maritus
399 2623 254 66 peccauerit
599 2623 127 66 cum
653 2623 200 66 hniusmodi

-7 2678 128 52 tore
73 2678 112 52 sua
137 2678 207 52 adultera,
296 2678 128 52 ipse
376 2678 207 52 contrahit
535 2678 207 52 bigamiam,
695 2678 80 52 &
726 2678 128 52 hoc,
790 2678 64 52 vt

-15 2708 204 58 lurimum,
138 2708 119 58 non
206 2708 153 58 caret
309 2708 204 58 peccato,
462 2708 170 58 maxime
581 2708 102 58 si
632 2708 187 58 ratione
752 2708 102 58 suae

-6 2755 188 48 turandae
135 2755 204 48 libidinis
292 2755 141 48 fouet
386 2755 188 48 scienter
528 2755 220 48 adulteram,
700 2755 78 48 &
732 2755 110 48 non
779 2755 78 48 con

-9 2794 139 70 git,
78 2794 157 70 neque
182 2794 209 70 repudiat
321 2794 87 70 eam

86 2860 609 90 ARTICVLVS
508 2860 234 90 III

6 2973 192 67 Videnda
145 2973 140 67 sunt
233 2973 175 67 aliqua
355 2973 105 67 de
408 2973 245 67 simomtacha
583 2973 227 67 priuatione.

-2 3048 201 82 VANTVM
139 3048 121 82 ad
199 3048 221 82 quartum
360 3048 261 82 articulum
561 3048 161 82 sunt
661 3048 141 82 duo
721 3048 121 82 vidi

17 3089 126 83 da.
89 3089 179 83 Primo,
214 3089 143 83 quid
304 3089 126 83 sit
376 3089 215 83 Simonia.
537 3089 197 83 Secundo
681 3089 161 83 vtrum
770 3089 72 83 in

882 253 132 69 omni
965 253 215 69 emptione,
1130 253 83 69 &
1163 253 231 69 venditione
1345 253 116 69 rei
1411 253 248 69 spiritualis
1592 253 182 69 committa-

883 304 117 55 tur
950 304 167 55 Simoni
1050 304 50 55 a

930 337 122 56 Quo
999 337 104 56 ad
1051 337 174 56 primum
1173 337 122 56 est
1243 337 226 56 sciendum,
1417 337 139 56 quod
1504 337 157 56 satis
1591 337 174 56 communi-

892 388 111 37 ter
956 388 190 37 doctores
1098 388 127 37 hanc
1178 388 159 37 dicunt
1289 388 127 37 esse
1368 388 270 37 diffinitionem
1574 388 175 37 Simoniae.

893 425 173 40 Simonia
1019 425 110 40 est
1082 425 189 40 studiosa
1224 425 189 40 voluntas
1365 425 173 40 emendi,
1491 425 110 40 seu
1554 425 189 40 uendendi
1680 425 94 40 ali-

890 465 120 57 quid
965 465 225 57 spirituale,
1145 465 105 57 vel
1205 465 165 57 annexum
1325 465 225 57 spirituali.
1505 465 120 57 Quae
1565 465 180 57 descriptio

900 512 121 43 atis
975 512 272 43 rationabiliter
1202 512 121 43 data
1277 512 121 43 est.
1353 512 121 43 Quia
1428 512 136 43 sicut
1519 512 151 43 abitus
1609 512 136 43 virtuos

891 547 277 51 cognoscuntur,
1119 547 82 51 &
1152 547 114 51 per
1217 547 228 51 consequens
1396 547 82 51 d
1429 547 228 51 ffiniuntur
1608 547 114 51 per
1657 547 98 51 suos

896 588 129 52 actus
982 588 72 52 &
1011 588 129 52 actus
1097 588 101 52 per
1154 588 172 52 obiecta,
1283 588 101 52 sic
1341 588 129 52 etiam
1427 588 158 52 habitus
1542 588 172 52 vitiosi:
1671 588 72 52 &
1686 588 57 52 ic

894 619 91 60 in
939 619 198 60 proposito
1092 619 167 60 Simonia
1213 619 137 60 primo
1305 619 107 60 hic
1366 619 213 60 diffinitur
1533 619 107 60 per
1594 619 137 60 actum
1670 619 76 60 in-

897 660 214 47 teriorem,
1061 660 115 47 cum
1127 660 246 47 premittitur
1324 660 197 47 studiosa
1472 660 197 47 voluntas
1603 660 148 47 Secundo

895 702 110 47 per
958 702 142 47 actum
1053 702 236 47 exteriorem,
1242 702 110 47 cum
1305 702 189 47 additur,
1447 702 205 47 vendendi,
1604 702 110 47 vel
1651 702 95 47 emen

894 740 104 57 di.
954 740 149 57 Tertio
1058 740 104 57 per
1117 740 193 57 obiectum,
1266 740 104 57 cum
1326 740 208 57 adiungitur
1489 740 164 57 aliquid
1593 740 149 57 spiritus

885 776 107 49 le,
946 776 107 49 vel
1007 776 168 49 annexum
1113 776 183 49 spirituali

922 802 102 75 Sed
981 802 146 75 contra
1083 802 131 75 istam
1170 802 248 75 diffinitionem
1374 802 175 75 instatur
1506 802 87 75 ab
1549 802 175 75 aliquibs
1666 802 73 75 sic

967 859 178 45 Simonia
1096 859 178 45 dicitur
1226 859 81 45 a
1259 859 162 45 Simone
1372 859 146 45 Mago:
1469 859 113 45 sed
1534 859 146 45 Simon
1632 859 113 45 non
1680 859 65 45 vi

882 893 139 61 detur
974 893 185 61 voluisse
1113 893 170 61 vendere
1237 893 247 61 spiritualia:
1437 893 108 61 sed
1499 893 154 61 voluit
1607 893 93 61 ea
1638 893 108 61 emere

885 933 92 48 ab
931 933 215 48 Apostolis,
1100 933 92 48 vt
1146 933 138 48 patet
1238 933 154 48 Apost.
1346 933 92 48 in
1392 933 123 48 act.
1468 933 123 48 ergo
1545 933 123 48 male
1607 933 138 48 ponitur

880 982 187 62 voluntas
1021 982 187 62 vendendi
1161 982 94 62 in
1208 982 250 62 diffinitione
1411 982 203 62 Simoniae,
1567 982 125 62 quae
1630 982 109 62 dicta

897 1010 104 52 est
956 1010 89 52 ab
1001 1010 118 52 illo
1060 1010 133 52 Simone-

900 1028 78 81 2
932 1028 203 81 Praeterea
1088 1028 125 81 sola
1166 1028 187 81 voluntas
1307 1028 172 81 emendi,
1432 1028 109 81 seu
1494 1028 187 81 vendendi
1619 1028 125 81 spiri-

892 1084 145 59 tuale,
993 1084 102 59 non
1051 1084 160 59 inducit
1167 1084 276 59 irregularitatem
1399 1084 73 59 :
1428 1084 116 59 ergo
1501 1084 189 59 huiusmodi
1631 1084 116 59 volunm

889 1130 115 58 tas
954 1130 115 58 non
1020 1130 115 58 est
1086 1130 181 58 Simonia
1218 1130 231 58 Antecedens
1399 1130 165 58 patet,
1514 1130 132 58 quia
1580 1130 165 58 voluntas

887 1170 134 57 talis
976 1170 149 57 potest
1080 1170 163 57 expiari
1199 1170 104 57 per
1259 1170 238 57 poenitentiam
1452 1170 149 57 absque
1556 1170 178 57 praelati
1675 1170 74 57 su-

882 1214 171 46 perioris
1010 1214 256 46 dispensatione,
1223 1214 114 46 quod
1295 1214 128 46 fieri
1380 1214 100 46 non
1437 1214 157 46 posset,
1551 1214 85 46 si
1579 1214 157 46 irregula-

874 1260 182 55 ritatem
1006 1260 231 55 induceret.
1187 1260 264 55 Consequentia
1402 1260 149 55 etiam
1501 1260 165 55 patet,
1616 1260 132 55 quia
1682 1260 66 55 vt

878 1289 136 51 patet
969 1289 91 51 ex
1014 1289 227 51 praedictis.
1195 1289 166 51 Simonia
1316 1289 166 51 inducit
1437 1289 287 51 irregularitatem

909 1322 79 62 3
941 1322 222 62 Praeterea,
1116 1322 111 62 qui
1179 1322 207 62 precibus,
1338 1322 111 62 vel
1402 1322 191 62 obsequio
1545 1322 191 62 ordinem,
1672 1322 79 62 vel

874 1366 220 44 beneficium
1047 1366 204 44 acquirit,
1204 1366 126 44 ille
1283 1366 188 44 Simoniam
1424 1366 220 44 committit:
1597 1366 110 44 sed
1644 1366 94 44 ille

886 1408 106 62 nec
947 1408 167 62 vendit,
1068 1408 106 62 nec
1129 1408 137 62 emit:
1220 1408 121 62 ergo
1296 1408 106 62 non
1356 1408 213 62 diffinitur
1523 1408 167 62 Simonia
1630 1408 121 62 suffi-

877 1447 182 59 cienter
1010 1447 116 59 per
1076 1447 231 59 voluntatem
1257 1447 182 59 emendi,
1389 1447 116 59 vel
1439 1447 165 59 vendendi

955 1471 212 70 Praeterea,
1121 1471 257 70 iuspatronatus
1333 1471 106 70 est
1393 1471 121 70 quid
1469 1471 227 70 spirituale,
1650 1471 76 70 &
1665 1471 76 70 por

874 1529 141 53 vendi
968 1529 125 53 sine
1047 1529 188 53 Simonia:
1187 1529 125 53 ergo
1266 1529 110 53 non
1328 1529 125 53 bene
1407 1529 219 53 diffinitur
1579 1529 110 53 per
1626 1529 125 53 volun-

887 1567 144 49 tatem
983 1567 192 49 vendendi
1127 1567 240 49 spirituale.
1319 1567 256 49 Consequentia
1526 1567 160 49 patet.
1622 1567 128 49 Proba-

879 1608 119 54 tur
947 1608 256 54 antecedens,
1152 1608 187 54 quantum
1288 1608 102 54 ad
1339 1608 170 54 primam
1458 1608 187 54 partem,
1595 1608 136 54 quia
1663 1608 85 54 au-

885 1643 188 55 ctoritas
1026 1643 219 55 conferendi
1199 1643 282 55 ecclesiasticum
1434 1643 235 55 beneficium,
1622 1643 110 55 est
1669 1643 78 55 ius

883 1684 221 57 spirituale:
1060 1684 103 57 sed
1119 1684 250 57 iuspatronatus
1325 1684 103 57 est
1383 1684 191 57 huiusmodi
1516 1684 191 57 auctoritas.

873 1719 143 57 Patet
969 1719 143 57 etiam
1064 1719 111 57 quo
1128 1719 96 57 ad
1176 1719 191 57 secundam
1319 1719 175 57 partem,
1446 1719 207 57 scilicet,
1606 1719 127 57 quod
1669 1719 80 57 pos

881 1763 105 47 sit
941 1763 135 47 vendi
1031 1763 120 47 sine
1106 1763 180 47 Simonia,
1241 1763 120 47 quia
1317 1763 120 47 sepe
1392 1763 165 47 videmus
1512 1763 90 47 de
1557 1763 150 47 facto,
1647 1763 90 47 quod

878 1802 216 64 venditur
1040 1802 180 64 &tamen
1166 1802 252 64 vendentes,
1364 1802 162 64 super
1472 1802 126 64 hoc
1544 1802 126 64 non
1598 1802 144 64 repre

866 1841 185 57 nenduntu

946 1861 211 70 Praeterea,
1111 1861 135 70 calix
1202 1861 226 70 consecratus
1382 1861 150 70 potest
1487 1861 135 70 vendi
1578 1861 135 70 vsque
1653 1861 90 70 Simo

888 1924 102 48 ia.
947 1924 117 48 ergo
1020 1924 161 48 Simonia
1137 1924 102 48 non
1195 1924 117 48 bene
1268 1924 205 48 diffinitur
1429 1924 102 48 per
1488 1924 205 48 veditionem
1634 1924 102 48 eius;

879 1962 116 48 quoe
952 1962 102 48 est
1010 1962 160 48 annexum
1127 1962 218 48 spirituali.
1301 1962 204 48 Antecedens
1461 1962 145 48 patet,
1563 1962 116 48 quia
1621 1962 131 48 legitur

882 2002 96 50 de
930 2002 80 50 S
962 2002 207 50 Ambrosio,
1121 2002 127 50 quod
1201 2002 143 50 fecit
1296 2002 143 50 vendi
1392 2002 175 50 calices
1519 2002 111 50 pro
1567 2002 175 50 redemptio

879 2041 100 43 ne
929 2041 249 43 captiuorum,
1128 2041 83 43 &
1161 2041 282 43 sustentatione
1394 2041 216 43 pauperum,
1560 2041 133 43 quod
1626 2041 116 43 nequa

875 2091 120 37 quam
950 2091 179 37 fecisset
1084 2091 105 37 vir
1144 2091 149 37 tantae
1249 2091 239 37 sanctitatis,
1443 2091 90 37 si
1488 2091 164 37 Simonia
1593 2091 149 37 committe

878 2121 129 37 retur
964 2121 86 37 in
1007 2121 201 37 venditione
1165 2121 172 37 calicis.
1294 2121 129 37 patet
1380 2121 129 37 etiam
1466 2121 244 37 consequentia,
1653 2121 86 37 quia

885 2158 223 48 consecratum
1063 2158 119 48 esse
1137 2158 104 48 est
1197 2158 119 48 quid
1271 2158 223 48 spirituale,
1449 2158 134 48 sicut
1538 2158 74 48 &
1568 2158 119 48 ipsa
1627 2158 119 48 conse-

885 2207 166 52 cratio:
1006 2207 106 52 sed
1066 2207 136 52 calix
1157 2207 226 52 consecratus
1338 2207 106 52 non
1398 2207 151 52 potest
1504 2207 181 52 separari
1639 2207 75 52 a
1654 2207 91 52 con-

882 2230 166 64 secrato
988 2230 91 64 esse

926 2253 103 69 Ad
977 2253 172 69 primum
1098 2253 223 69 dicendum,
1270 2253 138 69 quod
1356 2253 155 69 Simon
1459 2253 120 69 pro
1528 2253 155 69 tanto
1613 2253 138 69 voluit

888 2304 143 63 emere
983 2304 95 63 ab
1031 2304 207 63 Apostolis
1190 2304 238 63 spiritualem
1381 2304 238 63 potestatem,
1571 2304 95 63 ut
1619 2304 111 63 eam
1667 2304 79 63 vl-

885 2357 157 48 terius
995 2357 157 48 posset
1105 2357 188 48 vendere:
1246 2357 78 48 &
1277 2357 125 48 ideo
1356 2357 110 48 non
1418 2357 141 48 solum
1512 2357 157 48 habuit
1607 2357 125 48 volun-

887 2392 148 43 tatem
985 2392 181 43 emendi,
1117 2392 115 43 sed
1183 2392 148 43 etiam
1281 2392 214 43 vendendi:
1446 2392 181 43 propter
1577 2392 132 43 quod
1643 2392 99 43 vers

893 2433 181 47 dicuntur
1029 2433 196 47 Simoniaci
1179 2433 106 47 non
1240 2433 136 47 solum
1330 2433 106 47 qui
1390 2433 226 47 spiritualia
1571 2433 151 47 emunt:
1677 2433 106 47 sed

888 2476 156 48 etiam,
997 2476 109 48 qui
1060 2476 93 48 ea
1106 2476 187 48 vendunt.
1247 2476 93 48 Et
1293 2476 187 48 secundum
1434 2476 109 48 hoc
1496 2476 156 48 patet,
1605 2476 125 48 quod
1667 2476 78 48 Si-

892 2514 169 53 monia,
1010 2514 135 53 quam
1094 2514 118 53 vis
1162 2514 185 53 dicatur
1297 2514 84 53 a
1330 2514 169 53 Simone
1448 2514 152 53 tamen
1550 2514 135 53 bene
1617 2514 118 53 diffi

896 2548 145 56 nitur
993 2548 113 56 per
1057 2548 226 56 voluntatem
1235 2548 178 56 emendi,
1364 2548 81 56 &
1397 2548 194 56 vendendi
1542 2548 145 56 ipsum
1623 2548 129 56 spiri-

897 2592 151 52 tuale.
1003 2592 91 52 Si
1048 2592 121 52 quis
1123 2592 136 52 tamen
1214 2592 151 52 omnino
1319 2592 151 52 uellet
1425 2592 136 52 solus
1516 2592 166 52 ementes
1621 2592 121 52 spiri-

896 2621 140 62 tuale
990 2621 217 62 Simoniacos
1160 2621 217 62 appellare,
1331 2621 124 62 ille
1409 2621 155 62 posset
1517 2621 202 62 vendentes
1657 2621 93 62 nomi

890 2672 130 54 nare,
976 2672 187 54 Diexitas,
1120 2672 72 54 a
1149 2672 130 54 Qiexi
1235 2672 144 54 samulo
1336 2672 173 54 Flisaei,
1466 2672 101 54 qui
1523 2672 101 54 pro
1581 2672 173 54 sanitate
1696 2672 58 54 ad

896 2706 156 57 preces
1006 2706 156 57 ipsius
1115 2706 172 57 Flisaei
1240 2706 172 57 collata
1366 2706 125 57 ipsi
1444 2706 156 57 Naaman
1553 2706 125 57 Svro
1616 2706 125 57 accepi

891 2745 166 66 munera,
1012 2745 91 66 vt
1057 2745 151 66 patet.
1162 2745 91 66 4.
1193 2745 75 66 Reg

921 2761 104 79 Ad
973 2761 208 79 secundum
1128 2761 225 79 dicendum,
1301 2761 138 79 quod
1388 2761 208 79 voluntas
1543 2761 190 79 emendi,
1665 2761 86 79 vel

885 2826 182 61 vendendi
1022 2826 228 61 spirituale,
1204 2826 152 61 potest
1310 2826 213 61 dupliciter
1478 2826 167 61 accipi,
1599 2826 106 61 vno
1645 2826 91 61 modi

887 2878 194 42 praecise
1032 2878 129 42 sine
1113 2878 129 42 omni
1194 2878 210 42 exteriori
1356 2878 259 42 expressione.
1566 2878 129 42 Alio
1631 2878 113 42 modo,

891 2909 138 51 prout
983 2909 107 51 est
1044 2909 153 51 aliquo
1152 2909 123 51 modo
1228 2909 184 51 exterius
1366 2909 199 51 expressa,
1520 2909 138 51 puta,
1612 2909 123 51 quia
1673 2909 77 51 ita

892 2945 171 57 solicita
1020 2945 100 57 est
1077 2945 128 57 circa
1163 2945 100 57 hoc
1220 2945 114 57 ipsa
1291 2945 185 57 voluntas,
1433 2945 114 57 quod
1505 2945 143 57 verbo,
1604 2945 128 57 nutu,
1676 2945 71 57 ver

884 2983 148 54 signo
982 2983 197 54 exterius
1130 2983 246 54 insinuatur,
1327 2983 148 54 Primo
1426 2983 131 54 modo
1508 2983 115 54 non
1573 2983 181 54 inducit
1688 2983 66 54 Si

888 3031 163 45 moniam
1002 3031 98 45 in
1051 3031 131 45 foro
1133 3031 229 45 ecclesiae,
1312 3031 180 45 quamuis
1443 3031 163 45 habets
1557 3031 147 45 talem
1639 3031 114 45 volun

889 3057 141 66 tatem
983 3057 109 66 sit
1046 3057 125 66 uere
1124 3057 219 66 Simoniacus
1296 3057 141 66 coram
1390 3057 125 66 deo,
1468 3057 109 66 seu
1530 3057 94 66 in
1577 3057 125 66 foro
1640 3057 78 66 dei

918 3098 199 60 Secunda
1063 3098 217 60 voluntas
1225 3098 163 60 facit
1334 3098 199 60 hominem
1479 3098 253 60 Simoniacum
1660 3098 90 60 non
