2471 3585
472 302 118 76 qui
540 302 118 76 non
607 302 169 76 habent
725 302 270 76 impedimentum
944 302 236 76 vniuersale
1130 302 202 76 respectu
1265 302 84 76 cu-

465 361 227 49 iuscumque
639 361 227 49 personae:
814 361 157 49 tamen
918 361 174 49 omnino
1040 361 174 49 habent
1145 361 192 49 impedimer

477 401 106 40 tum
537 401 227 40 contrahendi
719 401 136 40 mutuo
810 401 136 40 inter
901 401 91 40 se
946 401 121 40 ibi,
1022 401 121 40 Post
1098 401 121 40 haec
1173 401 167 40 dispari
1279 401 61 40 cu

485 449 111 43 tu.
549 449 143 43 Prima
644 449 96 43 in
692 449 143 43 duas,
788 449 127 43 quia
867 449 143 43 primo
963 449 175 43 tractat
1090 449 96 43 de
1122 449 223 43 impedimentis

486 479 143 49 prtum
582 479 223 49 habentibus
757 479 96 49 ex
805 479 175 49 statuto
932 479 223 49 ecclesiae.
1107 479 175 49 Secundo
1234 479 96 49 de
1266 479 64 49 im

486 520 210 49 pedimentis
651 520 255 49 insurgentibus
861 520 90 49 ex
906 520 180 49 iustitia
1041 520 135 49 legis
1131 520 165 49 diuinae
1236 520 90 49 ibi,

469 562 129 47 Nunc
550 562 97 47 de
598 562 145 47 voto.
695 562 145 47 Prima
792 562 97 47 in
840 562 145 47 duas:
937 562 113 47 nam
1001 562 145 47 primo
1098 562 177 47 tractat
1227 562 97 47 de
1259 562 81 47 im-

472 598 219 52 pedimento
641 598 203 52 ordinis.
793 598 186 52 Secundo
928 598 101 52 de
979 598 253 52 impedimento
1164 598 169 52 criminis

487 636 118 51 ibi,
561 636 103 51 His
620 636 235 51 adiiciendum.
811 636 176 51 Sequitur
943 636 132 51 dist.
1031 636 103 51 38.
1090 636 88 51 In
1134 636 103 51 qua
1178 636 162 51 magister.

475 680 106 41 &c.
536 680 91 41 Et
581 680 197 41 diuiditur
733 680 91 41 in
778 680 121 41 duas
854 680 167 41 partes,
976 680 121 41 quia
1052 680 137 41 primo
1143 680 182 41 magister
1264 680 76 41 tra

481 718 134 46 ctat
565 718 100 46 de
615 718 251 46 impedimento
815 718 150 46 voti.
916 718 184 46 Secundo
1049 718 100 46 de
1099 718 251 46 impedimento
1283 718 50 46 l

484 764 170 43 gaminis
607 764 170 43 prioris
731 764 201 43 coniugii,
886 764 124 43 ibi,
963 764 108 43 Cum
1025 764 124 43 vir,
1102 764 77 43 &
1133 764 170 43 mulier.
1242 764 108 43 Prima

471 795 88 47 in
515 795 132 47 tres,
603 795 117 47 quia
677 795 132 47 primo
765 795 176 47 magister
897 795 191 47 ostendit,
1044 795 117 47 quid
1117 795 103 47 sit
1176 795 147 47 votum.
1264 795 73 47 Se-

479 836 144 51 cundo
575 836 176 51 innuit,
703 836 144 51 quale
799 836 144 51 votum
895 836 176 51 impedit
1023 836 256 51 matrimonium.
1231 836 96 51 Et
1263 836 80 51 ter

467 876 116 46 tio
534 876 132 46 agit
616 876 99 46 de
666 876 248 46 poenitentia
864 876 132 46 post
947 876 215 46 huiusmodi
1112 876 149 46 votum
1194 876 149 46 matrimo

477 911 137 53 nium
563 911 309 53 contrahentium.
820 911 189 53 Secunda
958 911 137 53 ibi,
1043 911 206 53 Sciendum
1181 911 120 53 vero.

480 939 121 64 Tert
556 939 91 64 ia
601 939 121 64 ibi.
677 939 106 64 Non
738 939 106 64 est
799 939 152 64 igitur
905 939 273 64 praetereundum.
1133 939 182 64 Sequitur
1254 939 91 64 illa

468 995 135 49 pars,
558 995 105 49 Cum
618 995 120 49 vit,
693 995 75 49 &
724 995 165 49 mulier.
844 995 90 49 Et
889 995 195 49 diuiditur
1039 995 90 49 in
1084 995 120 49 tres
1160 995 165 49 partes:
1265 995 75 49 nam

471 1032 151 51 primo
572 1032 218 51 ostendit,
739 1032 134 51 quod
823 1032 234 51 praecedens
1007 1032 251 51 matrimonium
1191 1032 151 51 impedit

472 1082 187 36 sequens
608 1082 237 36 coniugium.
794 1082 204 36 Secundo,
947 1082 102 36 si
998 1082 187 36 sequens
1117 1082 220 36 matrimonium

482 1115 110 48 per
545 1115 235 48 ignorantiam
733 1115 204 48 vtriusque
890 1115 157 48 fuerit
999 1115 235 48 contractum,
1187 1115 125 48 quid
1250 1115 94 48 con-

469 1152 230 49 trahentibus
653 1152 153 49 restat
760 1152 215 49 faciendum.
929 1152 169 49 Tertio,
1052 1152 92 49 si
1098 1152 138 49 fraus
1190 1152 138 49 vnius
1266 1152 77 49 in-

477 1191 236 50 teruenerit,
666 1191 126 50 quid
745 1191 126 50 illi
824 1191 110 50 sit
887 1191 236 50 consulendum
1076 1191 173 50 Secunda
1202 1191 126 50 ibi,
1265 1191 79 50 Hic

478 1227 192 59 quaeritur.
629 1227 137 59 Tertia
725 1227 110 59 ibi,
794 1227 96 59 Sed
849 1227 82 59 si
890 1227 110 59 quis
959 1227 165 59 relicta.
1082 1227 124 59 Circa
1165 1227 124 59 istas
1233 1227 110 59 distin

481 1268 164 56 ctiones
585 1268 134 56 quaero.

756 1320 274 80 Quaestio.
967 1320 63 80 1

526 1413 103 78 An
577 1413 138 78 ordo
663 1413 172 78 sacer,
784 1413 120 78 seu
853 1413 275 78 continentiae
1076 1413 155 78 votum
1163 1413 120 78 Matr-

714 1470 204 69 monium
856 1470 265 69 impediat.

497 1885 169 62 VTRVM
610 1885 169 62 ordo,
723 1885 132 62 vel
798 1885 301 62 continentiae
1043 1885 169 62 votum
1137 1885 207 62 impediant

521 1918 81 55 m
553 1918 178 55 atrimon
682 1918 129 55 ium.
763 1918 97 55 Et
811 1918 194 55 videtur,
957 1918 129 55 quod
1021 1918 97 55 non-

514 1956 133 61 Quia
598 1956 150 61 ordo,
697 1956 83 61 &
731 1956 166 61 votum,
847 1956 116 61 non
913 1956 216 61 prohibent
1063 1956 266 61 concupiscentia

454 1997 208 42 morbum:
606 1997 151 42 ergo
700 1997 133 42 non
776 1997 189 42 debent
908 1997 246 42 prohibere
1079 1997 246 42 matrimonium

468 2041 140 45 quod
555 2041 140 45 Deus
642 2041 227 45 instituit
817 2041 175 45 contra
939 2041 227 45 huiusmodi
1096 2041 140 45 morbum

468 2075 204 52 Antecedens
629 2075 146 52 patet,
731 2075 117 52 quia
804 2075 131 52 saepe
891 2075 204 52 contingit,
1052 2075 117 52 quod
1125 2075 117 52 his,
1198 2075 102 52 qui
1241 2075 88 52 sunt

467 2126 189 42 ordinati,
613 2126 102 42 vel
671 2126 116 42 voto
744 2126 189 42 astricti,
889 2126 160 42 maiores
1005 2126 189 42 patiuntur
1151 2126 145 42 carnis
1238 2126 87 42 con-

470 2159 261 54 cupiscentias
682 2159 180 54 ceteris
813 2159 212 54 hominibus
976 2159 147 54 Patet
1074 2159 147 54 etiam
1155 2159 180 54 consequen

462 2198 124 49 tia,
539 2198 124 49 quia
616 2198 108 49 non
678 2198 170 49 videtur
802 2198 248 49 rationabile,
1003 2198 124 49 quod
1080 2198 108 49 ibi
1142 2198 186 49 remedium
1266 2198 62 49 ha

469 2238 139 62 beat
555 2238 294 62 impedimentum,
798 2238 121 62 vbi
867 2238 156 62 morbo
971 2238 173 62 absque
1075 2238 242 62 impedimoenti

464 2271 163 57 potest
578 2271 163 57 habere
675 2271 163 57 accessum

504 2303 91 56 In
549 2303 212 56 contrarium
716 2303 106 56 est
777 2303 197 56 magister,
928 2303 106 56 qui
989 2303 91 56 in
1034 2303 106 56 his
1095 2303 152 56 duabus
1186 2303 136 56 distin-

469 2348 215 60 ctionibus
635 2348 149 60 ponit
734 2348 198 60 quattuor
883 2348 248 60 impedimenta
1081 2348 248 60 matrimonii,
1263 2348 66 60 pu

468 2402 108 55 ta,
529 2402 186 55 ordinem,
669 2402 170 55 crimen,
793 2402 155 55 votum,
901 2402 77 55 &
932 2402 217 55 praecedens
1102 2402 217 55 coniugium,
1257 2402 62 55 &o

464 2433 96 50 de
512 2433 112 50 his
576 2433 192 50 quattuor
720 2433 112 50 est
784 2433 96 50 ad
832 2433 176 50 presens
944 2433 160 50 videndum

466 2473 159 47 Primo,
578 2473 191 47 scilicet
721 2473 96 47 de
769 2473 239 47 impedimento
960 2473 191 47 ordinis,
1103 2473 175 47 Secundo
1230 2473 96 47 de
1262 2473 64 47 im

465 2512 200 52 pedimento
618 2512 200 52 criminis.
772 2512 92 52 Et
818 2512 123 52 hoc,
895 2512 108 52 quo
956 2512 92 52 ad
1002 2512 200 52 distinct.
1156 2512 108 52 37.
1202 2512 123 52 Tertio

470 2557 100 59 de
520 2557 251 59 impedimento
721 2557 134 59 voti
804 2557 100 59 Et
854 2557 184 59 quarto,
988 2557 100 59 de
1038 2557 251 59 impedimento
1222 2557 100 59 pre-

469 2597 182 57 cedentis
605 2597 182 57 coniugi.
742 2597 91 57 Et
787 2597 121 57 hoc,
863 2597 106 57 quo
924 2597 91 57 ad
969 2597 273 57 distinctionem.
1181 2597 76 57 38.

583 2670 526 67 RESOLVTI
934 2670 175 67 O.

466 2716 124 60 Licet
549 2716 138 60 nullus
646 2716 83 60 de
687 2716 166 60 quattuor
812 2716 180 60 minoribus
950 2716 111 60 ordo
1019 2716 124 60 sacer
1102 2716 207 60 matrimonium
1254 2716 69 60 im-

511 2773 159 48 pedias,
626 2773 101 48 cat
684 2773 144 48 erurum
785 2773 130 48 tamen
872 2773 173 48 quilibet
1002 2773 101 48 non
1060 2773 130 48 solum
1132 2773 202 48 contrahendum

508 2810 182 52 probibet,
648 2810 126 52 verum
732 2810 126 52 etiam
816 2810 196 52 contractum
970 2810 154 52 dirimu:
1082 2810 154 52 Proiude
1194 2810 112 52 vero
1250 2810 84 52 sim-

508 2849 109 51 plex
577 2849 123 51 votum
658 2849 109 51 cont
726 2849 164 51 rabendum
849 2849 150 51 impedit
958 2849 191 51 contractum
1108 2849 95 51 non
1149 2849 150 51 dessolunt

499 2882 86 67 At
542 2882 171 67 soltemne
670 2882 228 67 contvahendum
855 2882 185 67 prohibet,
998 2882 242 67 contractumque
1183 2882 143 67 recindit

553 2947 589 90 ARTICVLV
995 2947 245 90 s
1044 2947 147 90 1

675 3016 106 68 De
728 3016 264 68 impedimento
922 3016 176 68 ordinis.

509 3095 208 73 VANTVM
655 3095 125 73 ad
717 3095 208 73 primum
862 3095 145 73 est
945 3095 332 73 aduertendum,
1194 3095 125 73 quod

553 3151 176 79 septem
676 3151 140 79 sunt
764 3151 211 79 ordines,
922 3151 176 79 Quorum
1045 3151 211 79 quattuor
1186 3151 140 79 primi,

1385 303 190 62 dicuntur
1528 303 174 62 ordines
1654 303 190 62 minores,
1796 303 127 62 tres
1875 303 127 62 vero
1955 303 158 62 vltimi
2065 303 190 62 dicuntur
2192 303 63 62 ma

1376 358 140 44 iores,
1474 358 98 44 seu
1530 358 126 44 sacri
1613 358 167 44 ordines,
1739 358 84 44 ut
1781 358 126 44 patet
1864 358 84 44 ex
1906 358 140 44 dictis
2004 358 167 44 superius
2115 358 140 44 distinc,

1374 399 102 65 24
1425 399 203 65 articulo
1577 399 203 65 secundo.
1730 399 102 65 Et
1781 399 203 65 secundum
1933 399 119 65 hoc
2001 399 136 65 pono
2086 399 136 65 duas
2153 399 102 65 con

1358 438 187 59 clusiones.

1420 466 150 63 Prima
1520 466 133 63 est,
1603 466 133 63 quod
1686 466 166 63 nullus
1802 466 133 63 ordo
1886 466 100 63 de
1935 466 199 63 quattuor
2068 466 183 63 minoribus

1364 512 208 65 impedit
1496 512 246 65 matrimonium

1432 559 123 58 Quia
1508 559 153 58 pueri,
1616 559 107 58 qui
1677 559 123 58 sunt
1754 559 169 58 minores
1877 559 153 58 annis,
1984 559 184 58 consuete
2107 559 138 58 ordinam

1371 594 146 58 tur,
1462 594 201 58 quantum
1608 594 110 58 ad
1663 594 201 58 ordines
1809 594 219 58 minores:
1973 594 146 58 ergo
2046 594 201 58 huiusmodi

1369 638 203 53 ordines
1516 638 129 53 non
1590 638 240 53 impediunt
1775 638 277 53 matrimonium
1978 638 259 53 contrahendum

1380 676 249 61 Antecedens
1576 676 124 61 est
1647 676 160 61 notum
1753 676 302 61 Consequentiam
1984 676 142 61 probo.

1412 716 121 54 Quia
1487 716 136 54 ille,
1578 716 106 54 qui
1638 716 106 54 est
1698 716 136 54 minor
1789 716 151 54 annis,
1894 716 106 54 non
1955 716 136 54 debet
2045 716 181 54 astringi
2166 716 75 54 vo-

1379 756 95 61 to
1427 756 269 61 continentiae,
1648 756 79 61 &
1679 756 111 61 per
1743 756 237 61 consequens,
1932 756 111 61 cum
1995 756 174 61 venerit
2122 756 95 61 ad
2153 756 95 61 anos

1383 796 274 52 discretionis,
1608 796 177 52 poterit
1737 796 225 52 contrahere
1898 796 225 52 matrimonium,

1395 835 78 53 2
1426 835 217 53 Praeterea,
1596 835 124 53 ista
1674 835 202 53 conclusio
1829 835 140 53 patet
1922 835 109 53 per
1984 835 155 53 multas
2077 835 171 53 auctorita

1371 867 121 60 tes,
1446 867 121 60 quas
1522 867 181 60 magister
1658 867 106 60 hic
1718 867 166 60 adducit
1839 867 91 60 in
1884 867 181 60 littera.
2020 867 136 60 Patet
2110 867 136 60 etiam
2186 867 60 60 ex

1369 912 163 50 statuto
1488 912 208 50 Alexandri,
1651 912 193 50 similiter
1800 912 223 50 Innocentii,
1978 912 89 50 ut
2022 912 134 50 clare
2111 912 163 50 habetur

1372 956 125 44 extra
1455 956 83 44 de
1497 956 167 44 cleticis
1622 956 208 44 coniugatis,
1789 956 83 44 in
1830 956 167 44 pluribus
1955 956 181 44 capitulis
2094 956 139 44 illius
2178 956 69 44 qui

1374 999 145 44 tuli,
1470 999 113 44 Cum
1535 999 161 44 igitur
1648 999 129 44 ordo
1728 999 113 44 non
1792 999 209 44 prohibeat
1953 999 258 44 matrimonium,
2146 999 97 44 nifi

1380 1036 170 45 propter
1503 1036 185 45 statutum
1642 1036 170 45 homanae
1765 1036 216 45 ecclesiae:
1935 1036 77 45 &
1965 1036 185 45 ecclesia
2104 1036 108 45 non
2150 1036 93 45 sola

1382 1079 105 47 non
1442 1079 211 47 prohibeat,
1608 1079 105 47 sed
1668 1079 181 47 expresse
1803 1079 196 47 admittat,
1954 1079 90 47 ut
1999 1079 181 47 existens
2135 1079 90 47 in
2165 1079 75 47 mi-

1372 1117 185 52 noribus
1506 1117 218 52 ordinibus
1674 1117 218 52 contrahat
1842 1117 268 52 matrimonium:
2060 1117 134 52 ergo
2127 1117 84 52 &c.

1458 1150 139 48 forte
1550 1150 185 48 dicetur,
1689 1150 123 48 quod
1766 1150 139 48 omnis
1858 1150 185 48 clericus
1997 1150 185 48 existens
2135 1150 92 48 in
2166 1150 77 48 mi-

1366 1195 178 49 noribus
1495 1195 210 49 ordinibus
1657 1195 113 49 est
1722 1195 146 49 aptus
1819 1195 97 49 ad
1868 1195 194 49 habendum
1997 1195 243 49 ecclesiasticu

1371 1231 230 50 beneficium,
1555 1231 123 50 nisi
1632 1231 108 50 sua
1693 1231 138 50 culpa
1785 1231 200 50 priuetur:
1939 1231 108 50 Sed
2000 1231 154 50 nullus
2092 1231 154 50 clericus

1362 1281 227 43 coniugatus
1540 1281 113 43 est
1605 1281 146 43 aptus
1702 1281 97 43 ad
1750 1281 194 43 habendum
1896 1281 178 43 ecclesi
2026 1281 178 43 asticum
2139 1281 97 43 bene

1367 1315 172 47 ficium,
1493 1315 125 47 ergo
1571 1315 157 47 nullus
1681 1315 219 47 coniugatus
1853 1315 157 47 potest
1963 1315 125 47 esse
2041 1315 94 47 in
2073 1315 172 47 ordinibus

1370 1355 221 51 minoribus.
1544 1355 142 51 Maior
1638 1355 158 51 patet,
1748 1355 158 51 saltem
1859 1355 189 51 loquendo
2001 1355 95 51 de
2048 1355 221 51 praebedis,

1373 1391 118 47 seu
1441 1391 101 47 de
1491 1391 219 47 beneficio
1660 1391 118 47 non
1728 1391 186 47 curato.
1863 1391 118 47 Sed
1930 1391 186 47 minorem
2065 1391 152 47 ponit
2150 1391 84 47 In-

1372 1437 200 57 nocentius
1526 1437 123 57 Papa
1603 1437 139 57 extra
1695 1437 93 57 de
1742 1437 185 57 clericis
1880 1437 154 57 coniu.
1988 1437 185 57 capitulo
2112 1437 123 57 diuer-

1366 1465 93 56 sis
1405 1465 146 56 fallacuis

1445 1509 214 47 Praeterea,
1613 1509 153 47 nullus
1720 1509 184 47 vxoratus
1858 1509 153 47 gaudet
1965 1509 214 47 priuilegio
2118 1509 123 47 cleri-

1368 1538 134 58 cali:
1458 1538 105 58 sed
1517 1538 179 58 quilibet
1652 1538 90 58 in
1697 1538 194 58 minoribus
1846 1538 194 58 ordinibus
1995 1538 239 58 constitutus,
2174 1538 60 58 po

1361 1592 120 53 test
1436 1592 165 53 gaudere
1556 1592 210 53 priuilegio
1721 1592 210 53 clericali:
1886 1592 135 53 ergo,
1976 1592 105 53 &c.
2036 1592 150 53 Maior,
2141 1592 75 53 &
2156 1592 75 53 mi-

1371 1633 113 61 nor
1435 1633 193 61 videntur
1580 1633 161 61 patere
1693 1633 97 61 in
1742 1633 161 61 titulo
1854 1633 274 61 praeallegato,
2064 1633 161 61 capitulo

1345 1663 170 67 loannes.

1408 1691 102 65 Ad
1459 1691 169 65 primum
1577 1691 220 65 dicendum,
1746 1691 135 65 quod
1831 1691 186 65 quamuis
1966 1691 169 65 maior,
2085 1691 118 65 sic
2136 1691 102 65 vni-

1372 1742 201 66 uersaliter
1529 1742 172 66 accepta,
1658 1742 100 66 sit
1716 1742 129 66 uera,
1802 1742 72 66 &
1831 1742 129 66 minor
1917 1742 100 66 sit
1974 1742 129 66 falsa
2060 1742 86 66 in
2089 1742 143 66 ecclefia

1360 1792 218 56 orientali;
1532 1792 109 56 nam
1594 1792 125 56 apud
1672 1792 171 56 oraecos
1796 1792 171 56 clerici
1921 1792 187 56 vxorati,
2061 1792 109 56 nec
2107 1792 125 56 priuan

1365 1823 106 61 tur
1425 1823 181 61 officio,
1561 1823 106 61 nec
1622 1823 212 61 beneficio:
1788 1823 136 61 tamen
1879 1823 196 61 econuerso
2030 1823 136 61 minor
2120 1823 106 61 est
2166 1823 60 61 ve

1371 1874 102 47 ra,
1430 1874 73 47 &
1459 1874 131 47 maior
1546 1874 102 47 est
1604 1874 131 47 falsa
1691 1874 87 47 in
1735 1874 174 47 ecclesia
1866 1874 233 47 occidentali:
2055 1874 116 47 quia
2113 1874 116 47 apudLa

1358 1911 147 50 tinos,
1461 1911 88 50 si
1506 1911 147 50 omanae
1609 1911 192 50 ecclesiae
1756 1911 162 50 statuta
1874 1911 192 50 seruantes
2022 1911 177 50 clericus
2140 1911 88 50 vxo-

1368 1952 130 51 ratus
1454 1952 174 51 priuatur
1585 1952 174 51 officio,
1715 1952 72 51 &
1744 1952 188 51 beneficio
1889 1952 203 51 clericali,
2048 1952 145 51 quauis
2135 1952 87 51 poss

1369 1994 152 51 mortem
1475 1994 167 51 vxoris,
1597 1994 106 51 vel
1658 1994 167 51 eiusdem
1779 1994 182 51 viuentis
1916 1994 198 51 consensu,
2068 1994 91 51 si
2098 1994 137 51 castita

1359 2033 102 48 tem
1418 2033 190 48 seruandam
1564 2033 219 48 promiserit,
1739 2033 146 48 possit
1841 2033 175 48 restitui
1972 2033 88 48 in
2016 2033 175 48 officio,
2147 2033 88 48 ac
2177 2033 58 48 et

1361 2060 220 65 beneficio,
1534 2060 220 65 supposito,
1707 2060 126 65 quod
1785 2060 204 65 huiusmodi
1942 2060 126 65 vxor
2021 2060 94 65 ad
2068 2060 141 65 ipsum
2146 2060 79 65 ve-

1367 2113 129 53 nerit
1453 2113 144 53 virgo;
1553 2113 129 53 secus
1640 2113 144 53 autem,
1740 2113 86 53 si
1783 2113 187 53 corrupta,
1927 2113 115 53 quia
1999 2113 115 53 tunc
2071 2113 129 53 esset
2143 2113 86 53 biga

1368 2148 115 48 mus,
1440 2148 101 48 nec
1497 2148 173 48 vlterius
1627 2148 144 48 posset
1728 2148 202 48 promoueri,
1887 2148 115 48 nisi
1959 2148 87 48 de
2003 2148 216 48 apostolicae
2161 2148 58 48 se

1360 2177 101 60 dis
1417 2177 245 60 dispensatione
1605 2177 158 60 speciali.

1396 2215 102 66 Ad
1447 2215 205 66 secundum
1600 2215 222 66 dicendum,
1771 2215 136 66 quod
1856 2215 153 66 maior
1958 2215 119 66 non
2026 2215 119 66 est
2095 2215 136 66 vera
2163 2215 68 66 v-

1355 2249 247 72 niuersaliter,
1559 2249 116 72 quia
1632 2249 131 72 quasi
1719 2249 87 72 in
1763 2249 116 72 toto
1836 2249 131 72 regno
1923 2249 175 72 Franciae
2039 2249 175 72 existenter

1349 2309 92 50 in
1395 2309 200 50 minoribus
1549 2309 200 50 ordinibus
1703 2309 185 50 vxorati,
1842 2309 108 50 qui
1903 2309 154 50 vxores
2011 2309 123 50 suas
2073 2309 154 50 virgines

1354 2347 251 51 receperunt,
1555 2347 201 51 deferunt
1706 2347 201 51 tonsuram
1857 2347 251 51 clericalem,
2058 2347 84 51 &
2074 2347 151 51 gaudene

1356 2384 209 48 priuilegio
1520 2384 209 48 clericali,
1685 2384 149 48 saltem
1789 2384 179 48 secundum
1923 2384 149 48 aliqua
2028 2384 149 48 puncta
2117 2384 105 48 illi-

1355 2429 96 44 us
1403 2429 241 44 priuilegii.
1596 2429 96 44 Ad
1644 2429 241 44 probationem
1837 2429 209 44 dicendum,
1998 2429 129 44 quod
2078 2429 145 44 sicut
2159 2429 64 44 ha

1363 2469 128 43 betur
1448 2469 85 43 in
1491 2469 114 43 glo,
1562 2469 128 43 super
1647 2469 128 43 illo.
1733 2469 85 43 c.
1775 2469 171 43 loannes,
1903 2469 128 43 istud
1988 2469 185 43 capitulum
2116 2469 100 43 loqui

1362 2504 108 55 tur
1423 2504 93 55 de
1470 2504 139 55 illo,
1562 2504 108 55 qui
1624 2504 108 55 non
1685 2504 139 55 habet
1778 2504 139 55 spem,
1870 2504 108 55 vel
1932 2504 231 55 intentionem
2102 2504 123 55 redeun

1359 2535 87 64 di
1403 2535 87 64 ad
1447 2535 276 64 clericatumiquia
1679 2535 131 64 illi,
1766 2535 102 64 qui
1824 2535 145 64 habent
1926 2535 131 64 spem,
2013 2535 73 64 &
2027 2535 189 64 intentionem

1360 2587 134 52 post
1444 2587 167 52 mortem
1561 2587 167 52 vxoris
1678 2587 218 52 redeundi,
1846 2587 201 52 poterunt
1996 2587 184 52 gaudere
2114 2587 100 52 illo

1356 2612 214 66 clericorum
1524 2612 229 66 priuilegio,
1707 2612 122 66 quod
1783 2612 168 66 habetur
1905 2612 92 66 in
1951 2612 198 66 decretis.
2103 2612 107 66 17.
2149 2612 76 66 q.-

1355 2664 96 49 c.
1403 2664 96 49 si
1451 2664 128 49 quis
1532 2664 209 49 suadente:
1692 2664 177 49 quamuis
1821 2664 177 49 quamdiu
1949 2664 128 49 sunt
2029 2664 112 49 cum
2077 2664 145 49 vxoribs

1351 2702 109 51 non
1414 2702 171 51 debeant
1538 2702 171 51 gaudere
1662 2702 124 51 illo
1740 2702 233 51 priuilegio,
1927 2702 124 51 quod
2004 2702 155 51 eximit
2098 2702 124 51 cleri-

1350 2741 113 44 cos
1414 2741 97 44 ab
1463 2741 210 44 exactione
1624 2741 226 44 dominorum:
1802 2741 129 44 quia
1882 2741 113 44 cum
1947 2741 129 44 ipsi
2027 2741 113 44 cum
2092 2741 129 44 suis
2156 2741 65 44 v-

1360 2771 170 60 coribus
1483 2771 216 60 existentes
1653 2771 185 60 tractent
1792 2771 170 60 negotia
1915 2771 232 60 saecularia,
2101 2771 108 60 non
2147 2771 77 60 es-

1349 2810 110 66 set
1412 2810 250 66 rationabile,
1615 2810 125 66 quod
1694 2810 78 66 a
1725 2810 250 66 saecularibus
1929 2810 250 66 exactionibus
2116 2810 110 66 exiae

1341 2851 179 61 merentur

1393 2893 211 60 Conclusio
1555 2893 178 60 secunda
1684 2893 130 60 est,
1765 2893 130 60 quod
1846 2893 146 60 sacer
1944 2893 130 60 ordo
2025 2893 194 60 prohibet
2154 2893 65 60 ma

1348 2927 205 82 trimonium
1506 2927 268 82 contrahendum,
1726 2927 79 82 &
1758 2927 189 82 dirimit,
1899 2927 94 82 si
1946 2927 126 82 post
2025 2927 142 82 sacri
2104 2927 110 82 ordi-

1352 2979 113 53 nis
1416 2979 258 53 susceptionem
1626 2979 161 53 fuerit
1723 2979 193 53 contractum

1406 3007 133 69 Quia
1490 3007 167 69 nullus
1606 3007 167 69 potest
1723 3007 250 69 matrimonium
1923 3007 233 69 contrahere
2090 3007 133 69 contra

1344 3054 119 59 tale
1418 3054 178 59 statutum
1552 3054 208 59 ecclesiae,
1716 3054 119 59 quod
1790 3054 178 59 irritat,
1924 3054 178 59 quicquid
2058 3054 89 59 in
2087 3054 134 59 opposi-

1356 3086 106 59 tum
1417 3086 152 59 fuerit
1523 3086 213 59 attentatum
1690 3086 106 59 Sed
1751 3086 182 59 quilibet
1888 3086 182 59 existens
2025 3086 91 59 in
2070 3086 137 59 sacro
2146 3086 61 59 on

1355 3130 126 68 dine
1434 3130 126 68 tali
1513 3130 174 68 statuto
1639 3130 221 68 prohibetur
1813 3130 79 68 a
1844 3130 221 68 matrimonio
2002 3130 221 68 contrahendo:

1353 3166 128 66 ergo
1417 3166 160 66 &cetera.
