<?xml version="1.0" encoding="UTF-8"?>
<alto xmlns:xsi="http://www.w3.org/2001/XMLSchema-instance"
      xmlns="http://www.loc.gov/standards/alto/ns-v2#"
      xmlns:page="http://schema.primaresearch.org/PAGE/gts/pagecontent/2013-07-15"
      xsi:schemaLocation="http://www.loc.gov/standards/alto/ns-v2# http://www.loc.gov/standards/alto/alto.xsd">
   <Description>
      <MeasurementUnit>pixel</MeasurementUnit>
      <OCRProcessing ID="IdOcr">
         <ocrProcessingStep>
            <processingDateTime>2020-10-28T20:24:52.589-04:00</processingDateTime>
            <processingSoftware>
               <softwareCreator>READ COOP</softwareCreator>
               <softwareName>Transkribus</softwareName>
            </processingSoftware>
         </ocrProcessingStep>
      </OCRProcessing>
   </Description>
   <Tags/>
   <Layout>
      <Page ID="Page1" PHYSICAL_IMG_NR="1" HEIGHT="3534" WIDTH="2393">
         <TopMargin HEIGHT="0" WIDTH="2393" VPOS="0" HPOS="0"/>
         <LeftMargin HEIGHT="3534" WIDTH="0" VPOS="0" HPOS="0"/>
         <RightMargin HEIGHT="3534" WIDTH="0" VPOS="0" HPOS="2393"/>
         <BottomMargin HEIGHT="0" WIDTH="2393" VPOS="3534" HPOS="0"/>
         <PrintSpace HEIGHT="3534" WIDTH="2393" VPOS="0" HPOS="0">
            <TextBlock ID="r3" HEIGHT="2940" WIDTH="861" VPOS="253" HPOS="426">
               <Shape>
                  <Polygon POINTS="426,253 426,3193 1287,3193 1287,253"/>
               </Shape>
               <TextLine ID="r3l2"
                         BASELINE="369"
                         HEIGHT="66"
                         WIDTH="848"
                         VPOS="303"
                         HPOS="429">
                  <String HEIGHT="66"
                          WIDTH="149"
                          VPOS="303"
                          HPOS="414"
                          CONTENT="quitur"/>
                  <SP HEIGHT="66" WIDTH="15" VPOS="303" HPOS="563"/>
                  <String HEIGHT="66"
                          WIDTH="119"
                          VPOS="303"
                          HPOS="518"
                          CONTENT="illa"/>
                  <SP HEIGHT="66" WIDTH="15" VPOS="303" HPOS="637"/>
                  <String HEIGHT="66"
                          WIDTH="134"
                          VPOS="303"
                          HPOS="593"
                          CONTENT="pars,"/>
                  <SP HEIGHT="66" WIDTH="15" VPOS="303" HPOS="727"/>
                  <String HEIGHT="66"
                          WIDTH="134"
                          VPOS="303"
                          HPOS="682"
                          CONTENT="Alias"/>
                  <SP HEIGHT="66" WIDTH="15" VPOS="303" HPOS="816"/>
                  <String HEIGHT="66"
                          WIDTH="164"
                          VPOS="303"
                          HPOS="771"
                          CONTENT="quoque."/>
                  <SP HEIGHT="66" WIDTH="15" VPOS="303" HPOS="935"/>
                  <String HEIGHT="66" WIDTH="89" VPOS="303" HPOS="890" CONTENT="Et"/>
                  <SP HEIGHT="66" WIDTH="15" VPOS="303" HPOS="979"/>
                  <String HEIGHT="66"
                          WIDTH="193"
                          VPOS="303"
                          HPOS="935"
                          CONTENT="diuiditur"/>
                  <SP HEIGHT="66" WIDTH="15" VPOS="303" HPOS="1128"/>
                  <String HEIGHT="66" WIDTH="89" VPOS="303" HPOS="1084" CONTENT="in"/>
                  <SP HEIGHT="66" WIDTH="15" VPOS="303" HPOS="1173"/>
                  <String HEIGHT="66"
                          WIDTH="119"
                          VPOS="303"
                          HPOS="1128"
                          CONTENT="duas"/>
                  <SP HEIGHT="66" WIDTH="15" VPOS="303" HPOS="1247"/>
                  <String HEIGHT="66"
                          WIDTH="89"
                          VPOS="303"
                          HPOS="1188"
                          CONTENT="par"
                          SUBS_TYPE="HypPart1"
                          SUBS_CONTENT="partes:"/>
                  <HYP CONTENT="-"/>
               </TextLine>
               <TextLine ID="r3l3"
                         BASELINE="398"
                         HEIGHT="44"
                         WIDTH="859"
                         VPOS="354"
                         HPOS="421">
                  <String HEIGHT="44"
                          WIDTH="130"
                          VPOS="354"
                          HPOS="405"
                          CONTENT="tes:"
                          SUBS_TYPE="HypPart2"
                          SUBS_CONTENT="partes:"/>
                  <SP HEIGHT="44" WIDTH="16" VPOS="354" HPOS="534"/>
                  <String HEIGHT="44" WIDTH="113" VPOS="354" HPOS="486" CONTENT="nam"/>
                  <SP HEIGHT="44" WIDTH="16" VPOS="354" HPOS="599"/>
                  <String HEIGHT="44"
                          WIDTH="146"
                          VPOS="354"
                          HPOS="551"
                          CONTENT="primo"/>
                  <SP HEIGHT="44" WIDTH="16" VPOS="354" HPOS="697"/>
                  <String HEIGHT="44"
                          WIDTH="211"
                          VPOS="354"
                          HPOS="648"
                          CONTENT="ostendit,"/>
                  <SP HEIGHT="44" WIDTH="16" VPOS="354" HPOS="859"/>
                  <String HEIGHT="44"
                          WIDTH="178"
                          VPOS="354"
                          HPOS="810"
                          CONTENT="quomodo"/>
                  <SP HEIGHT="44" WIDTH="16" VPOS="354" HPOS="988"/>
                  <String HEIGHT="44"
                          WIDTH="130"
                          VPOS="354"
                          HPOS="940"
                          CONTENT="isti"/>
                  <SP HEIGHT="44" WIDTH="16" VPOS="354" HPOS="1069"/>
                  <String HEIGHT="44"
                          WIDTH="113"
                          VPOS="354"
                          HPOS="1021"
                          CONTENT="pro"/>
                  <SP HEIGHT="44" WIDTH="16" VPOS="354" HPOS="1134"/>
                  <String HEIGHT="44" WIDTH="97" VPOS="354" HPOS="1086" CONTENT="se"/>
                  <SP HEIGHT="44" WIDTH="16" VPOS="354" HPOS="1183"/>
                  <String HEIGHT="44"
                          WIDTH="162"
                          VPOS="354"
                          HPOS="1118"
                          CONTENT="adducunt"/>
               </TextLine>
               <TextLine ID="r3l4"
                         BASELINE="453"
                         HEIGHT="50"
                         WIDTH="848"
                         VPOS="403"
                         HPOS="425">
                  <String HEIGHT="50"
                          WIDTH="208"
                          VPOS="403"
                          HPOS="409"
                          CONTENT="sanctorum"/>
                  <SP HEIGHT="50" WIDTH="16" VPOS="403" HPOS="617"/>
                  <String HEIGHT="50"
                          WIDTH="272"
                          VPOS="403"
                          HPOS="569"
                          CONTENT="auctoritates,"/>
                  <SP HEIGHT="50" WIDTH="16" VPOS="403" HPOS="841"/>
                  <String HEIGHT="50" WIDTH="96" VPOS="403" HPOS="793" CONTENT="ac"/>
                  <SP HEIGHT="50" WIDTH="16" VPOS="403" HPOS="889"/>
                  <String HEIGHT="50"
                          WIDTH="144"
                          VPOS="403"
                          HPOS="841"
                          CONTENT="etiam"/>
                  <SP HEIGHT="50" WIDTH="16" VPOS="403" HPOS="985"/>
                  <String HEIGHT="50"
                          WIDTH="208"
                          VPOS="403"
                          HPOS="937"
                          CONTENT="rationem."/>
                  <SP HEIGHT="50" WIDTH="16" VPOS="403" HPOS="1145"/>
                  <String HEIGHT="50"
                          WIDTH="176"
                          VPOS="403"
                          HPOS="1097"
                          CONTENT="Secundo"/>
                  <SP HEIGHT="50" WIDTH="16" VPOS="403" HPOS="1273"/>
                  <String HEIGHT="50" WIDTH="64" VPOS="403" HPOS="1209" CONTENT="po"/>
               </TextLine>
               <TextLine ID="r3l5"
                         BASELINE="484"
                         HEIGHT="49"
                         WIDTH="839"
                         VPOS="435"
                         HPOS="441">
                  <String HEIGHT="49" WIDTH="111" VPOS="435" HPOS="425" CONTENT="nit"/>
                  <SP HEIGHT="49" WIDTH="16" VPOS="435" HPOS="536"/>
                  <String HEIGHT="49"
                          WIDTH="127"
                          VPOS="435"
                          HPOS="488"
                          CONTENT="suam"/>
                  <SP HEIGHT="49" WIDTH="16" VPOS="435" HPOS="615"/>
                  <String HEIGHT="49"
                          WIDTH="269"
                          VPOS="435"
                          HPOS="568"
                          CONTENT="responsionem,"/>
                  <SP HEIGHT="49" WIDTH="16" VPOS="435" HPOS="837"/>
                  <String HEIGHT="49"
                          WIDTH="127"
                          VPOS="435"
                          HPOS="789"
                          CONTENT="ibi,"/>
                  <SP HEIGHT="49" WIDTH="16" VPOS="435" HPOS="916"/>
                  <String HEIGHT="49" WIDTH="111" VPOS="435" HPOS="868" CONTENT="His"/>
                  <SP HEIGHT="49" WIDTH="16" VPOS="435" HPOS="979"/>
                  <String HEIGHT="49" WIDTH="95" VPOS="435" HPOS="932" CONTENT="re"/>
                  <SP HEIGHT="49" WIDTH="16" VPOS="435" HPOS="1027"/>
                  <String HEIGHT="49"
                          WIDTH="206"
                          VPOS="435"
                          HPOS="979"
                          CONTENT="spondemus"/>
                  <SP HEIGHT="49" WIDTH="16" VPOS="435" HPOS="1185"/>
                  <String HEIGHT="49"
                          WIDTH="158"
                          VPOS="435"
                          HPOS="1122"
                          CONTENT="Sequitur"/>
               </TextLine>
               <TextLine ID="r3l6"
                         BASELINE="526"
                         HEIGHT="46"
                         WIDTH="849"
                         VPOS="480"
                         HPOS="430">
                  <String HEIGHT="46"
                          WIDTH="121"
                          VPOS="480"
                          HPOS="415"
                          CONTENT="illa"/>
                  <SP HEIGHT="46" WIDTH="15" VPOS="480" HPOS="536"/>
                  <String HEIGHT="46"
                          WIDTH="136"
                          VPOS="480"
                          HPOS="491"
                          CONTENT="pars,"/>
                  <SP HEIGHT="46" WIDTH="15" VPOS="480" HPOS="627"/>
                  <String HEIGHT="46"
                          WIDTH="197"
                          VPOS="480"
                          HPOS="582"
                          CONTENT="Quibusdam"/>
                  <SP HEIGHT="46" WIDTH="15" VPOS="480" HPOS="779"/>
                  <String HEIGHT="46"
                          WIDTH="136"
                          VPOS="480"
                          HPOS="733"
                          CONTENT="tamen"/>
                  <SP HEIGHT="46" WIDTH="15" VPOS="480" HPOS="870"/>
                  <String HEIGHT="46"
                          WIDTH="182"
                          VPOS="480"
                          HPOS="824"
                          CONTENT="videtur."/>
                  <SP HEIGHT="46" WIDTH="15" VPOS="480" HPOS="1006"/>
                  <String HEIGHT="46" WIDTH="91" VPOS="480" HPOS="961" CONTENT="Et"/>
                  <SP HEIGHT="46" WIDTH="15" VPOS="480" HPOS="1052"/>
                  <String HEIGHT="46"
                          WIDTH="197"
                          VPOS="480"
                          HPOS="1006"
                          CONTENT="diuiditur"/>
                  <SP HEIGHT="46" WIDTH="15" VPOS="480" HPOS="1203"/>
                  <String HEIGHT="46" WIDTH="91" VPOS="480" HPOS="1158" CONTENT="in"/>
                  <SP HEIGHT="46" WIDTH="15" VPOS="480" HPOS="1249"/>
                  <String HEIGHT="46"
                          WIDTH="91"
                          VPOS="480"
                          HPOS="1188"
                          CONTENT="tres"/>
               </TextLine>
               <TextLine ID="r3l7"
                         BASELINE="572"
                         HEIGHT="47"
                         WIDTH="828"
                         VPOS="525"
                         HPOS="437">
                  <String HEIGHT="47"
                          WIDTH="143"
                          VPOS="525"
                          HPOS="423"
                          CONTENT="partes"/>
                  <SP HEIGHT="47" WIDTH="14" VPOS="525" HPOS="565"/>
                  <String HEIGHT="47"
                          WIDTH="114"
                          VPOS="525"
                          HPOS="523"
                          CONTENT="quia"/>
                  <SP HEIGHT="47" WIDTH="14" VPOS="525" HPOS="637"/>
                  <String HEIGHT="47"
                          WIDTH="143"
                          VPOS="525"
                          HPOS="594"
                          CONTENT="primo,"/>
                  <SP HEIGHT="47" WIDTH="14" VPOS="525" HPOS="737"/>
                  <String HEIGHT="47"
                          WIDTH="186"
                          VPOS="525"
                          HPOS="694"
                          CONTENT="ostendit,"/>
                  <SP HEIGHT="47" WIDTH="14" VPOS="525" HPOS="880"/>
                  <String HEIGHT="47"
                          WIDTH="114"
                          VPOS="525"
                          HPOS="837"
                          CONTENT="quod"/>
                  <SP HEIGHT="47" WIDTH="14" VPOS="525" HPOS="951"/>
                  <String HEIGHT="47"
                          WIDTH="214"
                          VPOS="525"
                          HPOS="908"
                          CONTENT="satisfactio"/>
                  <SP HEIGHT="47" WIDTH="14" VPOS="525" HPOS="1122"/>
                  <String HEIGHT="47"
                          WIDTH="128"
                          VPOS="525"
                          HPOS="1079"
                          CONTENT="facta"/>
                  <SP HEIGHT="47" WIDTH="14" VPOS="525" HPOS="1208"/>
                  <String HEIGHT="47" WIDTH="86" VPOS="525" HPOS="1165" CONTENT="in"/>
                  <SP HEIGHT="47" WIDTH="14" VPOS="525" HPOS="1251"/>
                  <String HEIGHT="47" WIDTH="71" VPOS="525" HPOS="1194" CONTENT="mor"/>
               </TextLine>
               <TextLine ID="r3l8"
                         BASELINE="601"
                         HEIGHT="40"
                         WIDTH="848"
                         VPOS="561"
                         HPOS="434">
                  <String HEIGHT="40"
                          WIDTH="133"
                          VPOS="561"
                          HPOS="417"
                          CONTENT="tali"/>
                  <SP HEIGHT="40" WIDTH="17" VPOS="561" HPOS="550"/>
                  <String HEIGHT="40"
                          WIDTH="200"
                          VPOS="561"
                          HPOS="501"
                          CONTENT="peccato,"/>
                  <SP HEIGHT="40" WIDTH="17" VPOS="561" HPOS="700"/>
                  <String HEIGHT="40"
                          WIDTH="183"
                          VPOS="561"
                          HPOS="650"
                          CONTENT="numquam"/>
                  <SP HEIGHT="40" WIDTH="17" VPOS="561" HPOS="833"/>
                  <String HEIGHT="40"
                          WIDTH="150"
                          VPOS="561"
                          HPOS="783"
                          CONTENT="valet"/>
                  <SP HEIGHT="40" WIDTH="17" VPOS="561" HPOS="933"/>
                  <String HEIGHT="40" WIDTH="100" VPOS="561" HPOS="883" CONTENT="ad"/>
                  <SP HEIGHT="40" WIDTH="17" VPOS="561" HPOS="983"/>
                  <String HEIGHT="40"
                          WIDTH="183"
                          VPOS="561"
                          HPOS="933"
                          CONTENT="meritum"/>
                  <SP HEIGHT="40" WIDTH="17" VPOS="561" HPOS="1116"/>
                  <String HEIGHT="40"
                          WIDTH="150"
                          VPOS="561"
                          HPOS="1066"
                          CONTENT="vitae"/>
                  <SP HEIGHT="40" WIDTH="17" VPOS="561" HPOS="1215"/>
                  <String HEIGHT="40"
                          WIDTH="133"
                          VPOS="561"
                          HPOS="1149"
                          CONTENT="Secun"
                          SUBS_TYPE="HypPart1"
                          SUBS_CONTENT="Secundo"/>
                  <HYP CONTENT="-"/>
               </TextLine>
               <TextLine ID="r3l9"
                         BASELINE="638"
                         HEIGHT="43"
                         WIDTH="837"
                         VPOS="595"
                         HPOS="441">
                  <String HEIGHT="43"
                          WIDTH="97"
                          VPOS="595"
                          HPOS="425"
                          CONTENT="do"
                          SUBS_TYPE="HypPart2"
                          SUBS_CONTENT="Secundo"/>
                  <SP HEIGHT="43" WIDTH="16" VPOS="595" HPOS="521"/>
                  <String HEIGHT="43"
                          WIDTH="177"
                          VPOS="595"
                          HPOS="473"
                          CONTENT="innuit,"/>
                  <SP HEIGHT="43" WIDTH="16" VPOS="595" HPOS="650"/>
                  <String HEIGHT="43"
                          WIDTH="129"
                          VPOS="595"
                          HPOS="602"
                          CONTENT="quod"/>
                  <SP HEIGHT="43" WIDTH="16" VPOS="595" HPOS="731"/>
                  <String HEIGHT="43"
                          WIDTH="161"
                          VPOS="595"
                          HPOS="682"
                          CONTENT="potest"/>
                  <SP HEIGHT="43" WIDTH="16" VPOS="595" HPOS="843"/>
                  <String HEIGHT="43"
                          WIDTH="161"
                          VPOS="595"
                          HPOS="795"
                          CONTENT="valere"/>
                  <SP HEIGHT="43" WIDTH="16" VPOS="595" HPOS="956"/>
                  <String HEIGHT="43" WIDTH="97" VPOS="595" HPOS="908" CONTENT="ad"/>
                  <SP HEIGHT="43" WIDTH="16" VPOS="595" HPOS="1004"/>
                  <String HEIGHT="43"
                          WIDTH="258"
                          VPOS="595"
                          HPOS="956"
                          CONTENT="diminutionem"/>
                  <SP HEIGHT="43" WIDTH="16" VPOS="595" HPOS="1214"/>
                  <String HEIGHT="43"
                          WIDTH="129"
                          VPOS="595"
                          HPOS="1149"
                          CONTENT="poenae"/>
               </TextLine>
               <TextLine ID="r3l10"
                         BASELINE="687"
                         HEIGHT="50"
                         WIDTH="839"
                         VPOS="637"
                         HPOS="443">
                  <String HEIGHT="50"
                          WIDTH="161"
                          VPOS="637"
                          HPOS="427"
                          CONTENT="Tertio"/>
                  <SP HEIGHT="50" WIDTH="16" VPOS="637" HPOS="588"/>
                  <String HEIGHT="50"
                          WIDTH="177"
                          VPOS="637"
                          HPOS="540"
                          CONTENT="probat,"/>
                  <SP HEIGHT="50" WIDTH="16" VPOS="637" HPOS="717"/>
                  <String HEIGHT="50" WIDTH="81" VPOS="637" HPOS="669" CONTENT="&amp;"/>
                  <SP HEIGHT="50" WIDTH="16" VPOS="637" HPOS="750"/>
                  <String HEIGHT="50"
                          WIDTH="194"
                          VPOS="637"
                          HPOS="701"
                          CONTENT="declarat"/>
                  <SP HEIGHT="50" WIDTH="16" VPOS="637" HPOS="895"/>
                  <String HEIGHT="50"
                          WIDTH="194"
                          VPOS="637"
                          HPOS="846"
                          CONTENT="vtrumque"/>
                  <SP HEIGHT="50" WIDTH="16" VPOS="637" HPOS="1040"/>
                  <String HEIGHT="50"
                          WIDTH="194"
                          VPOS="637"
                          HPOS="992"
                          CONTENT="Secunda,"/>
                  <SP HEIGHT="50" WIDTH="16" VPOS="637" HPOS="1185"/>
                  <String HEIGHT="50"
                          WIDTH="129"
                          VPOS="637"
                          HPOS="1137"
                          CONTENT="ibi."/>
                  <SP HEIGHT="50" WIDTH="16" VPOS="637" HPOS="1266"/>
                  <String HEIGHT="50"
                          WIDTH="81"
                          VPOS="637"
                          HPOS="1201"
                          CONTENT="Po"
                          SUBS_TYPE="HypPart1"
                          SUBS_CONTENT="Potest"/>
                  <HYP CONTENT="-"/>
               </TextLine>
               <TextLine ID="r3l11"
                         BASELINE="718"
                         HEIGHT="40"
                         WIDTH="857"
                         VPOS="678"
                         HPOS="429">
                  <String HEIGHT="40"
                          WIDTH="122"
                          VPOS="678"
                          HPOS="414"
                          CONTENT="test"
                          SUBS_TYPE="HypPart2"
                          SUBS_CONTENT="Potest"/>
                  <SP HEIGHT="40" WIDTH="15" VPOS="678" HPOS="536"/>
                  <String HEIGHT="40"
                          WIDTH="138"
                          VPOS="678"
                          HPOS="490"
                          CONTENT="etiam"/>
                  <SP HEIGHT="40" WIDTH="15" VPOS="678" HPOS="628"/>
                  <String HEIGHT="40"
                          WIDTH="168"
                          VPOS="678"
                          HPOS="582"
                          CONTENT="accipi."/>
                  <SP HEIGHT="40" WIDTH="15" VPOS="678" HPOS="750"/>
                  <String HEIGHT="40"
                          WIDTH="168"
                          VPOS="678"
                          HPOS="704"
                          CONTENT="Tertia,"/>
                  <SP HEIGHT="40" WIDTH="15" VPOS="678" HPOS="873"/>
                  <String HEIGHT="40"
                          WIDTH="122"
                          VPOS="678"
                          HPOS="827"
                          CONTENT="ibi,"/>
                  <SP HEIGHT="40" WIDTH="15" VPOS="678" HPOS="949"/>
                  <String HEIGHT="40" WIDTH="92" VPOS="678" HPOS="903" CONTENT="Ex"/>
                  <SP HEIGHT="40" WIDTH="15" VPOS="678" HPOS="995"/>
                  <String HEIGHT="40" WIDTH="107" VPOS="678" HPOS="949" CONTENT="his"/>
                  <SP HEIGHT="40" WIDTH="15" VPOS="678" HPOS="1056"/>
                  <String HEIGHT="40"
                          WIDTH="230"
                          VPOS="678"
                          HPOS="1011"
                          CONTENT="ostenditur."/>
                  <SP HEIGHT="40" WIDTH="15" VPOS="678" HPOS="1240"/>
                  <String HEIGHT="40"
                          WIDTH="107"
                          VPOS="678"
                          HPOS="1179"
                          CONTENT="Prima"/>
               </TextLine>
               <TextLine ID="r3l12"
                         BASELINE="769"
                         HEIGHT="52"
                         WIDTH="848"
                         VPOS="717"
                         HPOS="438">
                  <String HEIGHT="52" WIDTH="93" VPOS="717" HPOS="423" CONTENT="in"/>
                  <SP HEIGHT="52" WIDTH="15" VPOS="717" HPOS="515"/>
                  <String HEIGHT="52"
                          WIDTH="139"
                          VPOS="717"
                          HPOS="469"
                          CONTENT="duas:"/>
                  <SP HEIGHT="52" WIDTH="15" VPOS="717" HPOS="608"/>
                  <String HEIGHT="52" WIDTH="108" VPOS="717" HPOS="561" CONTENT="nam"/>
                  <SP HEIGHT="52" WIDTH="15" VPOS="717" HPOS="669"/>
                  <String HEIGHT="52"
                          WIDTH="139"
                          VPOS="717"
                          HPOS="623"
                          CONTENT="primo"/>
                  <SP HEIGHT="52" WIDTH="15" VPOS="717" HPOS="762"/>
                  <String HEIGHT="52"
                          WIDTH="216"
                          VPOS="717"
                          HPOS="716"
                          CONTENT="praemittit"/>
                  <SP HEIGHT="52" WIDTH="15" VPOS="717" HPOS="931"/>
                  <String HEIGHT="52"
                          WIDTH="154"
                          VPOS="717"
                          HPOS="885"
                          CONTENT="salsam"/>
                  <SP HEIGHT="52" WIDTH="15" VPOS="717" HPOS="1039"/>
                  <String HEIGHT="52"
                          WIDTH="216"
                          VPOS="717"
                          HPOS="993"
                          CONTENT="opinionem,"/>
                  <SP HEIGHT="52" WIDTH="15" VPOS="717" HPOS="1209"/>
                  <String HEIGHT="52" WIDTH="93" VPOS="717" HPOS="1163" CONTENT="ac"/>
                  <SP HEIGHT="52" WIDTH="15" VPOS="717" HPOS="1255"/>
                  <String HEIGHT="52"
                          WIDTH="93"
                          VPOS="717"
                          HPOS="1193"
                          CONTENT="eius"/>
               </TextLine>
               <TextLine ID="r3l13"
                         BASELINE="808"
                         HEIGHT="44"
                         WIDTH="838"
                         VPOS="764"
                         HPOS="438">
                  <String HEIGHT="44"
                          WIDTH="253"
                          VPOS="764"
                          HPOS="422"
                          CONTENT="probationem."/>
                  <SP HEIGHT="44" WIDTH="16" VPOS="764" HPOS="675"/>
                  <String HEIGHT="44"
                          WIDTH="174"
                          VPOS="764"
                          HPOS="628"
                          CONTENT="Secundo"/>
                  <SP HEIGHT="44" WIDTH="16" VPOS="764" HPOS="802"/>
                  <String HEIGHT="44"
                          WIDTH="206"
                          VPOS="764"
                          HPOS="754"
                          CONTENT="submittit"/>
                  <SP HEIGHT="44" WIDTH="16" VPOS="764" HPOS="960"/>
                  <String HEIGHT="44"
                          WIDTH="206"
                          VPOS="764"
                          HPOS="912"
                          CONTENT="veritatis"/>
                  <SP HEIGHT="44" WIDTH="16" VPOS="764" HPOS="1118"/>
                  <String HEIGHT="44"
                          WIDTH="221"
                          VPOS="764"
                          HPOS="1055"
                          CONTENT="declarationi"/>
               </TextLine>
               <TextLine ID="r3l14"
                         BASELINE="856"
                         HEIGHT="65"
                         WIDTH="686"
                         VPOS="791"
                         HPOS="434">
                  <String HEIGHT="65"
                          WIDTH="114"
                          VPOS="791"
                          HPOS="420"
                          CONTENT="ibi,"/>
                  <SP HEIGHT="65" WIDTH="14" VPOS="791" HPOS="534"/>
                  <String HEIGHT="65" WIDTH="100" VPOS="791" HPOS="491" CONTENT="Sed"/>
                  <SP HEIGHT="65" WIDTH="14" VPOS="791" HPOS="591"/>
                  <String HEIGHT="65"
                          WIDTH="114"
                          VPOS="791"
                          HPOS="548"
                          CONTENT="haec"/>
                  <SP HEIGHT="65" WIDTH="14" VPOS="791" HPOS="663"/>
                  <String HEIGHT="65"
                          WIDTH="143"
                          VPOS="791"
                          HPOS="620"
                          CONTENT="dicta."/>
                  <SP HEIGHT="65" WIDTH="14" VPOS="791" HPOS="763"/>
                  <String HEIGHT="65"
                          WIDTH="129"
                          VPOS="791"
                          HPOS="720"
                          CONTENT="Circa"/>
                  <SP HEIGHT="65" WIDTH="14" VPOS="791" HPOS="848"/>
                  <String HEIGHT="65"
                          WIDTH="129"
                          VPOS="791"
                          HPOS="806"
                          CONTENT="istam"/>
                  <SP HEIGHT="65" WIDTH="14" VPOS="791" HPOS="934"/>
                  <String HEIGHT="65" WIDTH="71" VPOS="791" HPOS="891" CONTENT="d"/>
                  <SP HEIGHT="65" WIDTH="14" VPOS="791" HPOS="963"/>
                  <String HEIGHT="65"
                          WIDTH="129"
                          VPOS="791"
                          HPOS="920"
                          CONTENT="istin"/>
                  <SP HEIGHT="65" WIDTH="14" VPOS="791" HPOS="1049"/>
                  <String HEIGHT="65"
                          WIDTH="129"
                          VPOS="791"
                          HPOS="991"
                          CONTENT="quaero."/>
               </TextLine>
               <TextLine ID="line_1603673454791_606"
                         BASELINE="949"
                         HEIGHT="77"
                         WIDTH="260"
                         VPOS="872"
                         HPOS="744">
                  <String HEIGHT="77"
                          WIDTH="286"
                          VPOS="872"
                          HPOS="718"
                          CONTENT="Quastio"/>
                  <SP HEIGHT="77" WIDTH="26" VPOS="872" HPOS="1004"/>
                  <String HEIGHT="77" WIDTH="104" VPOS="872" HPOS="900" CONTENT="1."/>
               </TextLine>
               <TextLine ID="r3l17"
                         BASELINE="1039"
                         HEIGHT="88"
                         WIDTH="659"
                         VPOS="951"
                         HPOS="528">
                  <String HEIGHT="88" WIDTH="104" VPOS="951" HPOS="511" CONTENT="An"/>
                  <SP HEIGHT="88" WIDTH="17" VPOS="951" HPOS="615"/>
                  <String HEIGHT="88"
                          WIDTH="139"
                          VPOS="951"
                          HPOS="563"
                          CONTENT="homo"/>
                  <SP HEIGHT="88" WIDTH="17" VPOS="951" HPOS="701"/>
                  <String HEIGHT="88"
                          WIDTH="139"
                          VPOS="951"
                          HPOS="649"
                          CONTENT="sine"/>
                  <SP HEIGHT="88" WIDTH="17" VPOS="951" HPOS="788"/>
                  <String HEIGHT="88"
                          WIDTH="208"
                          VPOS="951"
                          HPOS="736"
                          CONTENT="caritate"/>
                  <SP HEIGHT="88" WIDTH="17" VPOS="951" HPOS="944"/>
                  <String HEIGHT="88" WIDTH="121" VPOS="951" HPOS="892" CONTENT="pro"/>
                  <SP HEIGHT="88" WIDTH="17" VPOS="951" HPOS="1014"/>
                  <String HEIGHT="88"
                          WIDTH="191"
                          VPOS="951"
                          HPOS="962"
                          CONTENT="mortali"/>
                  <SP HEIGHT="88" WIDTH="17" VPOS="951" HPOS="1152"/>
                  <String HEIGHT="88"
                          WIDTH="104"
                          VPOS="951"
                          HPOS="1083"
                          CONTENT="cri"
                          SUBS_TYPE="HypPart1"
                          SUBS_CONTENT="crimine"/>
                  <HYP CONTENT="-"/>
               </TextLine>
               <TextLine ID="r3l18"
                         BASELINE="1076"
                         HEIGHT="66"
                         WIDTH="494"
                         VPOS="1010"
                         HPOS="625">
                  <String HEIGHT="66"
                          WIDTH="146"
                          VPOS="1010"
                          HPOS="607"
                          CONTENT="mine"
                          SUBS_TYPE="HypPart2"
                          SUBS_CONTENT="crimine"/>
                  <SP HEIGHT="66" WIDTH="18" VPOS="1010" HPOS="753"/>
                  <String HEIGHT="66"
                          WIDTH="128"
                          VPOS="1010"
                          HPOS="698"
                          CONTENT="Deo"/>
                  <SP HEIGHT="66" WIDTH="18" VPOS="1010" HPOS="826"/>
                  <String HEIGHT="66"
                          WIDTH="274"
                          VPOS="1010"
                          HPOS="771"
                          CONTENT="satisfacere"/>
                  <SP HEIGHT="66" WIDTH="18" VPOS="1010" HPOS="1046"/>
                  <String HEIGHT="66"
                          WIDTH="146"
                          VPOS="1010"
                          HPOS="973"
                          CONTENT="possit"/>
               </TextLine>
               <TextLine ID="r3l23"
                         BASELINE="1349"
                         HEIGHT="51"
                         WIDTH="797"
                         VPOS="1298"
                         HPOS="489">
                  <String HEIGHT="51"
                          WIDTH="156"
                          VPOS="1298"
                          HPOS="472"
                          CONTENT="TTRVM"/>
                  <SP HEIGHT="51" WIDTH="17" VPOS="1298" HPOS="628"/>
                  <String HEIGHT="51"
                          WIDTH="139"
                          VPOS="1298"
                          HPOS="576"
                          CONTENT="homo"/>
                  <SP HEIGHT="51" WIDTH="17" VPOS="1298" HPOS="714"/>
                  <String HEIGHT="51"
                          WIDTH="173"
                          VPOS="1298"
                          HPOS="662"
                          CONTENT="catens"/>
                  <SP HEIGHT="51" WIDTH="17" VPOS="1298" HPOS="836"/>
                  <String HEIGHT="51"
                          WIDTH="225"
                          VPOS="1298"
                          HPOS="784"
                          CONTENT="caritate,"/>
                  <SP HEIGHT="51" WIDTH="17" VPOS="1298" HPOS="1009"/>
                  <String HEIGHT="51"
                          WIDTH="173"
                          VPOS="1298"
                          HPOS="957"
                          CONTENT="possit"/>
                  <SP HEIGHT="51" WIDTH="17" VPOS="1298" HPOS="1130"/>
                  <String HEIGHT="51"
                          WIDTH="225"
                          VPOS="1298"
                          HPOS="1061"
                          CONTENT="satisfacere"/>
               </TextLine>
               <TextLine ID="r3l25"
                         BASELINE="1390"
                         HEIGHT="52"
                         WIDTH="771"
                         VPOS="1338"
                         HPOS="512">
                  <String HEIGHT="52"
                          WIDTH="112"
                          VPOS="1338"
                          HPOS="496"
                          CONTENT="Deo"/>
                  <SP HEIGHT="52" WIDTH="16" VPOS="1338" HPOS="608"/>
                  <String HEIGHT="52" WIDTH="96" VPOS="1338" HPOS="560" CONTENT="de"/>
                  <SP HEIGHT="52" WIDTH="16" VPOS="1338" HPOS="657"/>
                  <String HEIGHT="52"
                          WIDTH="161"
                          VPOS="1338"
                          HPOS="608"
                          CONTENT="aliquo"/>
                  <SP HEIGHT="52" WIDTH="16" VPOS="1338" HPOS="769"/>
                  <String HEIGHT="52"
                          WIDTH="177"
                          VPOS="1338"
                          HPOS="721"
                          CONTENT="mortali"/>
                  <SP HEIGHT="52" WIDTH="16" VPOS="1338" HPOS="898"/>
                  <String HEIGHT="52"
                          WIDTH="193"
                          VPOS="1338"
                          HPOS="849"
                          CONTENT="peccato."/>
                  <SP HEIGHT="52" WIDTH="16" VPOS="1338" HPOS="1042"/>
                  <String HEIGHT="52"
                          WIDTH="193"
                          VPOS="1338"
                          HPOS="994"
                          CONTENT="Videtur,"/>
                  <SP HEIGHT="52" WIDTH="16" VPOS="1338" HPOS="1187"/>
                  <String HEIGHT="52"
                          WIDTH="129"
                          VPOS="1338"
                          HPOS="1138"
                          CONTENT="quod"/>
                  <SP HEIGHT="52" WIDTH="16" VPOS="1338" HPOS="1267"/>
                  <String HEIGHT="52"
                          WIDTH="80"
                          VPOS="1338"
                          HPOS="1203"
                          CONTENT="sic"/>
               </TextLine>
               <TextLine ID="r3l26"
                         BASELINE="1424"
                         HEIGHT="48"
                         WIDTH="845"
                         VPOS="1376"
                         HPOS="444">
                  <String HEIGHT="48"
                          WIDTH="130"
                          VPOS="1376"
                          HPOS="428"
                          CONTENT="Quia"/>
                  <SP HEIGHT="48" WIDTH="16" VPOS="1376" HPOS="558"/>
                  <String HEIGHT="48"
                          WIDTH="114"
                          VPOS="1376"
                          HPOS="509"
                          CONTENT="non"/>
                  <SP HEIGHT="48" WIDTH="16" VPOS="1376" HPOS="623"/>
                  <String HEIGHT="48"
                          WIDTH="146"
                          VPOS="1376"
                          HPOS="574"
                          CONTENT="minus"/>
                  <SP HEIGHT="48" WIDTH="16" VPOS="1376" HPOS="720"/>
                  <String HEIGHT="48"
                          WIDTH="114"
                          VPOS="1376"
                          HPOS="672"
                          CONTENT="est"/>
                  <SP HEIGHT="48" WIDTH="16" VPOS="1376" HPOS="785"/>
                  <String HEIGHT="48"
                          WIDTH="130"
                          VPOS="1376"
                          HPOS="737"
                          CONTENT="Deus"/>
                  <SP HEIGHT="48" WIDTH="16" VPOS="1376" HPOS="867"/>
                  <String HEIGHT="48"
                          WIDTH="228"
                          VPOS="1376"
                          HPOS="818"
                          CONTENT="misericors"/>
                  <SP HEIGHT="48" WIDTH="16" VPOS="1376" HPOS="1045"/>
                  <String HEIGHT="48" WIDTH="98" VPOS="1376" HPOS="997" CONTENT="in"/>
                  <SP HEIGHT="48" WIDTH="16" VPOS="1376" HPOS="1094"/>
                  <String HEIGHT="48"
                          WIDTH="228"
                          VPOS="1376"
                          HPOS="1045"
                          CONTENT="acceptando"/>
                  <SP HEIGHT="48" WIDTH="16" VPOS="1376" HPOS="1273"/>
                  <String HEIGHT="48"
                          WIDTH="81"
                          VPOS="1376"
                          HPOS="1208"
                          CONTENT="sa"
                          SUBS_TYPE="HypPart1"
                          SUBS_CONTENT="satisfactionem"/>
                  <HYP CONTENT="-"/>
               </TextLine>
               <TextLine ID="r3l27"
                         BASELINE="1464"
                         HEIGHT="41"
                         WIDTH="846"
                         VPOS="1423"
                         HPOS="440">
                  <String HEIGHT="41"
                          WIDTH="260"
                          VPOS="1423"
                          HPOS="424"
                          CONTENT="tisfactionem"
                          SUBS_TYPE="HypPart2"
                          SUBS_CONTENT="satisfactionem"/>
                  <SP HEIGHT="41" WIDTH="16" VPOS="1423" HPOS="684"/>
                  <String HEIGHT="41"
                          WIDTH="130"
                          VPOS="1423"
                          HPOS="635"
                          CONTENT="sibi"/>
                  <SP HEIGHT="41" WIDTH="16" VPOS="1423" HPOS="765"/>
                  <String HEIGHT="41"
                          WIDTH="179"
                          VPOS="1423"
                          HPOS="717"
                          CONTENT="factam,"/>
                  <SP HEIGHT="41" WIDTH="16" VPOS="1423" HPOS="896"/>
                  <String HEIGHT="41"
                          WIDTH="130"
                          VPOS="1423"
                          HPOS="847"
                          CONTENT="quam"/>
                  <SP HEIGHT="41" WIDTH="16" VPOS="1423" HPOS="977"/>
                  <String HEIGHT="41"
                          WIDTH="146"
                          VPOS="1423"
                          HPOS="928"
                          CONTENT="homo:"/>
                  <SP HEIGHT="41" WIDTH="16" VPOS="1423" HPOS="1075"/>
                  <String HEIGHT="41"
                          WIDTH="114"
                          VPOS="1423"
                          HPOS="1026"
                          CONTENT="sed"/>
                  <SP HEIGHT="41" WIDTH="16" VPOS="1423" HPOS="1140"/>
                  <String HEIGHT="41"
                          WIDTH="130"
                          VPOS="1423"
                          HPOS="1091"
                          CONTENT="homo"/>
                  <SP HEIGHT="41" WIDTH="16" VPOS="1423" HPOS="1221"/>
                  <String HEIGHT="41"
                          WIDTH="130"
                          VPOS="1423"
                          HPOS="1156"
                          CONTENT="quando"/>
               </TextLine>
               <TextLine ID="r3l28"
                         BASELINE="1510"
                         HEIGHT="46"
                         WIDTH="839"
                         VPOS="1464"
                         HPOS="447">
                  <String HEIGHT="46"
                          WIDTH="109"
                          VPOS="1464"
                          HPOS="431"
                          CONTENT="que"/>
                  <SP HEIGHT="46" WIDTH="16" VPOS="1464" HPOS="540"/>
                  <String HEIGHT="46"
                          WIDTH="186"
                          VPOS="1464"
                          HPOS="494"
                          CONTENT="acceptat"/>
                  <SP HEIGHT="46" WIDTH="16" VPOS="1464" HPOS="680"/>
                  <String HEIGHT="46"
                          WIDTH="218"
                          VPOS="1464"
                          HPOS="633"
                          CONTENT="solutionem"/>
                  <SP HEIGHT="46" WIDTH="16" VPOS="1464" HPOS="851"/>
                  <String HEIGHT="46"
                          WIDTH="124"
                          VPOS="1464"
                          HPOS="804"
                          CONTENT="sibi"/>
                  <SP HEIGHT="46" WIDTH="16" VPOS="1464" HPOS="929"/>
                  <String HEIGHT="46"
                          WIDTH="155"
                          VPOS="1464"
                          HPOS="882"
                          CONTENT="factam"/>
                  <SP HEIGHT="46" WIDTH="16" VPOS="1464" HPOS="1037"/>
                  <String HEIGHT="46" WIDTH="93" VPOS="1464" HPOS="991" CONTENT="de"/>
                  <SP HEIGHT="46" WIDTH="16" VPOS="1464" HPOS="1084"/>
                  <String HEIGHT="46"
                          WIDTH="171"
                          VPOS="1464"
                          HPOS="1037"
                          CONTENT="dimidio"/>
                  <SP HEIGHT="46" WIDTH="16" VPOS="1464" HPOS="1208"/>
                  <String HEIGHT="46"
                          WIDTH="140"
                          VPOS="1464"
                          HPOS="1146"
                          CONTENT="debito."/>
               </TextLine>
               <TextLine ID="r3l29"
                         BASELINE="1556"
                         HEIGHT="58"
                         WIDTH="394"
                         VPOS="1498"
                         HPOS="440">
                  <String HEIGHT="58"
                          WIDTH="131"
                          VPOS="1498"
                          HPOS="424"
                          CONTENT="ergo"/>
                  <SP HEIGHT="58" WIDTH="16" VPOS="1498" HPOS="555"/>
                  <String HEIGHT="58"
                          WIDTH="131"
                          VPOS="1498"
                          HPOS="506"
                          CONTENT="Deus"/>
                  <SP HEIGHT="58" WIDTH="16" VPOS="1498" HPOS="637"/>
                  <String HEIGHT="58"
                          WIDTH="230"
                          VPOS="1498"
                          HPOS="588"
                          CONTENT="acceptabit"/>
                  <SP HEIGHT="58" WIDTH="16" VPOS="1498" HPOS="818"/>
                  <String HEIGHT="58" WIDTH="82" VPOS="1498" HPOS="752" CONTENT="&amp;c."/>
               </TextLine>
               <TextLine ID="r3l30"
                         BASELINE="1589"
                         HEIGHT="51"
                         WIDTH="812"
                         VPOS="1538"
                         HPOS="471">
                  <String HEIGHT="51"
                          WIDTH="166"
                          VPOS="1538"
                          HPOS="454"
                          CONTENT="Contra"/>
                  <SP HEIGHT="51" WIDTH="17" VPOS="1538" HPOS="620"/>
                  <String HEIGHT="51"
                          WIDTH="232"
                          VPOS="1538"
                          HPOS="570"
                          CONTENT="eleemosvna"/>
                  <SP HEIGHT="51" WIDTH="17" VPOS="1538" HPOS="802"/>
                  <String HEIGHT="51"
                          WIDTH="149"
                          VPOS="1538"
                          HPOS="753"
                          CONTENT="facta"/>
                  <SP HEIGHT="51" WIDTH="17" VPOS="1538" HPOS="902"/>
                  <String HEIGHT="51"
                          WIDTH="149"
                          VPOS="1538"
                          HPOS="852"
                          CONTENT="extra"/>
                  <SP HEIGHT="51" WIDTH="17" VPOS="1538" HPOS="1001"/>
                  <String HEIGHT="51"
                          WIDTH="215"
                          VPOS="1538"
                          HPOS="952"
                          CONTENT="caritatem"/>
                  <SP HEIGHT="51" WIDTH="17" VPOS="1538" HPOS="1167"/>
                  <String HEIGHT="51"
                          WIDTH="116"
                          VPOS="1538"
                          HPOS="1117"
                          CONTENT="non"/>
                  <SP HEIGHT="51" WIDTH="17" VPOS="1538" HPOS="1233"/>
                  <String HEIGHT="51"
                          WIDTH="116"
                          VPOS="1538"
                          HPOS="1167"
                          CONTENT="valet"/>
               </TextLine>
               <TextLine ID="r3l31"
                         BASELINE="1625"
                         HEIGHT="37"
                         WIDTH="846"
                         VPOS="1588"
                         HPOS="434">
                  <String HEIGHT="37"
                          WIDTH="121"
                          VPOS="1588"
                          HPOS="419"
                          CONTENT="ergo"/>
                  <SP HEIGHT="37" WIDTH="15" VPOS="1588" HPOS="540"/>
                  <String HEIGHT="37"
                          WIDTH="106"
                          VPOS="1588"
                          HPOS="494"
                          CONTENT="nec"/>
                  <SP HEIGHT="37" WIDTH="15" VPOS="1588" HPOS="600"/>
                  <String HEIGHT="37"
                          WIDTH="121"
                          VPOS="1588"
                          HPOS="555"
                          CONTENT="alia"/>
                  <SP HEIGHT="37" WIDTH="15" VPOS="1588" HPOS="676"/>
                  <String HEIGHT="37"
                          WIDTH="136"
                          VPOS="1588"
                          HPOS="630"
                          CONTENT="opera"/>
                  <SP HEIGHT="37" WIDTH="15" VPOS="1588" HPOS="766"/>
                  <String HEIGHT="37"
                          WIDTH="272"
                          VPOS="1588"
                          HPOS="721"
                          CONTENT="satisfactionis"/>
                  <SP HEIGHT="37" WIDTH="15" VPOS="1588" HPOS="993"/>
                  <String HEIGHT="37"
                          WIDTH="151"
                          VPOS="1588"
                          HPOS="948"
                          CONTENT="valere"/>
                  <SP HEIGHT="37" WIDTH="15" VPOS="1588" HPOS="1099"/>
                  <String HEIGHT="37"
                          WIDTH="181"
                          VPOS="1588"
                          HPOS="1053"
                          CONTENT="possunt."/>
                  <SP HEIGHT="37" WIDTH="15" VPOS="1588" HPOS="1235"/>
                  <String HEIGHT="37"
                          WIDTH="106"
                          VPOS="1588"
                          HPOS="1174"
                          CONTENT="Ante"
                          SUBS_TYPE="HypPart1"
                          SUBS_CONTENT="Antecedens"/>
                  <HYP CONTENT="-"/>
               </TextLine>
               <TextLine ID="r3l32"
                         BASELINE="1667"
                         HEIGHT="55"
                         WIDTH="841"
                         VPOS="1612"
                         HPOS="440">
                  <String HEIGHT="55"
                          WIDTH="143"
                          VPOS="1612"
                          HPOS="426"
                          CONTENT="cedens"
                          SUBS_TYPE="HypPart2"
                          SUBS_CONTENT="Antecedens"/>
                  <SP HEIGHT="55" WIDTH="14" VPOS="1612" HPOS="568"/>
                  <String HEIGHT="55"
                          WIDTH="128"
                          VPOS="1612"
                          HPOS="526"
                          CONTENT="patet"/>
                  <SP HEIGHT="55" WIDTH="14" VPOS="1612" HPOS="654"/>
                  <String HEIGHT="55" WIDTH="86" VPOS="1612" HPOS="611" CONTENT="ex"/>
                  <SP HEIGHT="55" WIDTH="14" VPOS="1612" HPOS="697"/>
                  <String HEIGHT="55"
                          WIDTH="143"
                          VPOS="1612"
                          HPOS="654"
                          CONTENT="dictis"/>
                  <SP HEIGHT="55" WIDTH="14" VPOS="1612" HPOS="796"/>
                  <String HEIGHT="55"
                          WIDTH="185"
                          VPOS="1612"
                          HPOS="754"
                          CONTENT="Apostoli."/>
                  <SP HEIGHT="55" WIDTH="14" VPOS="1612" HPOS="939"/>
                  <String HEIGHT="55" WIDTH="86" VPOS="1612" HPOS="896" CONTENT="1."/>
                  <SP HEIGHT="55" WIDTH="14" VPOS="1612" HPOS="982"/>
                  <String HEIGHT="55"
                          WIDTH="100"
                          VPOS="1612"
                          HPOS="939"
                          CONTENT="Cor"/>
                  <SP HEIGHT="55" WIDTH="14" VPOS="1612" HPOS="1039"/>
                  <String HEIGHT="55"
                          WIDTH="100"
                          VPOS="1612"
                          HPOS="996"
                          CONTENT="vbi"/>
                  <SP HEIGHT="55" WIDTH="14" VPOS="1612" HPOS="1096"/>
                  <String HEIGHT="55"
                          WIDTH="114"
                          VPOS="1612"
                          HPOS="1053"
                          CONTENT="ait,"/>
                  <SP HEIGHT="55" WIDTH="14" VPOS="1612" HPOS="1167"/>
                  <String HEIGHT="55" WIDTH="86" VPOS="1612" HPOS="1124" CONTENT="Si"/>
                  <SP HEIGHT="55" WIDTH="14" VPOS="1612" HPOS="1210"/>
                  <String HEIGHT="55"
                          WIDTH="128"
                          VPOS="1612"
                          HPOS="1153"
                          CONTENT="distri"
                          SUBS_TYPE="HypPart1"
                          SUBS_CONTENT="distribuero"/>
                  <HYP CONTENT="-"/>
               </TextLine>
               <TextLine ID="r3l33"
                         BASELINE="1700"
                         HEIGHT="45"
                         WIDTH="844"
                         VPOS="1655"
                         HPOS="436">
                  <String HEIGHT="45"
                          WIDTH="152"
                          VPOS="1655"
                          HPOS="419"
                          CONTENT="buero"
                          SUBS_TYPE="HypPart2"
                          SUBS_CONTENT="distribuero"/>
                  <SP HEIGHT="45" WIDTH="17" VPOS="1655" HPOS="571"/>
                  <String HEIGHT="45" WIDTH="101" VPOS="1655" HPOS="520" CONTENT="in"/>
                  <SP HEIGHT="45" WIDTH="17" VPOS="1655" HPOS="622"/>
                  <String HEIGHT="45"
                          WIDTH="152"
                          VPOS="1655"
                          HPOS="571"
                          CONTENT="cibos"/>
                  <SP HEIGHT="45" WIDTH="17" VPOS="1655" HPOS="723"/>
                  <String HEIGHT="45"
                          WIDTH="203"
                          VPOS="1655"
                          HPOS="672"
                          CONTENT="pauperum"/>
                  <SP HEIGHT="45" WIDTH="17" VPOS="1655" HPOS="875"/>
                  <String HEIGHT="45"
                          WIDTH="152"
                          VPOS="1655"
                          HPOS="824"
                          CONTENT="omnes"/>
                  <SP HEIGHT="45" WIDTH="17" VPOS="1655" HPOS="976"/>
                  <String HEIGHT="45"
                          WIDTH="236"
                          VPOS="1655"
                          HPOS="926"
                          CONTENT="facultates"/>
                  <SP HEIGHT="45" WIDTH="17" VPOS="1655" HPOS="1162"/>
                  <String HEIGHT="45"
                          WIDTH="152"
                          VPOS="1655"
                          HPOS="1111"
                          CONTENT="meas,"/>
                  <SP HEIGHT="45" WIDTH="17" VPOS="1655" HPOS="1263"/>
                  <String HEIGHT="45" WIDTH="84" VPOS="1655" HPOS="1212" CONTENT="&amp;"/>
                  <SP HEIGHT="45" WIDTH="17" VPOS="1655" HPOS="1297"/>
                  <String HEIGHT="45" WIDTH="51" VPOS="1655" HPOS="1229" CONTENT="s"/>
               </TextLine>
               <TextLine ID="r3l34"
                         BASELINE="1741"
                         HEIGHT="46"
                         WIDTH="854"
                         VPOS="1695"
                         HPOS="429">
                  <String HEIGHT="46"
                          WIDTH="218"
                          VPOS="1695"
                          HPOS="412"
                          CONTENT="tradidero"/>
                  <SP HEIGHT="46" WIDTH="17" VPOS="1695" HPOS="630"/>
                  <String HEIGHT="46"
                          WIDTH="167"
                          VPOS="1695"
                          HPOS="580"
                          CONTENT="corpus"/>
                  <SP HEIGHT="46" WIDTH="17" VPOS="1695" HPOS="747"/>
                  <String HEIGHT="46"
                          WIDTH="134"
                          VPOS="1695"
                          HPOS="697"
                          CONTENT="meum"/>
                  <SP HEIGHT="46" WIDTH="17" VPOS="1695" HPOS="831"/>
                  <String HEIGHT="46"
                          WIDTH="134"
                          VPOS="1695"
                          HPOS="781"
                          CONTENT="igni"/>
                  <SP HEIGHT="46" WIDTH="17" VPOS="1695" HPOS="915"/>
                  <String HEIGHT="46"
                          WIDTH="117"
                          VPOS="1695"
                          HPOS="864"
                          CONTENT="ita"/>
                  <SP HEIGHT="46" WIDTH="17" VPOS="1695" HPOS="982"/>
                  <String HEIGHT="46" WIDTH="100" VPOS="1695" HPOS="931" CONTENT="vt"/>
                  <SP HEIGHT="46" WIDTH="17" VPOS="1695" HPOS="1032"/>
                  <String HEIGHT="46"
                          WIDTH="184"
                          VPOS="1695"
                          HPOS="982"
                          CONTENT="ardeam,"/>
                  <SP HEIGHT="46" WIDTH="17" VPOS="1695" HPOS="1166"/>
                  <String HEIGHT="46"
                          WIDTH="184"
                          VPOS="1695"
                          HPOS="1099"
                          CONTENT="caritatem"/>
               </TextLine>
               <TextLine ID="r3l35"
                         BASELINE="1781"
                         HEIGHT="44"
                         WIDTH="859"
                         VPOS="1737"
                         HPOS="426">
                  <String HEIGHT="44"
                          WIDTH="155"
                          VPOS="1737"
                          HPOS="409"
                          CONTENT="autem"/>
                  <SP HEIGHT="44" WIDTH="17" VPOS="1737" HPOS="563"/>
                  <String HEIGHT="44"
                          WIDTH="120"
                          VPOS="1737"
                          HPOS="512"
                          CONTENT="non"/>
                  <SP HEIGHT="44" WIDTH="17" VPOS="1737" HPOS="632"/>
                  <String HEIGHT="44"
                          WIDTH="189"
                          VPOS="1737"
                          HPOS="581"
                          CONTENT="habeam,"/>
                  <SP HEIGHT="44" WIDTH="17" VPOS="1737" HPOS="770"/>
                  <String HEIGHT="44"
                          WIDTH="155"
                          VPOS="1737"
                          HPOS="718"
                          CONTENT="nihil"/>
                  <SP HEIGHT="44" WIDTH="17" VPOS="1737" HPOS="873"/>
                  <String HEIGHT="44"
                          WIDTH="137"
                          VPOS="1737"
                          HPOS="821"
                          CONTENT="mihi"/>
                  <SP HEIGHT="44" WIDTH="17" VPOS="1737" HPOS="959"/>
                  <String HEIGHT="44"
                          WIDTH="206"
                          VPOS="1737"
                          HPOS="907"
                          CONTENT="prodest."/>
                  <SP HEIGHT="44" WIDTH="17" VPOS="1737" HPOS="1113"/>
                  <String HEIGHT="44"
                          WIDTH="241"
                          VPOS="1737"
                          HPOS="1044"
                          CONTENT="Consequentia"/>
               </TextLine>
               <TextLine ID="r3l36"
                         BASELINE="1821"
                         HEIGHT="39"
                         WIDTH="854"
                         VPOS="1782"
                         HPOS="432">
                  <String HEIGHT="39"
                          WIDTH="142"
                          VPOS="1782"
                          HPOS="418"
                          CONTENT="patet:"/>
                  <SP HEIGHT="39" WIDTH="14" VPOS="1782" HPOS="560"/>
                  <String HEIGHT="39"
                          WIDTH="114"
                          VPOS="1782"
                          HPOS="517"
                          CONTENT="quia"/>
                  <SP HEIGHT="39" WIDTH="14" VPOS="1782" HPOS="631"/>
                  <String HEIGHT="39"
                          WIDTH="128"
                          VPOS="1782"
                          HPOS="589"
                          CONTENT="eleem"/>
                  <SP HEIGHT="39" WIDTH="14" VPOS="1782" HPOS="717"/>
                  <String HEIGHT="39"
                          WIDTH="128"
                          VPOS="1782"
                          HPOS="674"
                          CONTENT="osvna"/>
                  <SP HEIGHT="39" WIDTH="14" VPOS="1782" HPOS="802"/>
                  <String HEIGHT="39"
                          WIDTH="100"
                          VPOS="1782"
                          HPOS="759"
                          CONTENT="est"/>
                  <SP HEIGHT="39" WIDTH="14" VPOS="1782" HPOS="859"/>
                  <String HEIGHT="39"
                          WIDTH="214"
                          VPOS="1782"
                          HPOS="816"
                          CONTENT="principalis"/>
                  <SP HEIGHT="39" WIDTH="14" VPOS="1782" HPOS="1030"/>
                  <String HEIGHT="39"
                          WIDTH="114"
                          VPOS="1782"
                          HPOS="987"
                          CONTENT="pars"/>
                  <SP HEIGHT="39" WIDTH="14" VPOS="1782" HPOS="1101"/>
                  <String HEIGHT="39"
                          WIDTH="242"
                          VPOS="1782"
                          HPOS="1044"
                          CONTENT="satisfactionis;"/>
               </TextLine>
               <TextLine ID="r3l37"
                         BASELINE="1859"
                         HEIGHT="51"
                         WIDTH="861"
                         VPOS="1808"
                         HPOS="424">
                  <String HEIGHT="51"
                          WIDTH="121"
                          VPOS="1808"
                          HPOS="407"
                          CONTENT="Hic"/>
                  <SP HEIGHT="51" WIDTH="17" VPOS="1808" HPOS="527"/>
                  <String HEIGHT="51"
                          WIDTH="207"
                          VPOS="1808"
                          HPOS="476"
                          CONTENT="quattuor"/>
                  <SP HEIGHT="51" WIDTH="17" VPOS="1808" HPOS="682"/>
                  <String HEIGHT="51"
                          WIDTH="138"
                          VPOS="1808"
                          HPOS="631"
                          CONTENT="sunt"/>
                  <SP HEIGHT="51" WIDTH="17" VPOS="1808" HPOS="768"/>
                  <String HEIGHT="51"
                          WIDTH="207"
                          VPOS="1808"
                          HPOS="717"
                          CONTENT="videnda."/>
                  <SP HEIGHT="51" WIDTH="17" VPOS="1808" HPOS="923"/>
                  <String HEIGHT="51"
                          WIDTH="172"
                          VPOS="1808"
                          HPOS="872"
                          CONTENT="Primo,"/>
                  <SP HEIGHT="51" WIDTH="17" VPOS="1808" HPOS="1044"/>
                  <String HEIGHT="51"
                          WIDTH="155"
                          VPOS="1808"
                          HPOS="992"
                          CONTENT="vtrum"/>
                  <SP HEIGHT="51" WIDTH="17" VPOS="1808" HPOS="1147"/>
                  <String HEIGHT="51"
                          WIDTH="103"
                          VPOS="1808"
                          HPOS="1096"
                          CONTENT="de"/>
                  <SP HEIGHT="51" WIDTH="17" VPOS="1808" HPOS="1199"/>
                  <String HEIGHT="51"
                          WIDTH="155"
                          VPOS="1808"
                          HPOS="1130"
                          CONTENT="peccato"/>
               </TextLine>
               <TextLine ID="r3l38"
                         BASELINE="1897"
                         HEIGHT="47"
                         WIDTH="862"
                         VPOS="1850"
                         HPOS="423">
                  <String HEIGHT="47"
                          WIDTH="176"
                          VPOS="1850"
                          HPOS="407"
                          CONTENT="mortali"/>
                  <SP HEIGHT="47" WIDTH="16" VPOS="1850" HPOS="583"/>
                  <String HEIGHT="47"
                          WIDTH="128"
                          VPOS="1850"
                          HPOS="535"
                          CONTENT="homo"/>
                  <SP HEIGHT="47" WIDTH="16" VPOS="1850" HPOS="662"/>
                  <String HEIGHT="47"
                          WIDTH="160"
                          VPOS="1850"
                          HPOS="615"
                          CONTENT="possit"/>
                  <SP HEIGHT="47" WIDTH="16" VPOS="1850" HPOS="774"/>
                  <String HEIGHT="47"
                          WIDTH="255"
                          VPOS="1850"
                          HPOS="726"
                          CONTENT="satisfacere."/>
                  <SP HEIGHT="47" WIDTH="16" VPOS="1850" HPOS="982"/>
                  <String HEIGHT="47"
                          WIDTH="176"
                          VPOS="1850"
                          HPOS="934"
                          CONTENT="Secundo"/>
                  <SP HEIGHT="47" WIDTH="16" VPOS="1850" HPOS="1109"/>
                  <String HEIGHT="47" WIDTH="96" VPOS="1850" HPOS="1062" CONTENT="de"/>
                  <SP HEIGHT="47" WIDTH="16" VPOS="1850" HPOS="1157"/>
                  <String HEIGHT="47"
                          WIDTH="128"
                          VPOS="1850"
                          HPOS="1109"
                          CONTENT="modo"/>
                  <SP HEIGHT="47" WIDTH="16" VPOS="1850" HPOS="1237"/>
                  <String HEIGHT="47"
                          WIDTH="112"
                          VPOS="1850"
                          HPOS="1173"
                          CONTENT="satis"/>
               </TextLine>
               <TextLine ID="r3l39"
                         BASELINE="1939"
                         HEIGHT="49"
                         WIDTH="859"
                         VPOS="1890"
                         HPOS="426">
                  <String HEIGHT="49"
                          WIDTH="193"
                          VPOS="1890"
                          HPOS="411"
                          CONTENT="faciendi."/>
                  <SP HEIGHT="49" WIDTH="15" VPOS="1890" HPOS="604"/>
                  <String HEIGHT="49" WIDTH="89" VPOS="1890" HPOS="559" CONTENT="Et"/>
                  <SP HEIGHT="49" WIDTH="15" VPOS="1890" HPOS="648"/>
                  <String HEIGHT="49"
                          WIDTH="104"
                          VPOS="1890"
                          HPOS="604"
                          CONTENT="per"/>
                  <SP HEIGHT="49" WIDTH="15" VPOS="1890" HPOS="707"/>
                  <String HEIGHT="49"
                          WIDTH="104"
                          VPOS="1890"
                          HPOS="663"
                          CONTENT="hoc"/>
                  <SP HEIGHT="49" WIDTH="15" VPOS="1890" HPOS="767"/>
                  <String HEIGHT="49"
                          WIDTH="133"
                          VPOS="1890"
                          HPOS="722"
                          CONTENT="etiam"/>
                  <SP HEIGHT="49" WIDTH="15" VPOS="1890" HPOS="856"/>
                  <String HEIGHT="49"
                          WIDTH="163"
                          VPOS="1890"
                          HPOS="811"
                          CONTENT="patebit"/>
                  <SP HEIGHT="49" WIDTH="15" VPOS="1890" HPOS="974"/>
                  <String HEIGHT="49" WIDTH="89" VPOS="1890" HPOS="930" CONTENT="ad"/>
                  <SP HEIGHT="49" WIDTH="15" VPOS="1890" HPOS="1018"/>
                  <String HEIGHT="49"
                          WIDTH="207"
                          VPOS="1890"
                          HPOS="974"
                          CONTENT="principale"/>
                  <SP HEIGHT="49" WIDTH="15" VPOS="1890" HPOS="1181"/>
                  <String HEIGHT="49"
                          WIDTH="163"
                          VPOS="1890"
                          HPOS="1122"
                          CONTENT="quaesitum"/>
               </TextLine>
               <TextLine ID="r3l40"
                         BASELINE="1973"
                         HEIGHT="47"
                         WIDTH="853"
                         VPOS="1926"
                         HPOS="436">
                  <String HEIGHT="47"
                          WIDTH="150"
                          VPOS="1926"
                          HPOS="421"
                          CONTENT="Tertio"/>
                  <SP HEIGHT="47" WIDTH="15" VPOS="1926" HPOS="571"/>
                  <String HEIGHT="47" WIDTH="90" VPOS="1926" HPOS="526" CONTENT="de"/>
                  <SP HEIGHT="47" WIDTH="15" VPOS="1926" HPOS="616"/>
                  <String HEIGHT="47"
                          WIDTH="180"
                          VPOS="1926"
                          HPOS="571"
                          CONTENT="partibus"/>
                  <SP HEIGHT="47" WIDTH="15" VPOS="1926" HPOS="750"/>
                  <String HEIGHT="47"
                          WIDTH="284"
                          VPOS="1926"
                          HPOS="705"
                          CONTENT="satisfactionis."/>
                  <SP HEIGHT="47" WIDTH="15" VPOS="1926" HPOS="990"/>
                  <String HEIGHT="47" WIDTH="90" VPOS="1926" HPOS="945" CONTENT="Et"/>
                  <SP HEIGHT="47" WIDTH="15" VPOS="1926" HPOS="1035"/>
                  <String HEIGHT="47"
                          WIDTH="150"
                          VPOS="1926"
                          HPOS="990"
                          CONTENT="quarto"/>
                  <SP HEIGHT="47" WIDTH="15" VPOS="1926" HPOS="1139"/>
                  <String HEIGHT="47" WIDTH="90" VPOS="1926" HPOS="1094" CONTENT="de"/>
                  <SP HEIGHT="47" WIDTH="15" VPOS="1926" HPOS="1184"/>
                  <String HEIGHT="47"
                          WIDTH="165"
                          VPOS="1926"
                          HPOS="1124"
                          CONTENT="necessita"/>
               </TextLine>
               <TextLine ID="r3l41"
                         BASELINE="2019"
                         HEIGHT="51"
                         WIDTH="847"
                         VPOS="1968"
                         HPOS="436">
                  <String HEIGHT="51" WIDTH="88" VPOS="1968" HPOS="421" CONTENT="te"/>
                  <SP HEIGHT="51" WIDTH="15" VPOS="1968" HPOS="509"/>
                  <String HEIGHT="51"
                          WIDTH="263"
                          VPOS="1968"
                          HPOS="465"
                          CONTENT="restitutionis,"/>
                  <SP HEIGHT="51" WIDTH="15" VPOS="1968" HPOS="728"/>
                  <String HEIGHT="51"
                          WIDTH="131"
                          VPOS="1968"
                          HPOS="684"
                          CONTENT="puta,"/>
                  <SP HEIGHT="51" WIDTH="15" VPOS="1968" HPOS="816"/>
                  <String HEIGHT="51"
                          WIDTH="131"
                          VPOS="1968"
                          HPOS="772"
                          CONTENT="vtrum"/>
                  <SP HEIGHT="51" WIDTH="15" VPOS="1968" HPOS="903"/>
                  <String HEIGHT="51" WIDTH="88" VPOS="1968" HPOS="859" CONTENT="ad"/>
                  <SP HEIGHT="51" WIDTH="15" VPOS="1968" HPOS="947"/>
                  <String HEIGHT="51"
                          WIDTH="190"
                          VPOS="1968"
                          HPOS="903"
                          CONTENT="veritatem"/>
                  <SP HEIGHT="51" WIDTH="15" VPOS="1968" HPOS="1093"/>
                  <String HEIGHT="51"
                          WIDTH="234"
                          VPOS="1968"
                          HPOS="1049"
                          CONTENT="poenitentiae"/>
                  <SP HEIGHT="51" WIDTH="15" VPOS="1968" HPOS="1283"/>
                  <String HEIGHT="51" WIDTH="58" VPOS="1968" HPOS="1225" CONTENT="re"/>
               </TextLine>
               <TextLine ID="r3l42"
                         BASELINE="2072"
                         HEIGHT="65"
                         WIDTH="845"
                         VPOS="2007"
                         HPOS="434">
                  <String HEIGHT="65"
                          WIDTH="172"
                          VPOS="2007"
                          HPOS="420"
                          CONTENT="quiratur"/>
                  <SP HEIGHT="65" WIDTH="14" VPOS="2007" HPOS="592"/>
                  <String HEIGHT="65"
                          WIDTH="201"
                          VPOS="2007"
                          HPOS="549"
                          CONTENT="necessario"/>
                  <SP HEIGHT="65" WIDTH="14" VPOS="2007" HPOS="749"/>
                  <String HEIGHT="65"
                          WIDTH="201"
                          VPOS="2007"
                          HPOS="706"
                          CONTENT="restitutio"/>
                  <SP HEIGHT="65" WIDTH="14" VPOS="2007" HPOS="907"/>
                  <String HEIGHT="65"
                          WIDTH="100"
                          VPOS="2007"
                          HPOS="864"
                          CONTENT="rei"/>
                  <SP HEIGHT="65" WIDTH="14" VPOS="2007" HPOS="964"/>
                  <String HEIGHT="65"
                          WIDTH="158"
                          VPOS="2007"
                          HPOS="921"
                          CONTENT="alienae"/>
                  <SP HEIGHT="65" WIDTH="14" VPOS="2007" HPOS="1078"/>
                  <String HEIGHT="65"
                          WIDTH="158"
                          VPOS="2007"
                          HPOS="1036"
                          CONTENT="iniuste"/>
                  <SP HEIGHT="65" WIDTH="14" VPOS="2007" HPOS="1193"/>
                  <String HEIGHT="65"
                          WIDTH="143"
                          VPOS="2007"
                          HPOS="1136"
                          CONTENT="detentae"/>
               </TextLine>
               <TextLine ID="r3l43"
                         BASELINE="2167"
                         HEIGHT="94"
                         WIDTH="498"
                         VPOS="2073"
                         HPOS="589">
                  <String HEIGHT="94"
                          WIDTH="317"
                          VPOS="2073"
                          HPOS="544"
                          CONTENT="RES"/>
                  <SP HEIGHT="94" WIDTH="45" VPOS="2073" HPOS="861"/>
                  <String HEIGHT="94"
                          WIDTH="407"
                          VPOS="2073"
                          HPOS="680"
                          CONTENT="OLVTIO."/>
               </TextLine>
               <TextLine ID="r3l44"
                         BASELINE="2234"
                         HEIGHT="62"
                         WIDTH="853"
                         VPOS="2172"
                         HPOS="430">
                  <String HEIGHT="62" WIDTH="98" VPOS="2172" HPOS="416" CONTENT="omo"/>
                  <SP HEIGHT="62" WIDTH="14" VPOS="2172" HPOS="514"/>
                  <String HEIGHT="62"
                          WIDTH="140"
                          VPOS="2172"
                          HPOS="472"
                          CONTENT="merito"/>
                  <SP HEIGHT="62" WIDTH="14" VPOS="2172" HPOS="612"/>
                  <String HEIGHT="62"
                          WIDTH="112"
                          VPOS="2172"
                          HPOS="570"
                          CONTENT="suae"/>
                  <SP HEIGHT="62" WIDTH="14" VPOS="2172" HPOS="682"/>
                  <String HEIGHT="62"
                          WIDTH="168"
                          VPOS="2172"
                          HPOS="640"
                          CONTENT="actionis"/>
                  <SP HEIGHT="62" WIDTH="14" VPOS="2172" HPOS="808"/>
                  <String HEIGHT="62"
                          WIDTH="196"
                          VPOS="2172"
                          HPOS="766"
                          CONTENT="absolicte,"/>
                  <SP HEIGHT="62" WIDTH="14" VPOS="2172" HPOS="961"/>
                  <String HEIGHT="62" WIDTH="70" VPOS="2172" HPOS="919" CONTENT="&amp;"/>
                  <SP HEIGHT="62" WIDTH="14" VPOS="2172" HPOS="989"/>
                  <String HEIGHT="62"
                          WIDTH="168"
                          VPOS="2172"
                          HPOS="947"
                          CONTENT="secundum"/>
                  <SP HEIGHT="62" WIDTH="14" VPOS="2172" HPOS="1115"/>
                  <String HEIGHT="62" WIDTH="84" VPOS="2172" HPOS="1073" CONTENT="se"/>
                  <SP HEIGHT="62" WIDTH="14" VPOS="2172" HPOS="1157"/>
                  <String HEIGHT="62"
                          WIDTH="182"
                          VPOS="2172"
                          HPOS="1101"
                          CONTENT="considerata"/>
               </TextLine>
               <TextLine ID="r3l45"
                         BASELINE="2285"
                         HEIGHT="52"
                         WIDTH="808"
                         VPOS="2233"
                         HPOS="466">
                  <String HEIGHT="52"
                          WIDTH="106"
                          VPOS="2233"
                          HPOS="453"
                          CONTENT="Tcum"/>
                  <SP HEIGHT="52" WIDTH="13" VPOS="2233" HPOS="559"/>
                  <String HEIGHT="52"
                          WIDTH="132"
                          VPOS="2233"
                          HPOS="519"
                          CONTENT="gratia"/>
                  <SP HEIGHT="52" WIDTH="13" VPOS="2233" HPOS="651"/>
                  <String HEIGHT="52" WIDTH="66" VPOS="2233" HPOS="612" CONTENT="&amp;"/>
                  <SP HEIGHT="52" WIDTH="13" VPOS="2233" HPOS="678"/>
                  <String HEIGHT="52"
                          WIDTH="172"
                          VPOS="2233"
                          HPOS="638"
                          CONTENT="caritate,"/>
                  <SP HEIGHT="52" WIDTH="13" VPOS="2233" HPOS="810"/>
                  <String HEIGHT="52"
                          WIDTH="106"
                          VPOS="2233"
                          HPOS="771"
                          CONTENT="quae"/>
                  <SP HEIGHT="52" WIDTH="13" VPOS="2233" HPOS="877"/>
                  <String HEIGHT="52" WIDTH="93" VPOS="2233" HPOS="837" CONTENT="est"/>
                  <SP HEIGHT="52" WIDTH="13" VPOS="2233" HPOS="930"/>
                  <String HEIGHT="52"
                          WIDTH="119"
                          VPOS="2233"
                          HPOS="890"
                          CONTENT="ralix"/>
                  <SP HEIGHT="52" WIDTH="13" VPOS="2233" HPOS="1009"/>
                  <String HEIGHT="52"
                          WIDTH="132"
                          VPOS="2233"
                          HPOS="969"
                          CONTENT="totiss"/>
                  <SP HEIGHT="52" WIDTH="13" VPOS="2233" HPOS="1102"/>
                  <String HEIGHT="52"
                          WIDTH="146"
                          VPOS="2233"
                          HPOS="1062"
                          CONTENT="meriti,"/>
                  <SP HEIGHT="52" WIDTH="13" VPOS="2233" HPOS="1208"/>
                  <String HEIGHT="52"
                          WIDTH="119"
                          VPOS="2233"
                          HPOS="1155"
                          CONTENT="cartat."/>
               </TextLine>
               <TextLine ID="r3l46"
                         BASELINE="2337"
                         HEIGHT="75"
                         WIDTH="567"
                         VPOS="2262"
                         HPOS="471">
                  <String HEIGHT="75" WIDTH="90" VPOS="2262" HPOS="458" CONTENT="Deo"/>
                  <SP HEIGHT="75" WIDTH="13" VPOS="2262" HPOS="548"/>
                  <String HEIGHT="75" WIDTH="90" VPOS="2262" HPOS="510" CONTENT="pvo"/>
                  <SP HEIGHT="75" WIDTH="13" VPOS="2262" HPOS="600"/>
                  <String HEIGHT="75"
                          WIDTH="142"
                          VPOS="2262"
                          HPOS="561"
                          CONTENT="mortali"/>
                  <SP HEIGHT="75" WIDTH="13" VPOS="2262" HPOS="703"/>
                  <String HEIGHT="75"
                          WIDTH="142"
                          VPOS="2262"
                          HPOS="664"
                          CONTENT="crimine"/>
                  <SP HEIGHT="75" WIDTH="13" VPOS="2262" HPOS="806"/>
                  <String HEIGHT="75"
                          WIDTH="193"
                          VPOS="2262"
                          HPOS="767"
                          CONTENT="satisfacere"/>
                  <SP HEIGHT="75" WIDTH="13" VPOS="2262" HPOS="961"/>
                  <String HEIGHT="75"
                          WIDTH="142"
                          VPOS="2262"
                          HPOS="922"
                          CONTENT="nequit."/>
                  <SP HEIGHT="75" WIDTH="13" VPOS="2262" HPOS="1064"/>
                  <String HEIGHT="75" WIDTH="26" VPOS="2262" HPOS="1012" CONTENT=""/>
               </TextLine>
               <TextLine ID="line_1603673439572_587"
                         BASELINE="2427"
                         HEIGHT="90"
                         WIDTH="563"
                         VPOS="2337"
                         HPOS="606">
                  <String HEIGHT="90"
                          WIDTH="520"
                          VPOS="2337"
                          HPOS="563"
                          CONTENT="ARTICVLV"/>
                  <SP HEIGHT="90" WIDTH="43" VPOS="2337" HPOS="1082"/>
                  <String HEIGHT="90" WIDTH="217" VPOS="2337" HPOS="952" CONTENT="S"/>
                  <SP HEIGHT="90" WIDTH="43" VPOS="2337" HPOS="1169"/>
                  <String HEIGHT="90" WIDTH="173" VPOS="2337" HPOS="996" CONTENT="1."/>
               </TextLine>
               <TextLine ID="r3l50"
                         BASELINE="2516"
                         HEIGHT="70"
                         WIDTH="520"
                         VPOS="2446"
                         HPOS="594">
                  <String HEIGHT="70"
                          WIDTH="161"
                          VPOS="2446"
                          HPOS="576"
                          CONTENT="Vtrum"/>
                  <SP HEIGHT="70" WIDTH="18" VPOS="2446" HPOS="737"/>
                  <String HEIGHT="70" WIDTH="108" VPOS="2446" HPOS="684" CONTENT="de"/>
                  <SP HEIGHT="70" WIDTH="18" VPOS="2446" HPOS="791"/>
                  <String HEIGHT="70"
                          WIDTH="197"
                          VPOS="2446"
                          HPOS="737"
                          CONTENT="mortali"/>
                  <SP HEIGHT="70" WIDTH="18" VPOS="2446" HPOS="935"/>
                  <String HEIGHT="70"
                          WIDTH="197"
                          VPOS="2446"
                          HPOS="881"
                          CONTENT="peccato"/>
                  <SP HEIGHT="70" WIDTH="18" VPOS="2446" HPOS="1078"/>
                  <String HEIGHT="70"
                          WIDTH="108"
                          VPOS="2446"
                          HPOS="1006"
                          CONTENT="homi"/>
               </TextLine>
               <TextLine ID="r3l51"
                         BASELINE="2570"
                         HEIGHT="76"
                         WIDTH="301"
                         VPOS="2494"
                         HPOS="712">
                  <String HEIGHT="76"
                          WIDTH="158"
                          VPOS="2494"
                          HPOS="696"
                          CONTENT="possit"/>
                  <SP HEIGHT="76" WIDTH="16" VPOS="2494" HPOS="855"/>
                  <String HEIGHT="76"
                          WIDTH="222"
                          VPOS="2494"
                          HPOS="791"
                          CONTENT="satisfacere."/>
               </TextLine>
               <TextLine ID="r3l52"
                         BASELINE="2649"
                         HEIGHT="81"
                         WIDTH="806"
                         VPOS="2568"
                         HPOS="468">
                  <String HEIGHT="81" WIDTH="124" VPOS="2568" HPOS="447" CONTENT="VA"/>
                  <SP HEIGHT="81" WIDTH="21" VPOS="2568" HPOS="571"/>
                  <String HEIGHT="81"
                          WIDTH="165"
                          VPOS="2568"
                          HPOS="509"
                          CONTENT="NTVM"/>
                  <SP HEIGHT="81" WIDTH="21" VPOS="2568" HPOS="675"/>
                  <String HEIGHT="81" WIDTH="124" VPOS="2568" HPOS="613" CONTENT="ad"/>
                  <SP HEIGHT="81" WIDTH="21" VPOS="2568" HPOS="737"/>
                  <String HEIGHT="81"
                          WIDTH="207"
                          VPOS="2568"
                          HPOS="675"
                          CONTENT="primum"/>
                  <SP HEIGHT="81" WIDTH="21" VPOS="2568" HPOS="881"/>
                  <String HEIGHT="81"
                          WIDTH="145"
                          VPOS="2568"
                          HPOS="819"
                          CONTENT="est"/>
                  <SP HEIGHT="81" WIDTH="21" VPOS="2568" HPOS="964"/>
                  <String HEIGHT="81"
                          WIDTH="331"
                          VPOS="2568"
                          HPOS="902"
                          CONTENT="aduertendum,"/>
                  <SP HEIGHT="81" WIDTH="21" VPOS="2568" HPOS="1233"/>
                  <String HEIGHT="81"
                          WIDTH="124"
                          VPOS="2568"
                          HPOS="1150"
                          CONTENT="quos"/>
               </TextLine>
               <TextLine ID="r3l53"
                         BASELINE="2688"
                         HEIGHT="65"
                         WIDTH="720"
                         VPOS="2623"
                         HPOS="566">
                  <String HEIGHT="65"
                          WIDTH="172"
                          VPOS="2623"
                          HPOS="550"
                          CONTENT="hominem"/>
                  <SP HEIGHT="65" WIDTH="16" VPOS="2623" HPOS="723"/>
                  <String HEIGHT="65"
                          WIDTH="235"
                          VPOS="2623"
                          HPOS="676"
                          CONTENT="satisfacere"/>
                  <SP HEIGHT="65" WIDTH="16" VPOS="2623" HPOS="910"/>
                  <String HEIGHT="65"
                          WIDTH="125"
                          VPOS="2623"
                          HPOS="863"
                          CONTENT="Deo,"/>
                  <SP HEIGHT="65" WIDTH="16" VPOS="2623" HPOS="989"/>
                  <String HEIGHT="65"
                          WIDTH="157"
                          VPOS="2623"
                          HPOS="942"
                          CONTENT="potest"/>
                  <SP HEIGHT="65" WIDTH="16" VPOS="2623" HPOS="1098"/>
                  <String HEIGHT="65"
                          WIDTH="219"
                          VPOS="2623"
                          HPOS="1051"
                          CONTENT="dupliciter"/>
                  <SP HEIGHT="65" WIDTH="16" VPOS="2623" HPOS="1270"/>
                  <String HEIGHT="65"
                          WIDTH="78"
                          VPOS="2623"
                          HPOS="1208"
                          CONTENT="in"
                          SUBS_TYPE="HypPart1"
                          SUBS_CONTENT="intelligi"/>
                  <HYP CONTENT="-"/>
               </TextLine>
               <TextLine ID="r3l54"
                         BASELINE="2727"
                         HEIGHT="63"
                         WIDTH="858"
                         VPOS="2664"
                         HPOS="432">
                  <String HEIGHT="63"
                          WIDTH="169"
                          VPOS="2664"
                          HPOS="417"
                          CONTENT="telligi"
                          SUBS_TYPE="HypPart2"
                          SUBS_CONTENT="intelligi"/>
                  <SP HEIGHT="63" WIDTH="15" VPOS="2664" HPOS="585"/>
                  <String HEIGHT="63"
                          WIDTH="107"
                          VPOS="2664"
                          HPOS="539"
                          CONTENT="Vno"/>
                  <SP HEIGHT="63" WIDTH="15" VPOS="2664" HPOS="647"/>
                  <String HEIGHT="63"
                          WIDTH="138"
                          VPOS="2664"
                          HPOS="601"
                          CONTENT="modo,"/>
                  <SP HEIGHT="63" WIDTH="15" VPOS="2664" HPOS="738"/>
                  <String HEIGHT="63" WIDTH="92" VPOS="2664" HPOS="692" CONTENT="ex"/>
                  <SP HEIGHT="63" WIDTH="15" VPOS="2664" HPOS="784"/>
                  <String HEIGHT="63"
                          WIDTH="153"
                          VPOS="2664"
                          HPOS="738"
                          CONTENT="merito"/>
                  <SP HEIGHT="63" WIDTH="15" VPOS="2664" HPOS="892"/>
                  <String HEIGHT="63"
                          WIDTH="123"
                          VPOS="2664"
                          HPOS="846"
                          CONTENT="suae"/>
                  <SP HEIGHT="63" WIDTH="15" VPOS="2664" HPOS="968"/>
                  <String HEIGHT="63"
                          WIDTH="184"
                          VPOS="2664"
                          HPOS="922"
                          CONTENT="actionis"/>
                  <SP HEIGHT="63" WIDTH="15" VPOS="2664" HPOS="1106"/>
                  <String HEIGHT="63"
                          WIDTH="199"
                          VPOS="2664"
                          HPOS="1060"
                          CONTENT="absolute,"/>
                  <SP HEIGHT="63" WIDTH="15" VPOS="2664" HPOS="1259"/>
                  <String HEIGHT="63" WIDTH="77" VPOS="2664" HPOS="1213" CONTENT="&amp;"/>
                  <SP HEIGHT="63" WIDTH="15" VPOS="2664" HPOS="1290"/>
                  <String HEIGHT="63" WIDTH="61" VPOS="2664" HPOS="1229" CONTENT="se"/>
               </TextLine>
               <TextLine ID="r3l55"
                         BASELINE="2760"
                         HEIGHT="50"
                         WIDTH="845"
                         VPOS="2710"
                         HPOS="442">
                  <String HEIGHT="50"
                          WIDTH="156"
                          VPOS="2710"
                          HPOS="426"
                          CONTENT="cundum"/>
                  <SP HEIGHT="50" WIDTH="16" VPOS="2710" HPOS="583"/>
                  <String HEIGHT="50" WIDTH="94" VPOS="2710" HPOS="536" CONTENT="se"/>
                  <SP HEIGHT="50" WIDTH="16" VPOS="2710" HPOS="630"/>
                  <String HEIGHT="50"
                          WIDTH="203"
                          VPOS="2710"
                          HPOS="583"
                          CONTENT="acceptae:"/>
                  <SP HEIGHT="50" WIDTH="16" VPOS="2710" HPOS="786"/>
                  <String HEIGHT="50" WIDTH="78" VPOS="2710" HPOS="739" CONTENT="&amp;"/>
                  <SP HEIGHT="50" WIDTH="16" VPOS="2710" HPOS="818"/>
                  <String HEIGHT="50"
                          WIDTH="110"
                          VPOS="2710"
                          HPOS="771"
                          CONTENT="sic"/>
                  <SP HEIGHT="50" WIDTH="16" VPOS="2710" HPOS="880"/>
                  <String HEIGHT="50"
                          WIDTH="110"
                          VPOS="2710"
                          HPOS="833"
                          CONTENT="non"/>
                  <SP HEIGHT="50" WIDTH="16" VPOS="2710" HPOS="943"/>
                  <String HEIGHT="50"
                          WIDTH="156"
                          VPOS="2710"
                          HPOS="896"
                          CONTENT="potest"/>
                  <SP HEIGHT="50" WIDTH="16" VPOS="2710" HPOS="1052"/>
                  <String HEIGHT="50"
                          WIDTH="125"
                          VPOS="2710"
                          HPOS="1005"
                          CONTENT="homo"/>
                  <SP HEIGHT="50" WIDTH="16" VPOS="2710" HPOS="1131"/>
                  <String HEIGHT="50"
                          WIDTH="110"
                          VPOS="2710"
                          HPOS="1084"
                          CONTENT="Deo"/>
                  <SP HEIGHT="50" WIDTH="16" VPOS="2710" HPOS="1193"/>
                  <String HEIGHT="50"
                          WIDTH="141"
                          VPOS="2710"
                          HPOS="1146"
                          CONTENT="satis"/>
                  <SP HEIGHT="50" WIDTH="16" VPOS="2710" HPOS="1287"/>
                  <String HEIGHT="50" WIDTH="63" VPOS="2710" HPOS="1224" CONTENT="fa"/>
               </TextLine>
               <TextLine ID="r3l56"
                         BASELINE="2802"
                         HEIGHT="51"
                         WIDTH="846"
                         VPOS="2751"
                         HPOS="438">
                  <String HEIGHT="51"
                          WIDTH="128"
                          VPOS="2751"
                          HPOS="422"
                          CONTENT="cere"/>
                  <SP HEIGHT="51" WIDTH="16" VPOS="2751" HPOS="550"/>
                  <String HEIGHT="51" WIDTH="96" VPOS="2751" HPOS="502" CONTENT="de"/>
                  <SP HEIGHT="51" WIDTH="16" VPOS="2751" HPOS="598"/>
                  <String HEIGHT="51"
                          WIDTH="208"
                          VPOS="2751"
                          HPOS="550"
                          CONTENT="quocunque"/>
                  <SP HEIGHT="51" WIDTH="16" VPOS="2751" HPOS="757"/>
                  <String HEIGHT="51"
                          WIDTH="176"
                          VPOS="2751"
                          HPOS="709"
                          CONTENT="mortali"/>
                  <SP HEIGHT="51" WIDTH="16" VPOS="2751" HPOS="885"/>
                  <String HEIGHT="51"
                          WIDTH="192"
                          VPOS="2751"
                          HPOS="837"
                          CONTENT="peccato,"/>
                  <SP HEIGHT="51" WIDTH="16" VPOS="2751" HPOS="1029"/>
                  <String HEIGHT="51"
                          WIDTH="128"
                          VPOS="2751"
                          HPOS="981"
                          CONTENT="quia"/>
                  <SP HEIGHT="51" WIDTH="16" VPOS="2751" HPOS="1108"/>
                  <String HEIGHT="51"
                          WIDTH="176"
                          VPOS="2751"
                          HPOS="1061"
                          CONTENT="offensa"/>
                  <SP HEIGHT="51" WIDTH="16" VPOS="2751" HPOS="1236"/>
                  <String HEIGHT="51"
                          WIDTH="112"
                          VPOS="2751"
                          HPOS="1172"
                          CONTENT="capit"/>
               </TextLine>
               <TextLine ID="r3l57"
                         BASELINE="2844"
                         HEIGHT="48"
                         WIDTH="857"
                         VPOS="2796"
                         HPOS="436">
                  <String HEIGHT="48"
                          WIDTH="187"
                          VPOS="2796"
                          HPOS="420"
                          CONTENT="mensuram"/>
                  <SP HEIGHT="48" WIDTH="16" VPOS="2796" HPOS="607"/>
                  <String HEIGHT="48" WIDTH="93" VPOS="2796" HPOS="561" CONTENT="ex"/>
                  <SP HEIGHT="48" WIDTH="16" VPOS="2796" HPOS="654"/>
                  <String HEIGHT="48"
                          WIDTH="218"
                          VPOS="2796"
                          HPOS="607"
                          CONTENT="quantitate"/>
                  <SP HEIGHT="48" WIDTH="16" VPOS="2796" HPOS="826"/>
                  <String HEIGHT="48"
                          WIDTH="140"
                          VPOS="2796"
                          HPOS="779"
                          CONTENT="eius,"/>
                  <SP HEIGHT="48" WIDTH="16" VPOS="2796" HPOS="919"/>
                  <String HEIGHT="48"
                          WIDTH="109"
                          VPOS="2796"
                          HPOS="872"
                          CONTENT="qui"/>
                  <SP HEIGHT="48" WIDTH="16" VPOS="2796" HPOS="981"/>
                  <String HEIGHT="48"
                          WIDTH="234"
                          VPOS="2796"
                          HPOS="935"
                          CONTENT="offenditur:"/>
                  <SP HEIGHT="48" WIDTH="16" VPOS="2796" HPOS="1168"/>
                  <String HEIGHT="48"
                          WIDTH="109"
                          VPOS="2796"
                          HPOS="1122"
                          CONTENT="sed"/>
                  <SP HEIGHT="48" WIDTH="16" VPOS="2796" HPOS="1231"/>
                  <String HEIGHT="48"
                          WIDTH="125"
                          VPOS="2796"
                          HPOS="1168"
                          CONTENT="quanti"/>
               </TextLine>
               <TextLine ID="r3l58"
                         BASELINE="2871"
                         HEIGHT="43"
                         WIDTH="848"
                         VPOS="2828"
                         HPOS="433">
                  <String HEIGHT="43" WIDTH="99" VPOS="2828" HPOS="419" CONTENT="tas"/>
                  <SP HEIGHT="43" WIDTH="14" VPOS="2828" HPOS="518"/>
                  <String HEIGHT="43"
                          WIDTH="170"
                          VPOS="2828"
                          HPOS="475"
                          CONTENT="virtutis"/>
                  <SP HEIGHT="43" WIDTH="14" VPOS="2828" HPOS="645"/>
                  <String HEIGHT="43"
                          WIDTH="170"
                          VPOS="2828"
                          HPOS="603"
                          CONTENT="diuinae,"/>
                  <SP HEIGHT="43" WIDTH="14" VPOS="2828" HPOS="772"/>
                  <String HEIGHT="43" WIDTH="99" VPOS="2828" HPOS="730" CONTENT="seu"/>
                  <SP HEIGHT="43" WIDTH="14" VPOS="2828" HPOS="829"/>
                  <String HEIGHT="43"
                          WIDTH="141"
                          VPOS="2828"
                          HPOS="786"
                          CONTENT="ipsius"/>
                  <SP HEIGHT="43" WIDTH="14" VPOS="2828" HPOS="928"/>
                  <String HEIGHT="43"
                          WIDTH="113"
                          VPOS="2828"
                          HPOS="885"
                          CONTENT="Dei,"/>
                  <SP HEIGHT="43" WIDTH="14" VPOS="2828" HPOS="998"/>
                  <String HEIGHT="43" WIDTH="99" VPOS="2828" HPOS="956" CONTENT="qui"/>
                  <SP HEIGHT="43" WIDTH="14" VPOS="2828" HPOS="1055"/>
                  <String HEIGHT="43"
                          WIDTH="198"
                          VPOS="2828"
                          HPOS="1012"
                          CONTENT="offenditur"/>
                  <SP HEIGHT="43" WIDTH="14" VPOS="2828" HPOS="1210"/>
                  <String HEIGHT="43"
                          WIDTH="99"
                          VPOS="2828"
                          HPOS="1168"
                          CONTENT="per"/>
                  <SP HEIGHT="43" WIDTH="14" VPOS="2828" HPOS="1267"/>
                  <String HEIGHT="43"
                          WIDTH="71"
                          VPOS="2828"
                          HPOS="1210"
                          CONTENT="per"/>
               </TextLine>
               <TextLine ID="r3l59"
                         BASELINE="2919"
                         HEIGHT="50"
                         WIDTH="849"
                         VPOS="2869"
                         HPOS="430">
                  <String HEIGHT="50"
                          WIDTH="152"
                          VPOS="2869"
                          HPOS="415"
                          CONTENT="eatum,"/>
                  <SP HEIGHT="50" WIDTH="15" VPOS="2869" HPOS="566"/>
                  <String HEIGHT="50"
                          WIDTH="106"
                          VPOS="2869"
                          HPOS="521"
                          CONTENT="est"/>
                  <SP HEIGHT="50" WIDTH="15" VPOS="2869" HPOS="627"/>
                  <String HEIGHT="50"
                          WIDTH="197"
                          VPOS="2869"
                          HPOS="582"
                          CONTENT="infinita:"/>
                  <SP HEIGHT="50" WIDTH="15" VPOS="2869" HPOS="779"/>
                  <String HEIGHT="50"
                          WIDTH="121"
                          VPOS="2869"
                          HPOS="733"
                          CONTENT="ergo"/>
                  <SP HEIGHT="50" WIDTH="15" VPOS="2869" HPOS="854"/>
                  <String HEIGHT="50"
                          WIDTH="167"
                          VPOS="2869"
                          HPOS="809"
                          CONTENT="offensa"/>
                  <SP HEIGHT="50" WIDTH="15" VPOS="2869" HPOS="976"/>
                  <String HEIGHT="50"
                          WIDTH="152"
                          VPOS="2869"
                          HPOS="930"
                          CONTENT="quodam"/>
                  <SP HEIGHT="50" WIDTH="15" VPOS="2869" HPOS="1082"/>
                  <String HEIGHT="50"
                          WIDTH="121"
                          VPOS="2869"
                          HPOS="1036"
                          CONTENT="modo"/>
                  <SP HEIGHT="50" WIDTH="15" VPOS="2869" HPOS="1158"/>
                  <String HEIGHT="50"
                          WIDTH="106"
                          VPOS="2869"
                          HPOS="1112"
                          CONTENT="est"/>
                  <SP HEIGHT="50" WIDTH="15" VPOS="2869" HPOS="1218"/>
                  <String HEIGHT="50"
                          WIDTH="121"
                          VPOS="2869"
                          HPOS="1158"
                          CONTENT="infini"/>
               </TextLine>
               <TextLine ID="r3l60"
                         BASELINE="2952"
                         HEIGHT="43"
                         WIDTH="858"
                         VPOS="2909"
                         HPOS="432">
                  <String HEIGHT="43"
                          WIDTH="109"
                          VPOS="2909"
                          HPOS="416"
                          CONTENT="ta,"/>
                  <SP HEIGHT="43" WIDTH="16" VPOS="2909" HPOS="526"/>
                  <String HEIGHT="43" WIDTH="78" VPOS="2909" HPOS="479" CONTENT="&amp;"/>
                  <SP HEIGHT="43" WIDTH="16" VPOS="2909" HPOS="557"/>
                  <String HEIGHT="43"
                          WIDTH="109"
                          VPOS="2909"
                          HPOS="510"
                          CONTENT="per"/>
                  <SP HEIGHT="43" WIDTH="16" VPOS="2909" HPOS="619"/>
                  <String HEIGHT="43"
                          WIDTH="218"
                          VPOS="2909"
                          HPOS="572"
                          CONTENT="consequens"/>
                  <SP HEIGHT="43" WIDTH="16" VPOS="2909" HPOS="791"/>
                  <String HEIGHT="43"
                          WIDTH="140"
                          VPOS="2909"
                          HPOS="744"
                          CONTENT="omnis"/>
                  <SP HEIGHT="43" WIDTH="16" VPOS="2909" HPOS="884"/>
                  <String HEIGHT="43"
                          WIDTH="156"
                          VPOS="2909"
                          HPOS="838"
                          CONTENT="nostra"/>
                  <SP HEIGHT="43" WIDTH="16" VPOS="2909" HPOS="994"/>
                  <String HEIGHT="43"
                          WIDTH="156"
                          VPOS="2909"
                          HPOS="947"
                          CONTENT="actio,"/>
                  <SP HEIGHT="43" WIDTH="16" VPOS="2909" HPOS="1103"/>
                  <String HEIGHT="43"
                          WIDTH="187"
                          VPOS="2909"
                          HPOS="1056"
                          CONTENT="secundum"/>
                  <SP HEIGHT="43" WIDTH="16" VPOS="2909" HPOS="1243"/>
                  <String HEIGHT="43" WIDTH="94" VPOS="2909" HPOS="1196" CONTENT="se"/>
                  <SP HEIGHT="43" WIDTH="16" VPOS="2909" HPOS="1290"/>
                  <String HEIGHT="43" WIDTH="62" VPOS="2909" HPOS="1228" CONTENT="ac"/>
               </TextLine>
               <TextLine ID="r3l61"
                         BASELINE="3000"
                         HEIGHT="50"
                         WIDTH="838"
                         VPOS="2950"
                         HPOS="435">
                  <String HEIGHT="50"
                          WIDTH="158"
                          VPOS="2950"
                          HPOS="419"
                          CONTENT="cepta,"/>
                  <SP HEIGHT="50" WIDTH="16" VPOS="2950" HPOS="577"/>
                  <String HEIGHT="50"
                          WIDTH="142"
                          VPOS="2950"
                          HPOS="530"
                          CONTENT="nimis"/>
                  <SP HEIGHT="50" WIDTH="16" VPOS="2950" HPOS="672"/>
                  <String HEIGHT="50"
                          WIDTH="142"
                          VPOS="2950"
                          HPOS="625"
                          CONTENT="esset"/>
                  <SP HEIGHT="50" WIDTH="16" VPOS="2950" HPOS="767"/>
                  <String HEIGHT="50"
                          WIDTH="158"
                          VPOS="2950"
                          HPOS="720"
                          CONTENT="exigua"/>
                  <SP HEIGHT="50" WIDTH="16" VPOS="2950" HPOS="878"/>
                  <String HEIGHT="50" WIDTH="95" VPOS="2950" HPOS="830" CONTENT="ad"/>
                  <SP HEIGHT="50" WIDTH="16" VPOS="2950" HPOS="925"/>
                  <String HEIGHT="50"
                          WIDTH="285"
                          VPOS="2950"
                          HPOS="878"
                          CONTENT="satissaciendum"/>
                  <SP HEIGHT="50" WIDTH="16" VPOS="2950" HPOS="1162"/>
                  <String HEIGHT="50"
                          WIDTH="111"
                          VPOS="2950"
                          HPOS="1115"
                          CONTENT="pro"/>
                  <SP HEIGHT="50" WIDTH="16" VPOS="2950" HPOS="1226"/>
                  <String HEIGHT="50"
                          WIDTH="111"
                          VPOS="2950"
                          HPOS="1162"
                          CONTENT="huius"/>
               </TextLine>
               <TextLine ID="r3l62"
                         BASELINE="3042"
                         HEIGHT="48"
                         WIDTH="849"
                         VPOS="2994"
                         HPOS="437">
                  <String HEIGHT="48"
                          WIDTH="126"
                          VPOS="2994"
                          HPOS="421"
                          CONTENT="modi"/>
                  <SP HEIGHT="48" WIDTH="16" VPOS="2994" HPOS="547"/>
                  <String HEIGHT="48"
                          WIDTH="189"
                          VPOS="2994"
                          HPOS="500"
                          CONTENT="offensa."/>
                  <SP HEIGHT="48" WIDTH="16" VPOS="2994" HPOS="689"/>
                  <String HEIGHT="48"
                          WIDTH="126"
                          VPOS="2994"
                          HPOS="641"
                          CONTENT="Alio"/>
                  <SP HEIGHT="48" WIDTH="16" VPOS="2994" HPOS="767"/>
                  <String HEIGHT="48"
                          WIDTH="126"
                          VPOS="2994"
                          HPOS="720"
                          CONTENT="modo"/>
                  <SP HEIGHT="48" WIDTH="16" VPOS="2994" HPOS="846"/>
                  <String HEIGHT="48"
                          WIDTH="157"
                          VPOS="2994"
                          HPOS="799"
                          CONTENT="potest"/>
                  <SP HEIGHT="48" WIDTH="16" VPOS="2994" HPOS="956"/>
                  <String HEIGHT="48"
                          WIDTH="157"
                          VPOS="2994"
                          HPOS="909"
                          CONTENT="accipi"/>
                  <SP HEIGHT="48" WIDTH="16" VPOS="2994" HPOS="1066"/>
                  <String HEIGHT="48"
                          WIDTH="157"
                          VPOS="2994"
                          HPOS="1019"
                          CONTENT="nostra"/>
                  <SP HEIGHT="48" WIDTH="16" VPOS="2994" HPOS="1176"/>
                  <String HEIGHT="48"
                          WIDTH="157"
                          VPOS="2994"
                          HPOS="1129"
                          CONTENT="actio,"/>
                  <SP HEIGHT="48" WIDTH="16" VPOS="2994" HPOS="1286"/>
                  <String HEIGHT="48" WIDTH="63" VPOS="2994" HPOS="1223" CONTENT="vi"/>
               </TextLine>
               <TextLine ID="r3l63"
                         BASELINE="3078"
                         HEIGHT="51"
                         WIDTH="845"
                         VPOS="3027"
                         HPOS="434">
                  <String HEIGHT="51"
                          WIDTH="154"
                          VPOS="3027"
                          HPOS="419"
                          CONTENT="gratia"/>
                  <SP HEIGHT="51" WIDTH="15" VPOS="3027" HPOS="572"/>
                  <String HEIGHT="51"
                          WIDTH="123"
                          VPOS="3027"
                          HPOS="526"
                          CONTENT="Dei,"/>
                  <SP HEIGHT="51" WIDTH="15" VPOS="3027" HPOS="649"/>
                  <String HEIGHT="51" WIDTH="77" VPOS="3027" HPOS="603" CONTENT="&amp;"/>
                  <SP HEIGHT="51" WIDTH="15" VPOS="3027" HPOS="680"/>
                  <String HEIGHT="51"
                          WIDTH="184"
                          VPOS="3027"
                          HPOS="634"
                          CONTENT="caritate"/>
                  <SP HEIGHT="51" WIDTH="15" VPOS="3027" HPOS="818"/>
                  <String HEIGHT="51"
                          WIDTH="200"
                          VPOS="3027"
                          HPOS="772"
                          CONTENT="informata"/>
                  <SP HEIGHT="51" WIDTH="15" VPOS="3027" HPOS="972"/>
                  <String HEIGHT="51"
                          WIDTH="215"
                          VPOS="3027"
                          HPOS="926"
                          CONTENT="cooperante"/>
                  <SP HEIGHT="51" WIDTH="15" VPOS="3027" HPOS="1141"/>
                  <String HEIGHT="51"
                          WIDTH="123"
                          VPOS="3027"
                          HPOS="1095"
                          CONTENT="sibi"/>
                  <SP HEIGHT="51" WIDTH="15" VPOS="3027" HPOS="1218"/>
                  <String HEIGHT="51"
                          WIDTH="123"
                          VPOS="3027"
                          HPOS="1156"
                          CONTENT="merito"/>
               </TextLine>
               <TextLine ID="r3l64"
                         BASELINE="3118"
                         HEIGHT="51"
                         WIDTH="845"
                         VPOS="3067"
                         HPOS="440">
                  <String HEIGHT="51"
                          WIDTH="200"
                          VPOS="3067"
                          HPOS="425"
                          CONTENT="passionis"/>
                  <SP HEIGHT="51" WIDTH="15" VPOS="3067" HPOS="624"/>
                  <String HEIGHT="51"
                          WIDTH="154"
                          VPOS="3067"
                          HPOS="578"
                          CONTENT="domini"/>
                  <SP HEIGHT="51" WIDTH="15" VPOS="3067" HPOS="732"/>
                  <String HEIGHT="51"
                          WIDTH="154"
                          VPOS="3067"
                          HPOS="686"
                          CONTENT="nostri"/>
                  <SP HEIGHT="51" WIDTH="15" VPOS="3067" HPOS="839"/>
                  <String HEIGHT="51"
                          WIDTH="123"
                          VPOS="3067"
                          HPOS="793"
                          CONTENT="lesu"/>
                  <SP HEIGHT="51" WIDTH="15" VPOS="3067" HPOS="916"/>
                  <String HEIGHT="51"
                          WIDTH="184"
                          VPOS="3067"
                          HPOS="870"
                          CONTENT="Christi:"/>
                  <SP HEIGHT="51" WIDTH="15" VPOS="3067" HPOS="1055"/>
                  <String HEIGHT="51" WIDTH="77" VPOS="3067" HPOS="1008" CONTENT="&amp;"/>
                  <SP HEIGHT="51" WIDTH="15" VPOS="3067" HPOS="1085"/>
                  <String HEIGHT="51"
                          WIDTH="108"
                          VPOS="3067"
                          HPOS="1039"
                          CONTENT="sic"/>
                  <SP HEIGHT="51" WIDTH="15" VPOS="3067" HPOS="1147"/>
                  <String HEIGHT="51"
                          WIDTH="154"
                          VPOS="3067"
                          HPOS="1101"
                          CONTENT="potest"/>
                  <SP HEIGHT="51" WIDTH="15" VPOS="3067" HPOS="1254"/>
                  <String HEIGHT="51"
                          WIDTH="92"
                          VPOS="3067"
                          HPOS="1193"
                          CONTENT="homo"/>
               </TextLine>
               <TextLine ID="r3l65"
                         BASELINE="3161"
                         HEIGHT="55"
                         WIDTH="855"
                         VPOS="3106"
                         HPOS="432">
                  <String HEIGHT="55"
                          WIDTH="214"
                          VPOS="3106"
                          HPOS="418"
                          CONTENT="satisfacere"/>
                  <SP HEIGHT="55" WIDTH="14" VPOS="3106" HPOS="632"/>
                  <String HEIGHT="55"
                          WIDTH="114"
                          VPOS="3106"
                          HPOS="589"
                          CONTENT="ipsi"/>
                  <SP HEIGHT="55" WIDTH="14" VPOS="3106" HPOS="703"/>
                  <String HEIGHT="55"
                          WIDTH="114"
                          VPOS="3106"
                          HPOS="660"
                          CONTENT="Deo."/>
                  <SP HEIGHT="55" WIDTH="14" VPOS="3106" HPOS="774"/>
                  <String HEIGHT="55"
                          WIDTH="128"
                          VPOS="3106"
                          HPOS="731"
                          CONTENT="Quia,"/>
                  <SP HEIGHT="55" WIDTH="14" VPOS="3106" HPOS="860"/>
                  <String HEIGHT="55"
                          WIDTH="100"
                          VPOS="3106"
                          HPOS="817"
                          CONTENT="qui"/>
                  <SP HEIGHT="55" WIDTH="14" VPOS="3106" HPOS="917"/>
                  <String HEIGHT="55"
                          WIDTH="100"
                          VPOS="3106"
                          HPOS="874"
                          CONTENT="sic"/>
                  <SP HEIGHT="55" WIDTH="14" VPOS="3106" HPOS="974"/>
                  <String HEIGHT="55"
                          WIDTH="128"
                          VPOS="3106"
                          HPOS="931"
                          CONTENT="agit,"/>
                  <SP HEIGHT="55" WIDTH="14" VPOS="3106" HPOS="1059"/>
                  <String HEIGHT="55"
                          WIDTH="114"
                          VPOS="3106"
                          HPOS="1016"
                          CONTENT="quod"/>
                  <SP HEIGHT="55" WIDTH="14" VPOS="3106" HPOS="1130"/>
                  <String HEIGHT="55"
                          WIDTH="128"
                          VPOS="3106"
                          HPOS="1088"
                          CONTENT="actio"/>
                  <SP HEIGHT="55" WIDTH="14" VPOS="3106" HPOS="1216"/>
                  <String HEIGHT="55"
                          WIDTH="100"
                          VPOS="3106"
                          HPOS="1173"
                          CONTENT="sua"/>
                  <SP HEIGHT="55" WIDTH="14" VPOS="3106" HPOS="1273"/>
                  <String HEIGHT="55"
                          WIDTH="71"
                          VPOS="3106"
                          HPOS="1216"
                          CONTENT="est"/>
               </TextLine>
               <TextLine ID="r3l66"
                         BASELINE="3210"
                         HEIGHT="65"
                         WIDTH="856"
                         VPOS="3145"
                         HPOS="432">
                  <String HEIGHT="65"
                          WIDTH="148"
                          VPOS="3145"
                          HPOS="417"
                          CONTENT="grata,"/>
                  <SP HEIGHT="65" WIDTH="15" VPOS="3145" HPOS="565"/>
                  <String HEIGHT="65" WIDTH="74" VPOS="3145" HPOS="521" CONTENT="&amp;"/>
                  <SP HEIGHT="65" WIDTH="15" VPOS="3145" HPOS="594"/>
                  <String HEIGHT="65"
                          WIDTH="162"
                          VPOS="3145"
                          HPOS="550"
                          CONTENT="accepta"/>
                  <SP HEIGHT="65" WIDTH="15" VPOS="3145" HPOS="712"/>
                  <String HEIGHT="65"
                          WIDTH="103"
                          VPOS="3145"
                          HPOS="668"
                          CONTENT="ei,"/>
                  <SP HEIGHT="65" WIDTH="15" VPOS="3145" HPOS="771"/>
                  <String HEIGHT="65"
                          WIDTH="118"
                          VPOS="3145"
                          HPOS="727"
                          CONTENT="quem"/>
                  <SP HEIGHT="65" WIDTH="15" VPOS="3145" HPOS="845"/>
                  <String HEIGHT="65"
                          WIDTH="221"
                          VPOS="3145"
                          HPOS="801"
                          CONTENT="offenderat,"/>
                  <SP HEIGHT="65" WIDTH="15" VPOS="3145" HPOS="1022"/>
                  <String HEIGHT="65"
                          WIDTH="118"
                          VPOS="3145"
                          HPOS="978"
                          CONTENT="ille"/>
                  <SP HEIGHT="65" WIDTH="15" VPOS="3145" HPOS="1096"/>
                  <String HEIGHT="65"
                          WIDTH="221"
                          VPOS="3145"
                          HPOS="1052"
                          CONTENT="satisfacit,"/>
                  <SP HEIGHT="65" WIDTH="15" VPOS="3145" HPOS="1273"/>
                  <String HEIGHT="65"
                          WIDTH="74"
                          VPOS="3145"
                          HPOS="1214"
                          CONTENT="vel"/>
               </TextLine>
            </TextBlock>
            <TextBlock ID="TextRegion_1603049500469_7820"
                       HEIGHT="2991"
                       WIDTH="900"
                       VPOS="247"
                       HPOS="1302">
               <Shape>
                  <Polygon POINTS="1302,247 2202,247 2198,2925 2197,3238 1302,3238"/>
               </Shape>
               <TextLine ID="r4l3"
                         BASELINE="359"
                         HEIGHT="65"
                         WIDTH="848"
                         VPOS="294"
                         HPOS="1322">
                  <String HEIGHT="65"
                          WIDTH="223"
                          VPOS="294"
                          HPOS="1307"
                          CONTENT="satisfacere"/>
                  <SP HEIGHT="65" WIDTH="15" VPOS="294" HPOS="1530"/>
                  <String HEIGHT="65"
                          WIDTH="149"
                          VPOS="294"
                          HPOS="1486"
                          CONTENT="potest"/>
                  <SP HEIGHT="65" WIDTH="15" VPOS="294" HPOS="1634"/>
                  <String HEIGHT="65" WIDTH="89" VPOS="294" HPOS="1590" CONTENT="de"/>
                  <SP HEIGHT="65" WIDTH="15" VPOS="294" HPOS="1679"/>
                  <String HEIGHT="65"
                          WIDTH="179"
                          VPOS="294"
                          HPOS="1634"
                          CONTENT="offensa:"/>
                  <SP HEIGHT="65" WIDTH="15" VPOS="294" HPOS="1813"/>
                  <String HEIGHT="65"
                          WIDTH="104"
                          VPOS="294"
                          HPOS="1768"
                          CONTENT="sed"/>
                  <SP HEIGHT="65" WIDTH="15" VPOS="294" HPOS="1872"/>
                  <String HEIGHT="65"
                          WIDTH="134"
                          VPOS="294"
                          HPOS="1828"
                          CONTENT="actio"/>
                  <SP HEIGHT="65" WIDTH="15" VPOS="294" HPOS="1962"/>
                  <String HEIGHT="65"
                          WIDTH="179"
                          VPOS="294"
                          HPOS="1917"
                          CONTENT="hominis,"/>
                  <SP HEIGHT="65" WIDTH="15" VPOS="294" HPOS="2096"/>
                  <String HEIGHT="65"
                          WIDTH="134"
                          VPOS="294"
                          HPOS="2036"
                          CONTENT="accept,"/>
               </TextLine>
               <TextLine ID="r4l4"
                         BASELINE="395"
                         HEIGHT="47"
                         WIDTH="854"
                         VPOS="348"
                         HPOS="1322">
                  <String HEIGHT="47"
                          WIDTH="124"
                          VPOS="348"
                          HPOS="1306"
                          CONTENT="modo"/>
                  <SP HEIGHT="47" WIDTH="16" VPOS="348" HPOS="1431"/>
                  <String HEIGHT="47"
                          WIDTH="217"
                          VPOS="348"
                          HPOS="1384"
                          CONTENT="praedicto,"/>
                  <SP HEIGHT="47" WIDTH="16" VPOS="348" HPOS="1601"/>
                  <String HEIGHT="47"
                          WIDTH="109"
                          VPOS="348"
                          HPOS="1555"
                          CONTENT="est"/>
                  <SP HEIGHT="47" WIDTH="16" VPOS="348" HPOS="1664"/>
                  <String HEIGHT="47"
                          WIDTH="155"
                          VPOS="348"
                          HPOS="1617"
                          CONTENT="grata,"/>
                  <SP HEIGHT="47" WIDTH="16" VPOS="348" HPOS="1772"/>
                  <String HEIGHT="47" WIDTH="78" VPOS="348" HPOS="1726" CONTENT="&amp;"/>
                  <SP HEIGHT="47" WIDTH="16" VPOS="348" HPOS="1803"/>
                  <String HEIGHT="47"
                          WIDTH="171"
                          VPOS="348"
                          HPOS="1757"
                          CONTENT="accepta"/>
                  <SP HEIGHT="47" WIDTH="16" VPOS="348" HPOS="1928"/>
                  <String HEIGHT="47"
                          WIDTH="124"
                          VPOS="348"
                          HPOS="1881"
                          CONTENT="ipsi"/>
                  <SP HEIGHT="47" WIDTH="16" VPOS="348" HPOS="2005"/>
                  <String HEIGHT="47"
                          WIDTH="109"
                          VPOS="348"
                          HPOS="1959"
                          CONTENT="Deo"/>
                  <SP HEIGHT="47" WIDTH="16" VPOS="348" HPOS="2067"/>
                  <String HEIGHT="47" WIDTH="78" VPOS="348" HPOS="2021" CONTENT=":"/>
                  <SP HEIGHT="47" WIDTH="16" VPOS="348" HPOS="2098"/>
                  <String HEIGHT="47"
                          WIDTH="124"
                          VPOS="348"
                          HPOS="2052"
                          CONTENT="ergo"/>
                  <SP HEIGHT="47" WIDTH="16" VPOS="348" HPOS="2176"/>
                  <String HEIGHT="47" WIDTH="62" VPOS="348" HPOS="2114" CONTENT="&amp;c"/>
               </TextLine>
               <TextLine ID="r4l5"
                         BASELINE="437"
                         HEIGHT="58"
                         WIDTH="858"
                         VPOS="379"
                         HPOS="1322">
                  <String HEIGHT="58"
                          WIDTH="138"
                          VPOS="379"
                          HPOS="1307"
                          CONTENT="Maior"/>
                  <SP HEIGHT="58" WIDTH="15" VPOS="379" HPOS="1445"/>
                  <String HEIGHT="58"
                          WIDTH="107"
                          VPOS="379"
                          HPOS="1399"
                          CONTENT="est"/>
                  <SP HEIGHT="58" WIDTH="15" VPOS="379" HPOS="1506"/>
                  <String HEIGHT="58"
                          WIDTH="138"
                          VPOS="379"
                          HPOS="1460"
                          CONTENT="nota:"/>
                  <SP HEIGHT="58" WIDTH="15" VPOS="379" HPOS="1598"/>
                  <String HEIGHT="58"
                          WIDTH="123"
                          VPOS="379"
                          HPOS="1552"
                          CONTENT="quia"/>
                  <SP HEIGHT="58" WIDTH="15" VPOS="379" HPOS="1674"/>
                  <String HEIGHT="58"
                          WIDTH="107"
                          VPOS="379"
                          HPOS="1628"
                          CONTENT="vbi"/>
                  <SP HEIGHT="58" WIDTH="15" VPOS="379" HPOS="1736"/>
                  <String HEIGHT="58"
                          WIDTH="123"
                          VPOS="379"
                          HPOS="1690"
                          CONTENT="sunt"/>
                  <SP HEIGHT="58" WIDTH="15" VPOS="379" HPOS="1812"/>
                  <String HEIGHT="58"
                          WIDTH="153"
                          VPOS="379"
                          HPOS="1766"
                          CONTENT="grata,"/>
                  <SP HEIGHT="58" WIDTH="15" VPOS="379" HPOS="1920"/>
                  <String HEIGHT="58" WIDTH="77" VPOS="379" HPOS="1874" CONTENT="&amp;"/>
                  <SP HEIGHT="58" WIDTH="15" VPOS="379" HPOS="1950"/>
                  <String HEIGHT="58"
                          WIDTH="169"
                          VPOS="379"
                          HPOS="1904"
                          CONTENT="accepta"/>
                  <SP HEIGHT="58" WIDTH="15" VPOS="379" HPOS="2073"/>
                  <String HEIGHT="58"
                          WIDTH="169"
                          VPOS="379"
                          HPOS="2011"
                          CONTENT="seruitia,"/>
               </TextLine>
               <TextLine ID="r4l6"
                         BASELINE="472"
                         HEIGHT="40"
                         WIDTH="857"
                         VPOS="432"
                         HPOS="1328">
                  <String HEIGHT="40"
                          WIDTH="105"
                          VPOS="432"
                          HPOS="1313"
                          CONTENT="ibi"/>
                  <SP HEIGHT="40" WIDTH="15" VPOS="432" HPOS="1418"/>
                  <String HEIGHT="40"
                          WIDTH="135"
                          VPOS="432"
                          HPOS="1373"
                          CONTENT="nulla"/>
                  <SP HEIGHT="40" WIDTH="15" VPOS="432" HPOS="1508"/>
                  <String HEIGHT="40"
                          WIDTH="135"
                          VPOS="432"
                          HPOS="1463"
                          CONTENT="manet"/>
                  <SP HEIGHT="40" WIDTH="15" VPOS="432" HPOS="1599"/>
                  <String HEIGHT="40"
                          WIDTH="180"
                          VPOS="432"
                          HPOS="1554"
                          CONTENT="offensa,"/>
                  <SP HEIGHT="40" WIDTH="15" VPOS="432" HPOS="1734"/>
                  <String HEIGHT="40" WIDTH="75" VPOS="432" HPOS="1689" CONTENT="&amp;"/>
                  <SP HEIGHT="40" WIDTH="15" VPOS="432" HPOS="1764"/>
                  <String HEIGHT="40"
                          WIDTH="105"
                          VPOS="432"
                          HPOS="1719"
                          CONTENT="per"/>
                  <SP HEIGHT="40" WIDTH="15" VPOS="432" HPOS="1824"/>
                  <String HEIGHT="40"
                          WIDTH="210"
                          VPOS="432"
                          HPOS="1779"
                          CONTENT="consequens"/>
                  <SP HEIGHT="40" WIDTH="15" VPOS="432" HPOS="1990"/>
                  <String HEIGHT="40"
                          WIDTH="135"
                          VPOS="432"
                          HPOS="1944"
                          CONTENT="eius,"/>
                  <SP HEIGHT="40" WIDTH="15" VPOS="432" HPOS="2080"/>
                  <String HEIGHT="40"
                          WIDTH="105"
                          VPOS="432"
                          HPOS="2035"
                          CONTENT="qui"/>
                  <SP HEIGHT="40" WIDTH="15" VPOS="432" HPOS="2140"/>
                  <String HEIGHT="40"
                          WIDTH="105"
                          VPOS="432"
                          HPOS="2080"
                          CONTENT="offen"/>
               </TextLine>
               <TextLine ID="r4l7"
                         BASELINE="511"
                         HEIGHT="52"
                         WIDTH="852"
                         VPOS="459"
                         HPOS="1325">
                  <String HEIGHT="52"
                          WIDTH="122"
                          VPOS="459"
                          HPOS="1310"
                          CONTENT="dit,"/>
                  <SP HEIGHT="52" WIDTH="15" VPOS="459" HPOS="1432"/>
                  <String HEIGHT="52"
                          WIDTH="167"
                          VPOS="459"
                          HPOS="1386"
                          CONTENT="perfici"/>
                  <SP HEIGHT="52" WIDTH="15" VPOS="459" HPOS="1553"/>
                  <String HEIGHT="52"
                          WIDTH="152"
                          VPOS="459"
                          HPOS="1508"
                          CONTENT="potest"/>
                  <SP HEIGHT="52" WIDTH="15" VPOS="459" HPOS="1660"/>
                  <String HEIGHT="52"
                          WIDTH="167"
                          VPOS="459"
                          HPOS="1614"
                          CONTENT="emenda."/>
                  <SP HEIGHT="52" WIDTH="15" VPOS="459" HPOS="1781"/>
                  <String HEIGHT="52"
                          WIDTH="137"
                          VPOS="459"
                          HPOS="1736"
                          CONTENT="Minor"/>
                  <SP HEIGHT="52" WIDTH="15" VPOS="459" HPOS="1873"/>
                  <String HEIGHT="52"
                          WIDTH="137"
                          VPOS="459"
                          HPOS="1827"
                          CONTENT="etiam"/>
                  <SP HEIGHT="52" WIDTH="15" VPOS="459" HPOS="1964"/>
                  <String HEIGHT="52"
                          WIDTH="152"
                          VPOS="459"
                          HPOS="1918"
                          CONTENT="patet:"/>
                  <SP HEIGHT="52" WIDTH="15" VPOS="459" HPOS="2071"/>
                  <String HEIGHT="52"
                          WIDTH="122"
                          VPOS="459"
                          HPOS="2025"
                          CONTENT="quia"/>
                  <SP HEIGHT="52" WIDTH="15" VPOS="459" HPOS="2147"/>
                  <String HEIGHT="52"
                          WIDTH="91"
                          VPOS="459"
                          HPOS="2086"
                          CONTENT="quas"/>
               </TextLine>
               <TextLine ID="r4l8"
                         BASELINE="553"
                         HEIGHT="50"
                         WIDTH="848"
                         VPOS="503"
                         HPOS="1331">
                  <String HEIGHT="50"
                          WIDTH="190"
                          VPOS="503"
                          HPOS="1316"
                          CONTENT="videretur"/>
                  <SP HEIGHT="50" WIDTH="15" VPOS="503" HPOS="1506"/>
                  <String HEIGHT="50"
                          WIDTH="190"
                          VPOS="503"
                          HPOS="1463"
                          CONTENT="implicare"/>
                  <SP HEIGHT="50" WIDTH="15" VPOS="503" HPOS="1653"/>
                  <String HEIGHT="50"
                          WIDTH="292"
                          VPOS="503"
                          HPOS="1609"
                          CONTENT="contradictionem,"/>
                  <SP HEIGHT="50" WIDTH="15" VPOS="503" HPOS="1901"/>
                  <String HEIGHT="50"
                          WIDTH="117"
                          VPOS="503"
                          HPOS="1857"
                          CONTENT="quod"/>
                  <SP HEIGHT="50" WIDTH="15" VPOS="503" HPOS="1974"/>
                  <String HEIGHT="50"
                          WIDTH="146"
                          VPOS="503"
                          HPOS="1930"
                          CONTENT="actio,"/>
                  <SP HEIGHT="50" WIDTH="15" VPOS="503" HPOS="2077"/>
                  <String HEIGHT="50"
                          WIDTH="161"
                          VPOS="503"
                          HPOS="2033"
                          CONTENT="gratia,"/>
                  <SP HEIGHT="50" WIDTH="15" VPOS="503" HPOS="2194"/>
                  <String HEIGHT="50" WIDTH="44" VPOS="503" HPOS="2135" CONTENT="&amp;"/>
               </TextLine>
               <TextLine ID="r4l9"
                         BASELINE="594"
                         HEIGHT="44"
                         WIDTH="851"
                         VPOS="550"
                         HPOS="1322">
                  <String HEIGHT="44"
                          WIDTH="186"
                          VPOS="550"
                          HPOS="1307"
                          CONTENT="caritate"/>
                  <SP HEIGHT="44" WIDTH="15" VPOS="550" HPOS="1492"/>
                  <String HEIGHT="44"
                          WIDTH="217"
                          VPOS="550"
                          HPOS="1446"
                          CONTENT="informata,"/>
                  <SP HEIGHT="44" WIDTH="15" VPOS="550" HPOS="1662"/>
                  <String HEIGHT="44"
                          WIDTH="108"
                          VPOS="550"
                          HPOS="1616"
                          CONTENT="seu"/>
                  <SP HEIGHT="44" WIDTH="15" VPOS="550" HPOS="1724"/>
                  <String HEIGHT="44"
                          WIDTH="186"
                          VPOS="550"
                          HPOS="1678"
                          CONTENT="agratia,"/>
                  <SP HEIGHT="44" WIDTH="15" VPOS="550" HPOS="1864"/>
                  <String HEIGHT="44" WIDTH="77" VPOS="550" HPOS="1817" CONTENT="&amp;"/>
                  <SP HEIGHT="44" WIDTH="15" VPOS="550" HPOS="1894"/>
                  <String HEIGHT="44"
                          WIDTH="186"
                          VPOS="550"
                          HPOS="1848"
                          CONTENT="caritate"/>
                  <SP HEIGHT="44" WIDTH="15" VPOS="550" HPOS="2034"/>
                  <String HEIGHT="44"
                          WIDTH="201"
                          VPOS="550"
                          HPOS="1972"
                          CONTENT="principiati"/>
               </TextLine>
               <TextLine ID="r4l10"
                         BASELINE="629"
                         HEIGHT="47"
                         WIDTH="857"
                         VPOS="582"
                         HPOS="1331">
                  <String HEIGHT="47"
                          WIDTH="113"
                          VPOS="582"
                          HPOS="1315"
                          CONTENT="non"/>
                  <SP HEIGHT="47" WIDTH="16" VPOS="582" HPOS="1428"/>
                  <String HEIGHT="47"
                          WIDTH="146"
                          VPOS="582"
                          HPOS="1380"
                          CONTENT="esset"/>
                  <SP HEIGHT="47" WIDTH="16" VPOS="582" HPOS="1525"/>
                  <String HEIGHT="47"
                          WIDTH="113"
                          VPOS="582"
                          HPOS="1477"
                          CONTENT="Deo"/>
                  <SP HEIGHT="47" WIDTH="16" VPOS="582" HPOS="1590"/>
                  <String HEIGHT="47"
                          WIDTH="162"
                          VPOS="582"
                          HPOS="1541"
                          CONTENT="grata."/>
                  <SP HEIGHT="47" WIDTH="16" VPOS="582" HPOS="1703"/>
                  <String HEIGHT="47"
                          WIDTH="146"
                          VPOS="582"
                          HPOS="1654"
                          CONTENT="Etiam"/>
                  <SP HEIGHT="47" WIDTH="16" VPOS="582" HPOS="1800"/>
                  <String HEIGHT="47"
                          WIDTH="178"
                          VPOS="582"
                          HPOS="1751"
                          CONTENT="meritum"/>
                  <SP HEIGHT="47" WIDTH="16" VPOS="582" HPOS="1929"/>
                  <String HEIGHT="47"
                          WIDTH="210"
                          VPOS="582"
                          HPOS="1881"
                          CONTENT="passionis"/>
                  <SP HEIGHT="47" WIDTH="16" VPOS="582" HPOS="2091"/>
                  <String HEIGHT="47"
                          WIDTH="162"
                          VPOS="582"
                          HPOS="2026"
                          CONTENT="Christi,"/>
               </TextLine>
               <TextLine ID="r4l11"
                         BASELINE="682"
                         HEIGHT="63"
                         WIDTH="849"
                         VPOS="619"
                         HPOS="1334">
                  <String HEIGHT="63"
                          WIDTH="104"
                          VPOS="619"
                          HPOS="1319"
                          CONTENT="qui"/>
                  <SP HEIGHT="63" WIDTH="15" VPOS="619" HPOS="1423"/>
                  <String HEIGHT="63"
                          WIDTH="104"
                          VPOS="619"
                          HPOS="1379"
                          CONTENT="est"/>
                  <SP HEIGHT="63" WIDTH="15" VPOS="619" HPOS="1483"/>
                  <String HEIGHT="63"
                          WIDTH="223"
                          VPOS="619"
                          HPOS="1438"
                          CONTENT="propitiatio"/>
                  <SP HEIGHT="63" WIDTH="15" VPOS="619" HPOS="1662"/>
                  <String HEIGHT="63"
                          WIDTH="104"
                          VPOS="619"
                          HPOS="1617"
                          CONTENT="pro"/>
                  <SP HEIGHT="63" WIDTH="15" VPOS="619" HPOS="1721"/>
                  <String HEIGHT="63"
                          WIDTH="179"
                          VPOS="619"
                          HPOS="1677"
                          CONTENT="peccatis"/>
                  <SP HEIGHT="63" WIDTH="15" VPOS="619" HPOS="1855"/>
                  <String HEIGHT="63"
                          WIDTH="179"
                          VPOS="619"
                          HPOS="1811"
                          CONTENT="nostris,"/>
                  <SP HEIGHT="63" WIDTH="15" VPOS="619" HPOS="1989"/>
                  <String HEIGHT="63"
                          WIDTH="104"
                          VPOS="619"
                          HPOS="1945"
                          CONTENT="est"/>
                  <SP HEIGHT="63" WIDTH="15" VPOS="619" HPOS="2049"/>
                  <String HEIGHT="63"
                          WIDTH="119"
                          VPOS="619"
                          HPOS="2004"
                          CONTENT="adeo"/>
                  <SP HEIGHT="63" WIDTH="15" VPOS="619" HPOS="2123"/>
                  <String HEIGHT="63"
                          WIDTH="119"
                          VPOS="619"
                          HPOS="2064"
                          CONTENT="gratum"/>
               </TextLine>
               <TextLine ID="r4l12"
                         BASELINE="723"
                         HEIGHT="53"
                         WIDTH="848"
                         VPOS="670"
                         HPOS="1341">
                  <String HEIGHT="53" WIDTH="99" VPOS="670" HPOS="1327" CONTENT="psi"/>
                  <SP HEIGHT="53" WIDTH="14" VPOS="670" HPOS="1426"/>
                  <String HEIGHT="53"
                          WIDTH="113"
                          VPOS="670"
                          HPOS="1383"
                          CONTENT="toti"/>
                  <SP HEIGHT="53" WIDTH="14" VPOS="670" HPOS="1496"/>
                  <String HEIGHT="53"
                          WIDTH="198"
                          VPOS="670"
                          HPOS="1454"
                          CONTENT="trinitati,"/>
                  <SP HEIGHT="53" WIDTH="14" VPOS="670" HPOS="1652"/>
                  <String HEIGHT="53"
                          WIDTH="113"
                          VPOS="670"
                          HPOS="1610"
                          CONTENT="quod"/>
                  <SP HEIGHT="53" WIDTH="14" VPOS="670" HPOS="1723"/>
                  <String HEIGHT="53"
                          WIDTH="170"
                          VPOS="670"
                          HPOS="1680"
                          CONTENT="respectu"/>
                  <SP HEIGHT="53" WIDTH="14" VPOS="670" HPOS="1850"/>
                  <String HEIGHT="53"
                          WIDTH="198"
                          VPOS="670"
                          HPOS="1807"
                          CONTENT="cuiuslibet"/>
                  <SP HEIGHT="53" WIDTH="14" VPOS="670" HPOS="2005"/>
                  <String HEIGHT="53"
                          WIDTH="212"
                          VPOS="670"
                          HPOS="1963"
                          CONTENT="penitentis,"/>
                  <SP HEIGHT="53" WIDTH="14" VPOS="670" HPOS="2175"/>
                  <String HEIGHT="53" WIDTH="71" VPOS="670" HPOS="2118" CONTENT="cui"/>
               </TextLine>
               <TextLine ID="r4l13"
                         BASELINE="751"
                         HEIGHT="56"
                         WIDTH="859"
                         VPOS="695"
                         HPOS="1327">
                  <String HEIGHT="56"
                          WIDTH="127"
                          VPOS="695"
                          HPOS="1311"
                          CONTENT="tale"/>
                  <SP HEIGHT="56" WIDTH="16" VPOS="695" HPOS="1438"/>
                  <String HEIGHT="56"
                          WIDTH="175"
                          VPOS="695"
                          HPOS="1391"
                          CONTENT="meritum"/>
                  <SP HEIGHT="56" WIDTH="16" VPOS="695" HPOS="1566"/>
                  <String HEIGHT="56"
                          WIDTH="239"
                          VPOS="695"
                          HPOS="1518"
                          CONTENT="cooperatur,"/>
                  <SP HEIGHT="56" WIDTH="16" VPOS="695" HPOS="1757"/>
                  <String HEIGHT="56"
                          WIDTH="191"
                          VPOS="695"
                          HPOS="1709"
                          CONTENT="placatur"/>
                  <SP HEIGHT="56" WIDTH="16" VPOS="695" HPOS="1900"/>
                  <String HEIGHT="56"
                          WIDTH="127"
                          VPOS="695"
                          HPOS="1852"
                          CONTENT="ipse"/>
                  <SP HEIGHT="56" WIDTH="16" VPOS="695" HPOS="1979"/>
                  <String HEIGHT="56"
                          WIDTH="143"
                          VPOS="695"
                          HPOS="1931"
                          CONTENT="Deus,"/>
                  <SP HEIGHT="56" WIDTH="16" VPOS="695" HPOS="2075"/>
                  <String HEIGHT="56" WIDTH="80" VPOS="695" HPOS="2027" CONTENT="&amp;"/>
                  <SP HEIGHT="56" WIDTH="16" VPOS="695" HPOS="2106"/>
                  <String HEIGHT="56"
                          WIDTH="111"
                          VPOS="695"
                          HPOS="2059"
                          CONTENT="per"/>
                  <SP HEIGHT="56" WIDTH="16" VPOS="695" HPOS="2170"/>
                  <String HEIGHT="56" WIDTH="80" VPOS="695" HPOS="2106" CONTENT="con"/>
               </TextLine>
               <TextLine ID="r4l14"
                         BASELINE="794"
                         HEIGHT="57"
                         WIDTH="840"
                         VPOS="737"
                         HPOS="1328">
                  <String HEIGHT="57"
                          WIDTH="162"
                          VPOS="737"
                          HPOS="1313"
                          CONTENT="sequens"/>
                  <SP HEIGHT="57" WIDTH="15" VPOS="737" HPOS="1475"/>
                  <String HEIGHT="57"
                          WIDTH="177"
                          VPOS="737"
                          HPOS="1431"
                          CONTENT="acceptat"/>
                  <SP HEIGHT="57" WIDTH="15" VPOS="737" HPOS="1608"/>
                  <String HEIGHT="57"
                          WIDTH="133"
                          VPOS="737"
                          HPOS="1564"
                          CONTENT="opera"/>
                  <SP HEIGHT="57" WIDTH="15" VPOS="737" HPOS="1696"/>
                  <String HEIGHT="57"
                          WIDTH="265"
                          VPOS="737"
                          HPOS="1652"
                          CONTENT="satisfactoria,"/>
                  <SP HEIGHT="57" WIDTH="15" VPOS="737" HPOS="1917"/>
                  <String HEIGHT="57"
                          WIDTH="118"
                          VPOS="737"
                          HPOS="1873"
                          CONTENT="quae"/>
                  <SP HEIGHT="57" WIDTH="15" VPOS="737" HPOS="1991"/>
                  <String HEIGHT="57"
                          WIDTH="118"
                          VPOS="737"
                          HPOS="1947"
                          CONTENT="sunt"/>
                  <SP HEIGHT="57" WIDTH="15" VPOS="737" HPOS="2065"/>
                  <String HEIGHT="57"
                          WIDTH="118"
                          VPOS="737"
                          HPOS="2021"
                          CONTENT="ipsi"/>
                  <SP HEIGHT="57" WIDTH="15" VPOS="737" HPOS="2139"/>
                  <String HEIGHT="57"
                          WIDTH="88"
                          VPOS="737"
                          HPOS="2080"
                          CONTENT="peni"/>
               </TextLine>
               <TextLine ID="r4l15"
                         BASELINE="834"
                         HEIGHT="55"
                         WIDTH="867"
                         VPOS="779"
                         HPOS="1322">
                  <String HEIGHT="55"
                          WIDTH="137"
                          VPOS="779"
                          HPOS="1307"
                          CONTENT="tenti"/>
                  <SP HEIGHT="55" WIDTH="15" VPOS="779" HPOS="1444"/>
                  <String HEIGHT="55"
                          WIDTH="228"
                          VPOS="779"
                          HPOS="1398"
                          CONTENT="possibilia."/>
                  <SP HEIGHT="55" WIDTH="15" VPOS="779" HPOS="1626"/>
                  <String HEIGHT="55"
                          WIDTH="122"
                          VPOS="779"
                          HPOS="1581"
                          CONTENT="lsta"/>
                  <SP HEIGHT="55" WIDTH="15" VPOS="779" HPOS="1702"/>
                  <String HEIGHT="55"
                          WIDTH="198"
                          VPOS="779"
                          HPOS="1657"
                          CONTENT="conclusio"/>
                  <SP HEIGHT="55" WIDTH="15" VPOS="779" HPOS="1854"/>
                  <String HEIGHT="55"
                          WIDTH="137"
                          VPOS="779"
                          HPOS="1809"
                          CONTENT="etiam"/>
                  <SP HEIGHT="55" WIDTH="15" VPOS="779" HPOS="1946"/>
                  <String HEIGHT="55"
                          WIDTH="137"
                          VPOS="779"
                          HPOS="1900"
                          CONTENT="patet"/>
                  <SP HEIGHT="55" WIDTH="15" VPOS="779" HPOS="2037"/>
                  <String HEIGHT="55"
                          WIDTH="106"
                          VPOS="779"
                          HPOS="1991"
                          CONTENT="per"/>
                  <SP HEIGHT="55" WIDTH="15" VPOS="779" HPOS="2098"/>
                  <String HEIGHT="55"
                          WIDTH="106"
                          VPOS="779"
                          HPOS="2052"
                          CONTENT="ea,"/>
                  <SP HEIGHT="55" WIDTH="15" VPOS="779" HPOS="2159"/>
                  <String HEIGHT="55"
                          WIDTH="91"
                          VPOS="779"
                          HPOS="2098"
                          CONTENT="quae"/>
               </TextLine>
               <TextLine ID="r4l16"
                         BASELINE="868"
                         HEIGHT="49"
                         WIDTH="859"
                         VPOS="819"
                         HPOS="1327">
                  <String HEIGHT="49"
                          WIDTH="121"
                          VPOS="819"
                          HPOS="1312"
                          CONTENT="dixi"/>
                  <SP HEIGHT="49" WIDTH="15" VPOS="819" HPOS="1432"/>
                  <String HEIGHT="49"
                          WIDTH="181"
                          VPOS="819"
                          HPOS="1387"
                          CONTENT="superius"/>
                  <SP HEIGHT="49" WIDTH="15" VPOS="819" HPOS="1568"/>
                  <String HEIGHT="49"
                          WIDTH="211"
                          VPOS="819"
                          HPOS="1523"
                          CONTENT="quaestione"/>
                  <SP HEIGHT="49" WIDTH="15" VPOS="819" HPOS="1734"/>
                  <String HEIGHT="49"
                          WIDTH="166"
                          VPOS="819"
                          HPOS="1689"
                          CONTENT="proxima"/>
                  <SP HEIGHT="49" WIDTH="15" VPOS="819" HPOS="1854"/>
                  <String HEIGHT="49"
                          WIDTH="241"
                          VPOS="819"
                          HPOS="1809"
                          CONTENT="praecedente,"/>
                  <SP HEIGHT="49" WIDTH="15" VPOS="819" HPOS="2050"/>
                  <String HEIGHT="49"
                          WIDTH="121"
                          VPOS="819"
                          HPOS="2005"
                          CONTENT="art."/>
                  <SP HEIGHT="49" WIDTH="15" VPOS="819" HPOS="2126"/>
                  <String HEIGHT="49"
                          WIDTH="136"
                          VPOS="819"
                          HPOS="2081"
                          CONTENT="primo"/>
                  <SP HEIGHT="49" WIDTH="15" VPOS="819" HPOS="2216"/>
                  <String HEIGHT="49" WIDTH="30" VPOS="819" HPOS="2156" CONTENT=""/>
               </TextLine>
               <TextLine ID="r4l17"
                         BASELINE="905"
                         HEIGHT="44"
                         WIDTH="853"
                         VPOS="861"
                         HPOS="1320">
                  <String HEIGHT="44" WIDTH="104" VPOS="861" HPOS="1303" CONTENT="in"/>
                  <SP HEIGHT="44" WIDTH="17" VPOS="861" HPOS="1407"/>
                  <String HEIGHT="44"
                          WIDTH="226"
                          VPOS="861"
                          HPOS="1355"
                          CONTENT="solutione"/>
                  <SP HEIGHT="44" WIDTH="17" VPOS="861" HPOS="1581"/>
                  <String HEIGHT="44"
                          WIDTH="174"
                          VPOS="861"
                          HPOS="1529"
                          CONTENT="quinti"/>
                  <SP HEIGHT="44" WIDTH="17" VPOS="861" HPOS="1703"/>
                  <String HEIGHT="44"
                          WIDTH="226"
                          VPOS="861"
                          HPOS="1651"
                          CONTENT="argumenti"/>
                  <SP HEIGHT="44" WIDTH="17" VPOS="861" HPOS="1877"/>
                  <String HEIGHT="44"
                          WIDTH="174"
                          VPOS="861"
                          HPOS="1825"
                          CONTENT="contra"/>
                  <SP HEIGHT="44" WIDTH="17" VPOS="861" HPOS="1999"/>
                  <String HEIGHT="44"
                          WIDTH="244"
                          VPOS="861"
                          HPOS="1929"
                          CONTENT="conclusionem"/>
               </TextLine>
               <TextLine ID="r4l18"
                         BASELINE="948"
                         HEIGHT="56"
                         WIDTH="848"
                         VPOS="892"
                         HPOS="1328">
                  <String HEIGHT="56" WIDTH="89" VPOS="892" HPOS="1313" CONTENT="Et"/>
                  <SP HEIGHT="56" WIDTH="15" VPOS="892" HPOS="1402"/>
                  <String HEIGHT="56"
                          WIDTH="104"
                          VPOS="892"
                          HPOS="1358"
                          CONTENT="his"/>
                  <SP HEIGHT="56" WIDTH="15" VPOS="892" HPOS="1462"/>
                  <String HEIGHT="56"
                          WIDTH="119"
                          VPOS="892"
                          HPOS="1417"
                          CONTENT="bene"/>
                  <SP HEIGHT="56" WIDTH="15" VPOS="892" HPOS="1536"/>
                  <String HEIGHT="56"
                          WIDTH="223"
                          VPOS="892"
                          HPOS="1492"
                          CONTENT="intellectis"/>
                  <SP HEIGHT="56" WIDTH="15" VPOS="892" HPOS="1715"/>
                  <String HEIGHT="56" WIDTH="89" VPOS="892" HPOS="1670" CONTENT="de"/>
                  <SP HEIGHT="56" WIDTH="15" VPOS="892" HPOS="1759"/>
                  <String HEIGHT="56"
                          WIDTH="149"
                          VPOS="892"
                          HPOS="1715"
                          CONTENT="facili"/>
                  <SP HEIGHT="56" WIDTH="15" VPOS="892" HPOS="1864"/>
                  <String HEIGHT="56"
                          WIDTH="223"
                          VPOS="892"
                          HPOS="1819"
                          CONTENT="respondetur"/>
                  <SP HEIGHT="56" WIDTH="15" VPOS="892" HPOS="2042"/>
                  <String HEIGHT="56" WIDTH="89" VPOS="892" HPOS="1997" CONTENT="ad"/>
                  <SP HEIGHT="56" WIDTH="15" VPOS="892" HPOS="2087"/>
                  <String HEIGHT="56"
                          WIDTH="134"
                          VPOS="892"
                          HPOS="2042"
                          CONTENT="multa"/>
                  <SP HEIGHT="56" WIDTH="15" VPOS="892" HPOS="2176"/>
                  <String HEIGHT="56" WIDTH="60" VPOS="892" HPOS="2116" CONTENT="si"/>
               </TextLine>
               <TextLine ID="r4l19"
                         BASELINE="994"
                         HEIGHT="62"
                         WIDTH="847"
                         VPOS="932"
                         HPOS="1334">
                  <String HEIGHT="62"
                          WIDTH="197"
                          VPOS="932"
                          HPOS="1319"
                          CONTENT="phismata,"/>
                  <SP HEIGHT="62" WIDTH="15" VPOS="932" HPOS="1516"/>
                  <String HEIGHT="62"
                          WIDTH="151"
                          VPOS="932"
                          HPOS="1470"
                          CONTENT="quibus"/>
                  <SP HEIGHT="62" WIDTH="15" VPOS="932" HPOS="1621"/>
                  <String HEIGHT="62"
                          WIDTH="151"
                          VPOS="932"
                          HPOS="1576"
                          CONTENT="aliqui"/>
                  <SP HEIGHT="62" WIDTH="15" VPOS="932" HPOS="1727"/>
                  <String HEIGHT="62"
                          WIDTH="151"
                          VPOS="932"
                          HPOS="1682"
                          CONTENT="solent"/>
                  <SP HEIGHT="62" WIDTH="15" VPOS="932" HPOS="1833"/>
                  <String HEIGHT="62"
                          WIDTH="182"
                          VPOS="932"
                          HPOS="1788"
                          CONTENT="arguere,"/>
                  <SP HEIGHT="62" WIDTH="15" VPOS="932" HPOS="1969"/>
                  <String HEIGHT="62"
                          WIDTH="121"
                          VPOS="932"
                          HPOS="1924"
                          CONTENT="quod"/>
                  <SP HEIGHT="62" WIDTH="15" VPOS="932" HPOS="2045"/>
                  <String HEIGHT="62"
                          WIDTH="151"
                          VPOS="932"
                          HPOS="2000"
                          CONTENT="nullus"/>
                  <SP HEIGHT="62" WIDTH="15" VPOS="932" HPOS="2151"/>
                  <String HEIGHT="62"
                          WIDTH="91"
                          VPOS="932"
                          HPOS="2090"
                          CONTENT="homo"/>
               </TextLine>
               <TextLine ID="r4l20"
                         BASELINE="1026"
                         HEIGHT="51"
                         WIDTH="707"
                         VPOS="975"
                         HPOS="1335">
                  <String HEIGHT="51" WIDTH="90" VPOS="975" HPOS="1320" CONTENT="de"/>
                  <SP HEIGHT="51" WIDTH="15" VPOS="975" HPOS="1410"/>
                  <String HEIGHT="51"
                          WIDTH="165"
                          VPOS="975"
                          HPOS="1365"
                          CONTENT="mortali"/>
                  <SP HEIGHT="51" WIDTH="15" VPOS="975" HPOS="1531"/>
                  <String HEIGHT="51"
                          WIDTH="165"
                          VPOS="975"
                          HPOS="1485"
                          CONTENT="peccato"/>
                  <SP HEIGHT="51" WIDTH="15" VPOS="975" HPOS="1651"/>
                  <String HEIGHT="51"
                          WIDTH="150"
                          VPOS="975"
                          HPOS="1606"
                          CONTENT="possit"/>
                  <SP HEIGHT="51" WIDTH="15" VPOS="975" HPOS="1756"/>
                  <String HEIGHT="51"
                          WIDTH="226"
                          VPOS="975"
                          HPOS="1711"
                          CONTENT="satisfacere"/>
                  <SP HEIGHT="51" WIDTH="15" VPOS="975" HPOS="1937"/>
                  <String HEIGHT="51"
                          WIDTH="120"
                          VPOS="975"
                          HPOS="1892"
                          CONTENT="ipsi"/>
                  <SP HEIGHT="51" WIDTH="15" VPOS="975" HPOS="2012"/>
                  <String HEIGHT="51"
                          WIDTH="90"
                          VPOS="975"
                          HPOS="1952"
                          CONTENT="Deo,"/>
               </TextLine>
               <TextLine ID="r4l21"
                         BASELINE="1137"
                         HEIGHT="81"
                         WIDTH="558"
                         VPOS="1056"
                         HPOS="1484">
                  <String HEIGHT="81"
                          WIDTH="605"
                          VPOS="1056"
                          HPOS="1438"
                          CONTENT="ARTICVLVS"/>
                  <SP HEIGHT="81" WIDTH="47" VPOS="1056" HPOS="2042"/>
                  <String HEIGHT="81"
                          WIDTH="186"
                          VPOS="1056"
                          HPOS="1856"
                          CONTENT="II"/>
               </TextLine>
               <TextLine ID="r4l23"
                         BASELINE="1224"
                         HEIGHT="79"
                         WIDTH="761"
                         VPOS="1145"
                         HPOS="1374">
                  <String HEIGHT="79"
                          WIDTH="111"
                          VPOS="1145"
                          HPOS="1355"
                          CONTENT="De"/>
                  <SP HEIGHT="79" WIDTH="19" VPOS="1145" HPOS="1467"/>
                  <String HEIGHT="79"
                          WIDTH="148"
                          VPOS="1145"
                          HPOS="1411"
                          CONTENT="modo"/>
                  <SP HEIGHT="79" WIDTH="19" VPOS="1145" HPOS="1560"/>
                  <String HEIGHT="79"
                          WIDTH="334"
                          VPOS="1145"
                          HPOS="1504"
                          CONTENT="satisfaciendi,"/>
                  <SP HEIGHT="79" WIDTH="19" VPOS="1145" HPOS="1838"/>
                  <String HEIGHT="79" WIDTH="93" VPOS="1145" HPOS="1782" CONTENT="&amp;"/>
                  <SP HEIGHT="79" WIDTH="19" VPOS="1145" HPOS="1875"/>
                  <String HEIGHT="79"
                          WIDTH="167"
                          VPOS="1145"
                          HPOS="1819"
                          CONTENT="etiam"/>
                  <SP HEIGHT="79" WIDTH="19" VPOS="1145" HPOS="1987"/>
                  <String HEIGHT="79"
                          WIDTH="223"
                          VPOS="1145"
                          HPOS="1912"
                          CONTENT="videbitur,"/>
               </TextLine>
               <TextLine ID="r4l24"
                         BASELINE="1329"
                         HEIGHT="66"
                         WIDTH="746"
                         VPOS="1263"
                         HPOS="1380">
                  <String HEIGHT="66"
                          WIDTH="156"
                          VPOS="1263"
                          HPOS="1363"
                          CONTENT="Vtrum"/>
                  <SP HEIGHT="66" WIDTH="17" VPOS="1263" HPOS="1519"/>
                  <String HEIGHT="66"
                          WIDTH="139"
                          VPOS="1263"
                          HPOS="1467"
                          CONTENT="homo"/>
                  <SP HEIGHT="66" WIDTH="17" VPOS="1263" HPOS="1606"/>
                  <String HEIGHT="66"
                          WIDTH="139"
                          VPOS="1263"
                          HPOS="1553"
                          CONTENT="sine"/>
                  <SP HEIGHT="66" WIDTH="17" VPOS="1263" HPOS="1692"/>
                  <String HEIGHT="66"
                          WIDTH="226"
                          VPOS="1263"
                          HPOS="1640"
                          CONTENT="tharitate"/>
                  <SP HEIGHT="66" WIDTH="17" VPOS="1263" HPOS="1866"/>
                  <String HEIGHT="66"
                          WIDTH="121"
                          VPOS="1263"
                          HPOS="1814"
                          CONTENT="pro"/>
                  <SP HEIGHT="66" WIDTH="17" VPOS="1263" HPOS="1935"/>
                  <String HEIGHT="66"
                          WIDTH="191"
                          VPOS="1263"
                          HPOS="1883"
                          CONTENT="mortali"/>
                  <SP HEIGHT="66" WIDTH="17" VPOS="1263" HPOS="2074"/>
                  <String HEIGHT="66"
                          WIDTH="121"
                          VPOS="1263"
                          HPOS="2005"
                          CONTENT="trimi"/>
               </TextLine>
               <TextLine ID="r4l25"
                         BASELINE="1377"
                         HEIGHT="70"
                         WIDTH="405"
                         VPOS="1307"
                         HPOS="1551">
                  <String HEIGHT="70" WIDTH="97" VPOS="1307" HPOS="1535" CONTENT="ne"/>
                  <SP HEIGHT="70" WIDTH="16" VPOS="1307" HPOS="1632"/>
                  <String HEIGHT="70"
                          WIDTH="113"
                          VPOS="1307"
                          HPOS="1583"
                          CONTENT="Deo"/>
                  <SP HEIGHT="70" WIDTH="16" VPOS="1307" HPOS="1697"/>
                  <String HEIGHT="70"
                          WIDTH="243"
                          VPOS="1307"
                          HPOS="1648"
                          CONTENT="satisfacere"/>
                  <SP HEIGHT="70" WIDTH="16" VPOS="1307" HPOS="1891"/>
                  <String HEIGHT="70"
                          WIDTH="130"
                          VPOS="1307"
                          HPOS="1826"
                          CONTENT="possit"/>
               </TextLine>
               <TextLine ID="r4l26"
                         BASELINE="1460"
                         HEIGHT="52"
                         WIDTH="784"
                         VPOS="1408"
                         HPOS="1392">
                  <String HEIGHT="52"
                          WIDTH="191"
                          VPOS="1408"
                          HPOS="1373"
                          CONTENT="VANTVM"/>
                  <SP HEIGHT="52" WIDTH="19" VPOS="1408" HPOS="1564"/>
                  <String HEIGHT="52"
                          WIDTH="115"
                          VPOS="1408"
                          HPOS="1507"
                          CONTENT="ad"/>
                  <SP HEIGHT="52" WIDTH="19" VPOS="1408" HPOS="1621"/>
                  <String HEIGHT="52"
                          WIDTH="229"
                          VPOS="1408"
                          HPOS="1564"
                          CONTENT="secundum"/>
                  <SP HEIGHT="52" WIDTH="19" VPOS="1408" HPOS="1794"/>
                  <String HEIGHT="52"
                          WIDTH="249"
                          VPOS="1408"
                          HPOS="1736"
                          CONTENT="articulum"/>
                  <SP HEIGHT="52" WIDTH="19" VPOS="1408" HPOS="1985"/>
                  <String HEIGHT="52"
                          WIDTH="134"
                          VPOS="1408"
                          HPOS="1927"
                          CONTENT="sic"/>
                  <SP HEIGHT="52" WIDTH="19" VPOS="1408" HPOS="2061"/>
                  <String HEIGHT="52"
                          WIDTH="191"
                          VPOS="1408"
                          HPOS="1985"
                          CONTENT="procedam"/>
               </TextLine>
               <TextLine ID="r4l28"
                         BASELINE="1493"
                         HEIGHT="46"
                         WIDTH="811"
                         VPOS="1447"
                         HPOS="1376">
                  <String HEIGHT="46" WIDTH="97" VPOS="1447" HPOS="1357" CONTENT="S"/>
                  <SP HEIGHT="46" WIDTH="19" VPOS="1447" HPOS="1453"/>
                  <String HEIGHT="46"
                          WIDTH="174"
                          VPOS="1447"
                          HPOS="1395"
                          CONTENT="Primo"/>
                  <SP HEIGHT="46" WIDTH="19" VPOS="1447" HPOS="1569"/>
                  <String HEIGHT="46"
                          WIDTH="154"
                          VPOS="1447"
                          HPOS="1511"
                          CONTENT="enim"/>
                  <SP HEIGHT="46" WIDTH="19" VPOS="1447" HPOS="1666"/>
                  <String HEIGHT="46"
                          WIDTH="174"
                          VPOS="1447"
                          HPOS="1608"
                          CONTENT="ponam"/>
                  <SP HEIGHT="46" WIDTH="19" VPOS="1447" HPOS="1782"/>
                  <String HEIGHT="46"
                          WIDTH="154"
                          VPOS="1447"
                          HPOS="1724"
                          CONTENT="vnam"/>
                  <SP HEIGHT="46" WIDTH="19" VPOS="1447" HPOS="1878"/>
                  <String HEIGHT="46"
                          WIDTH="309"
                          VPOS="1447"
                          HPOS="1820"
                          CONTENT="conclusionem"/>
                  <SP HEIGHT="46" WIDTH="19" VPOS="1447" HPOS="2129"/>
                  <String HEIGHT="46"
                          WIDTH="135"
                          VPOS="1447"
                          HPOS="2052"
                          CONTENT="circa"/>
               </TextLine>
               <TextLine ID="r4l29"
                         BASELINE="1543"
                         HEIGHT="58"
                         WIDTH="842"
                         VPOS="1485"
                         HPOS="1338">
                  <String HEIGHT="58"
                          WIDTH="207"
                          VPOS="1485"
                          HPOS="1322"
                          CONTENT="quaesitum"/>
                  <SP HEIGHT="58" WIDTH="16" VPOS="1485" HPOS="1529"/>
                  <String HEIGHT="58"
                          WIDTH="238"
                          VPOS="1485"
                          HPOS="1481"
                          CONTENT="principale."/>
                  <SP HEIGHT="58" WIDTH="16" VPOS="1485" HPOS="1719"/>
                  <String HEIGHT="58"
                          WIDTH="175"
                          VPOS="1485"
                          HPOS="1672"
                          CONTENT="Secundo"/>
                  <SP HEIGHT="58" WIDTH="16" VPOS="1485" HPOS="1846"/>
                  <String HEIGHT="58"
                          WIDTH="175"
                          VPOS="1485"
                          HPOS="1799"
                          CONTENT="inferam"/>
                  <SP HEIGHT="58" WIDTH="16" VPOS="1485" HPOS="1973"/>
                  <String HEIGHT="58"
                          WIDTH="159"
                          VPOS="1485"
                          HPOS="1926"
                          CONTENT="aliqua"/>
                  <SP HEIGHT="58" WIDTH="16" VPOS="1485" HPOS="2085"/>
                  <String HEIGHT="58"
                          WIDTH="159"
                          VPOS="1485"
                          HPOS="2021"
                          CONTENT="corolla"
                          SUBS_TYPE="HypPart1"
                          SUBS_CONTENT="corollaria"/>
                  <HYP CONTENT="-"/>
               </TextLine>
               <TextLine ID="r4l30"
                         BASELINE="1584"
                         HEIGHT="55"
                         WIDTH="458"
                         VPOS="1529"
                         HPOS="1332">
                  <String HEIGHT="55"
                          WIDTH="111"
                          VPOS="1529"
                          HPOS="1316"
                          CONTENT="ria"
                          SUBS_TYPE="HypPart2"
                          SUBS_CONTENT="corollaria"/>
                  <SP HEIGHT="55" WIDTH="16" VPOS="1529" HPOS="1427"/>
                  <String HEIGHT="55"
                          WIDTH="142"
                          VPOS="1529"
                          HPOS="1379"
                          CONTENT="circa"/>
                  <SP HEIGHT="55" WIDTH="16" VPOS="1529" HPOS="1522"/>
                  <String HEIGHT="55"
                          WIDTH="142"
                          VPOS="1529"
                          HPOS="1474"
                          CONTENT="modum"/>
                  <SP HEIGHT="55" WIDTH="16" VPOS="1529" HPOS="1616"/>
                  <String HEIGHT="55"
                          WIDTH="237"
                          VPOS="1529"
                          HPOS="1553"
                          CONTENT="satisfaciendi"/>
               </TextLine>
               <TextLine ID="r4l32"
                         BASELINE="1620"
                         HEIGHT="54"
                         WIDTH="812"
                         VPOS="1566"
                         HPOS="1365">
                  <String HEIGHT="54"
                          WIDTH="182"
                          VPOS="1566"
                          HPOS="1351"
                          CONTENT="Conclusio"/>
                  <SP HEIGHT="54" WIDTH="14" VPOS="1566" HPOS="1533"/>
                  <String HEIGHT="54"
                          WIDTH="98"
                          VPOS="1566"
                          HPOS="1491"
                          CONTENT="est"/>
                  <SP HEIGHT="54" WIDTH="14" VPOS="1566" HPOS="1589"/>
                  <String HEIGHT="54"
                          WIDTH="126"
                          VPOS="1566"
                          HPOS="1547"
                          CONTENT="haec,"/>
                  <SP HEIGHT="54" WIDTH="14" VPOS="1566" HPOS="1673"/>
                  <String HEIGHT="54"
                          WIDTH="126"
                          VPOS="1566"
                          HPOS="1631"
                          CONTENT="quoed"/>
                  <SP HEIGHT="54" WIDTH="14" VPOS="1566" HPOS="1757"/>
                  <String HEIGHT="54"
                          WIDTH="140"
                          VPOS="1566"
                          HPOS="1715"
                          CONTENT="nullus"/>
                  <SP HEIGHT="54" WIDTH="14" VPOS="1566" HPOS="1855"/>
                  <String HEIGHT="54"
                          WIDTH="126"
                          VPOS="1566"
                          HPOS="1813"
                          CONTENT="homo,"/>
                  <SP HEIGHT="54" WIDTH="14" VPOS="1566" HPOS="1939"/>
                  <String HEIGHT="54"
                          WIDTH="140"
                          VPOS="1566"
                          HPOS="1897"
                          CONTENT="carens"/>
                  <SP HEIGHT="54" WIDTH="14" VPOS="1566" HPOS="2037"/>
                  <String HEIGHT="54"
                          WIDTH="154"
                          VPOS="1566"
                          HPOS="1995"
                          CONTENT="gratia,"/>
                  <SP HEIGHT="54" WIDTH="14" VPOS="1566" HPOS="2149"/>
                  <String HEIGHT="54" WIDTH="70" VPOS="1566" HPOS="2107" CONTENT="&amp;"/>
                  <SP HEIGHT="54" WIDTH="14" VPOS="1566" HPOS="2177"/>
                  <String HEIGHT="54" WIDTH="56" VPOS="1566" HPOS="2121" CONTENT="ca"/>
               </TextLine>
               <TextLine ID="r4l34"
                         BASELINE="1658"
                         HEIGHT="52"
                         WIDTH="693"
                         VPOS="1606"
                         HPOS="1334">
                  <String HEIGHT="52"
                          WIDTH="159"
                          VPOS="1606"
                          HPOS="1320"
                          CONTENT="ritate,"/>
                  <SP HEIGHT="52" WIDTH="14" VPOS="1606" HPOS="1478"/>
                  <String HEIGHT="52"
                          WIDTH="116"
                          VPOS="1606"
                          HPOS="1435"
                          CONTENT="ipsi"/>
                  <SP HEIGHT="52" WIDTH="14" VPOS="1606" HPOS="1551"/>
                  <String HEIGHT="52"
                          WIDTH="101"
                          VPOS="1606"
                          HPOS="1507"
                          CONTENT="Deo"/>
                  <SP HEIGHT="52" WIDTH="14" VPOS="1606" HPOS="1608"/>
                  <String HEIGHT="52" WIDTH="87" VPOS="1606" HPOS="1565" CONTENT="de"/>
                  <SP HEIGHT="52" WIDTH="14" VPOS="1606" HPOS="1652"/>
                  <String HEIGHT="52"
                          WIDTH="159"
                          VPOS="1606"
                          HPOS="1608"
                          CONTENT="peccato"/>
                  <SP HEIGHT="52" WIDTH="14" VPOS="1606" HPOS="1767"/>
                  <String HEIGHT="52"
                          WIDTH="144"
                          VPOS="1606"
                          HPOS="1724"
                          CONTENT="potest"/>
                  <SP HEIGHT="52" WIDTH="14" VPOS="1606" HPOS="1868"/>
                  <String HEIGHT="52"
                          WIDTH="130"
                          VPOS="1606"
                          HPOS="1825"
                          CONTENT="satis"/>
                  <SP HEIGHT="52" WIDTH="14" VPOS="1606" HPOS="1955"/>
                  <String HEIGHT="52"
                          WIDTH="130"
                          VPOS="1606"
                          HPOS="1897"
                          CONTENT="facere."/>
               </TextLine>
               <TextLine ID="r4l36"
                         BASELINE="1694"
                         HEIGHT="42"
                         WIDTH="801"
                         VPOS="1652"
                         HPOS="1373">
                  <String HEIGHT="42" WIDTH="76" VPOS="1652" HPOS="1358" CONTENT="1"/>
                  <SP HEIGHT="42" WIDTH="15" VPOS="1652" HPOS="1433"/>
                  <String HEIGHT="42"
                          WIDTH="121"
                          VPOS="1652"
                          HPOS="1388"
                          CONTENT="Quia"/>
                  <SP HEIGHT="42" WIDTH="15" VPOS="1652" HPOS="1509"/>
                  <String HEIGHT="42"
                          WIDTH="136"
                          VPOS="1652"
                          HPOS="1464"
                          CONTENT="opera"/>
                  <SP HEIGHT="42" WIDTH="15" VPOS="1652" HPOS="1600"/>
                  <String HEIGHT="42"
                          WIDTH="181"
                          VPOS="1652"
                          HPOS="1554"
                          CONTENT="hominis,"/>
                  <SP HEIGHT="42" WIDTH="15" VPOS="1652" HPOS="1736"/>
                  <String HEIGHT="42"
                          WIDTH="181"
                          VPOS="1652"
                          HPOS="1690"
                          CONTENT="carentis"/>
                  <SP HEIGHT="42" WIDTH="15" VPOS="1652" HPOS="1872"/>
                  <String HEIGHT="42"
                          WIDTH="166"
                          VPOS="1652"
                          HPOS="1826"
                          CONTENT="gratia,"/>
                  <SP HEIGHT="42" WIDTH="15" VPOS="1652" HPOS="1993"/>
                  <String HEIGHT="42" WIDTH="76" VPOS="1652" HPOS="1947" CONTENT="&amp;"/>
                  <SP HEIGHT="42" WIDTH="15" VPOS="1652" HPOS="2023"/>
                  <String HEIGHT="42"
                          WIDTH="196"
                          VPOS="1652"
                          HPOS="1978"
                          CONTENT="caritate,"/>
                  <SP HEIGHT="42" WIDTH="15" VPOS="1652" HPOS="2174"/>
                  <String HEIGHT="42" WIDTH="60" VPOS="1652" HPOS="2114" CONTENT="ni"/>
               </TextLine>
               <TextLine ID="r4l37"
                         BASELINE="1728"
                         HEIGHT="40"
                         WIDTH="855"
                         VPOS="1688"
                         HPOS="1325">
                  <String HEIGHT="40"
                          WIDTH="122"
                          VPOS="1688"
                          HPOS="1310"
                          CONTENT="sunt"/>
                  <SP HEIGHT="40" WIDTH="15" VPOS="1688" HPOS="1432"/>
                  <String HEIGHT="40"
                          WIDTH="107"
                          VPOS="1688"
                          HPOS="1386"
                          CONTENT="Deo"/>
                  <SP HEIGHT="40" WIDTH="15" VPOS="1688" HPOS="1493"/>
                  <String HEIGHT="40"
                          WIDTH="153"
                          VPOS="1688"
                          HPOS="1447"
                          CONTENT="grata,"/>
                  <SP HEIGHT="40" WIDTH="15" VPOS="1688" HPOS="1600"/>
                  <String HEIGHT="40"
                          WIDTH="137"
                          VPOS="1688"
                          HPOS="1554"
                          CONTENT="cara,"/>
                  <SP HEIGHT="40" WIDTH="15" VPOS="1688" HPOS="1691"/>
                  <String HEIGHT="40"
                          WIDTH="107"
                          VPOS="1688"
                          HPOS="1646"
                          CONTENT="vel"/>
                  <SP HEIGHT="40" WIDTH="15" VPOS="1688" HPOS="1753"/>
                  <String HEIGHT="40"
                          WIDTH="183"
                          VPOS="1688"
                          HPOS="1707"
                          CONTENT="accepta;"/>
                  <SP HEIGHT="40" WIDTH="15" VPOS="1688" HPOS="1890"/>
                  <String HEIGHT="40"
                          WIDTH="122"
                          VPOS="1688"
                          HPOS="1844"
                          CONTENT="ergo"/>
                  <SP HEIGHT="40" WIDTH="15" VPOS="1688" HPOS="1966"/>
                  <String HEIGHT="40"
                          WIDTH="137"
                          VPOS="1688"
                          HPOS="1920"
                          CONTENT="homo,"/>
                  <SP HEIGHT="40" WIDTH="15" VPOS="1688" HPOS="2058"/>
                  <String HEIGHT="40"
                          WIDTH="153"
                          VPOS="1688"
                          HPOS="2012"
                          CONTENT="carens"/>
                  <SP HEIGHT="40" WIDTH="15" VPOS="1688" HPOS="2165"/>
                  <String HEIGHT="40"
                          WIDTH="76"
                          VPOS="1688"
                          HPOS="2104"
                          CONTENT="ca"
                          SUBS_TYPE="HypPart1"
                          SUBS_CONTENT="caritate,"/>
                  <HYP CONTENT="-"/>
               </TextLine>
               <TextLine ID="r4l38"
                         BASELINE="1778"
                         HEIGHT="43"
                         WIDTH="857"
                         VPOS="1735"
                         HPOS="1335">
                  <String HEIGHT="43"
                          WIDTH="165"
                          VPOS="1735"
                          HPOS="1320"
                          CONTENT="ritate,"
                          SUBS_TYPE="HypPart2"
                          SUBS_CONTENT="caritate,"/>
                  <SP HEIGHT="43" WIDTH="15" VPOS="1735" HPOS="1485"/>
                  <String HEIGHT="43"
                          WIDTH="105"
                          VPOS="1735"
                          HPOS="1440"
                          CONTENT="non"/>
                  <SP HEIGHT="43" WIDTH="15" VPOS="1735" HPOS="1545"/>
                  <String HEIGHT="43"
                          WIDTH="150"
                          VPOS="1735"
                          HPOS="1500"
                          CONTENT="potest"/>
                  <SP HEIGHT="43" WIDTH="15" VPOS="1735" HPOS="1651"/>
                  <String HEIGHT="43"
                          WIDTH="105"
                          VPOS="1735"
                          HPOS="1606"
                          CONTENT="Deo"/>
                  <SP HEIGHT="43" WIDTH="15" VPOS="1735" HPOS="1711"/>
                  <String HEIGHT="43"
                          WIDTH="226"
                          VPOS="1735"
                          HPOS="1666"
                          CONTENT="satisfacere"/>
                  <SP HEIGHT="43" WIDTH="15" VPOS="1735" HPOS="1891"/>
                  <String HEIGHT="43" WIDTH="90" VPOS="1735" HPOS="1846" CONTENT="de"/>
                  <SP HEIGHT="43" WIDTH="15" VPOS="1735" HPOS="1936"/>
                  <String HEIGHT="43"
                          WIDTH="180"
                          VPOS="1735"
                          HPOS="1891"
                          CONTENT="offensa."/>
                  <SP HEIGHT="43" WIDTH="15" VPOS="1735" HPOS="2072"/>
                  <String HEIGHT="43"
                          WIDTH="180"
                          VPOS="1735"
                          HPOS="2012"
                          CONTENT="Antecedens"/>
               </TextLine>
               <TextLine ID="r4l39"
                         BASELINE="1818"
                         HEIGHT="52"
                         WIDTH="849"
                         VPOS="1766"
                         HPOS="1332">
                  <String HEIGHT="52"
                          WIDTH="149"
                          VPOS="1766"
                          HPOS="1317"
                          CONTENT="patet:"/>
                  <SP HEIGHT="52" WIDTH="15" VPOS="1766" HPOS="1466"/>
                  <String HEIGHT="52"
                          WIDTH="119"
                          VPOS="1766"
                          HPOS="1421"
                          CONTENT="quia"/>
                  <SP HEIGHT="52" WIDTH="15" VPOS="1766" HPOS="1541"/>
                  <String HEIGHT="52"
                          WIDTH="179"
                          VPOS="1766"
                          HPOS="1496"
                          CONTENT="inimicus"/>
                  <SP HEIGHT="52" WIDTH="15" VPOS="1766" HPOS="1675"/>
                  <String HEIGHT="52"
                          WIDTH="104"
                          VPOS="1766"
                          HPOS="1630"
                          CONTENT="non"/>
                  <SP HEIGHT="52" WIDTH="15" VPOS="1766" HPOS="1734"/>
                  <String HEIGHT="52"
                          WIDTH="223"
                          VPOS="1766"
                          HPOS="1689"
                          CONTENT="gratificat,"/>
                  <SP HEIGHT="52" WIDTH="15" VPOS="1766" HPOS="1913"/>
                  <String HEIGHT="52"
                          WIDTH="104"
                          VPOS="1766"
                          HPOS="1868"
                          CONTENT="nec"/>
                  <SP HEIGHT="52" WIDTH="15" VPOS="1766" HPOS="1972"/>
                  <String HEIGHT="52"
                          WIDTH="179"
                          VPOS="1766"
                          HPOS="1928"
                          CONTENT="acceptat"/>
                  <SP HEIGHT="52" WIDTH="15" VPOS="1766" HPOS="2107"/>
                  <String HEIGHT="52"
                          WIDTH="119"
                          VPOS="1766"
                          HPOS="2062"
                          CONTENT="opus"/>
                  <SP HEIGHT="52" WIDTH="15" VPOS="1766" HPOS="2181"/>
                  <String HEIGHT="52"
                          WIDTH="60"
                          VPOS="1766"
                          HPOS="2121"
                          CONTENT="i"
                          SUBS_TYPE="HypPart1"
                          SUBS_CONTENT="inimici"/>
                  <HYP CONTENT="-"/>
               </TextLine>
               <TextLine ID="r4l40"
                         BASELINE="1852"
                         HEIGHT="41"
                         WIDTH="847"
                         VPOS="1811"
                         HPOS="1338">
                  <String HEIGHT="41"
                          WIDTH="154"
                          VPOS="1811"
                          HPOS="1323"
                          CONTENT="nimici"
                          SUBS_TYPE="HypPart2"
                          SUBS_CONTENT="inimici"/>
                  <SP HEIGHT="41" WIDTH="15" VPOS="1811" HPOS="1477"/>
                  <String HEIGHT="41" WIDTH="77" VPOS="1811" HPOS="1430" CONTENT=":"/>
                  <SP HEIGHT="41" WIDTH="15" VPOS="1811" HPOS="1507"/>
                  <String HEIGHT="41"
                          WIDTH="108"
                          VPOS="1811"
                          HPOS="1461"
                          CONTENT="sed"/>
                  <SP HEIGHT="41" WIDTH="15" VPOS="1811" HPOS="1569"/>
                  <String HEIGHT="41"
                          WIDTH="123"
                          VPOS="1811"
                          HPOS="1523"
                          CONTENT="homo"/>
                  <SP HEIGHT="41" WIDTH="15" VPOS="1811" HPOS="1646"/>
                  <String HEIGHT="41"
                          WIDTH="123"
                          VPOS="1811"
                          HPOS="1600"
                          CONTENT="sine"/>
                  <SP HEIGHT="41" WIDTH="15" VPOS="1811" HPOS="1723"/>
                  <String HEIGHT="41"
                          WIDTH="185"
                          VPOS="1811"
                          HPOS="1677"
                          CONTENT="caritate"/>
                  <SP HEIGHT="41" WIDTH="15" VPOS="1811" HPOS="1862"/>
                  <String HEIGHT="41"
                          WIDTH="108"
                          VPOS="1811"
                          HPOS="1815"
                          CONTENT="est"/>
                  <SP HEIGHT="41" WIDTH="15" VPOS="1811" HPOS="1923"/>
                  <String HEIGHT="41"
                          WIDTH="185"
                          VPOS="1811"
                          HPOS="1877"
                          CONTENT="inimicus"/>
                  <SP HEIGHT="41" WIDTH="15" VPOS="1811" HPOS="2062"/>
                  <String HEIGHT="41"
                          WIDTH="123"
                          VPOS="1811"
                          HPOS="2016"
                          CONTENT="Deo,"/>
                  <SP HEIGHT="41" WIDTH="15" VPOS="1811" HPOS="2139"/>
                  <String HEIGHT="41" WIDTH="77" VPOS="1811" HPOS="2093" CONTENT="&amp;"/>
                  <SP HEIGHT="41" WIDTH="15" VPOS="1811" HPOS="2170"/>
                  <String HEIGHT="41"
                          WIDTH="77"
                          VPOS="1811"
                          HPOS="2108"
                          CONTENT="ira"/>
               </TextLine>
               <TextLine ID="r4l41"
                         BASELINE="1895"
                         HEIGHT="48"
                         WIDTH="838"
                         VPOS="1847"
                         HPOS="1336">
                  <String HEIGHT="48"
                          WIDTH="111"
                          VPOS="1847"
                          HPOS="1320"
                          CONTENT="Dei"/>
                  <SP HEIGHT="48" WIDTH="16" VPOS="1847" HPOS="1431"/>
                  <String HEIGHT="48"
                          WIDTH="221"
                          VPOS="1847"
                          HPOS="1383"
                          CONTENT="actualiter"/>
                  <SP HEIGHT="48" WIDTH="16" VPOS="1847" HPOS="1605"/>
                  <String HEIGHT="48"
                          WIDTH="111"
                          VPOS="1847"
                          HPOS="1557"
                          CONTENT="est"/>
                  <SP HEIGHT="48" WIDTH="16" VPOS="1847" HPOS="1668"/>
                  <String HEIGHT="48"
                          WIDTH="158"
                          VPOS="1847"
                          HPOS="1621"
                          CONTENT="contra"/>
                  <SP HEIGHT="48" WIDTH="16" VPOS="1847" HPOS="1779"/>
                  <String HEIGHT="48"
                          WIDTH="126"
                          VPOS="1847"
                          HPOS="1731"
                          CONTENT="eum:"/>
                  <SP HEIGHT="48" WIDTH="16" VPOS="1847" HPOS="1858"/>
                  <String HEIGHT="48"
                          WIDTH="126"
                          VPOS="1847"
                          HPOS="1810"
                          CONTENT="quia"/>
                  <SP HEIGHT="48" WIDTH="16" VPOS="1847" HPOS="1937"/>
                  <String HEIGHT="48"
                          WIDTH="142"
                          VPOS="1847"
                          HPOS="1889"
                          CONTENT="omnes"/>
                  <SP HEIGHT="48" WIDTH="16" VPOS="1847" HPOS="2032"/>
                  <String HEIGHT="48"
                          WIDTH="190"
                          VPOS="1847"
                          HPOS="1984"
                          CONTENT="nascimur"/>
                  <SP HEIGHT="48" WIDTH="16" VPOS="1847" HPOS="2174"/>
                  <String HEIGHT="48" WIDTH="63" VPOS="1847" HPOS="2111" CONTENT="na"/>
               </TextLine>
               <TextLine ID="r4l42"
                         BASELINE="1938"
                         HEIGHT="50"
                         WIDTH="851"
                         VPOS="1888"
                         HPOS="1335">
                  <String HEIGHT="50"
                          WIDTH="117"
                          VPOS="1888"
                          HPOS="1320"
                          CONTENT="tura"/>
                  <SP HEIGHT="50" WIDTH="15" VPOS="1888" HPOS="1438"/>
                  <String HEIGHT="50"
                          WIDTH="132"
                          VPOS="1888"
                          HPOS="1394"
                          CONTENT="filij"/>
                  <SP HEIGHT="50" WIDTH="15" VPOS="1888" HPOS="1526"/>
                  <String HEIGHT="50"
                          WIDTH="132"
                          VPOS="1888"
                          HPOS="1482"
                          CONTENT="irae,"/>
                  <SP HEIGHT="50" WIDTH="15" VPOS="1888" HPOS="1614"/>
                  <String HEIGHT="50"
                          WIDTH="132"
                          VPOS="1888"
                          HPOS="1570"
                          CONTENT="sicut"/>
                  <SP HEIGHT="50" WIDTH="15" VPOS="1888" HPOS="1702"/>
                  <String HEIGHT="50"
                          WIDTH="103"
                          VPOS="1888"
                          HPOS="1658"
                          CONTENT="ait"/>
                  <SP HEIGHT="50" WIDTH="15" VPOS="1888" HPOS="1761"/>
                  <String HEIGHT="50"
                          WIDTH="191"
                          VPOS="1888"
                          HPOS="1716"
                          CONTENT="Apostolus"/>
                  <SP HEIGHT="50" WIDTH="15" VPOS="1888" HPOS="1907"/>
                  <String HEIGHT="50"
                          WIDTH="235"
                          VPOS="1888"
                          HPOS="1863"
                          CONTENT="Consequentia"/>
                  <SP HEIGHT="50" WIDTH="15" VPOS="1888" HPOS="2098"/>
                  <String HEIGHT="50"
                          WIDTH="132"
                          VPOS="1888"
                          HPOS="2054"
                          CONTENT="etiam"/>
                  <SP HEIGHT="50" WIDTH="15" VPOS="1888" HPOS="2186"/>
                  <String HEIGHT="50" WIDTH="59" VPOS="1888" HPOS="2127" CONTENT="pa"/>
               </TextLine>
               <TextLine ID="r4l44"
                         BASELINE="1978"
                         HEIGHT="52"
                         WIDTH="843"
                         VPOS="1926"
                         HPOS="1338">
                  <String HEIGHT="52"
                          WIDTH="118"
                          VPOS="1926"
                          HPOS="1323"
                          CONTENT="tet:"/>
                  <SP HEIGHT="52" WIDTH="15" VPOS="1926" HPOS="1442"/>
                  <String HEIGHT="52"
                          WIDTH="118"
                          VPOS="1926"
                          HPOS="1397"
                          CONTENT="quia"/>
                  <SP HEIGHT="52" WIDTH="15" VPOS="1926" HPOS="1515"/>
                  <String HEIGHT="52"
                          WIDTH="104"
                          VPOS="1926"
                          HPOS="1471"
                          CONTENT="Deo"/>
                  <SP HEIGHT="52" WIDTH="15" VPOS="1926" HPOS="1575"/>
                  <String HEIGHT="52"
                          WIDTH="222"
                          VPOS="1926"
                          HPOS="1530"
                          CONTENT="satissacere"/>
                  <SP HEIGHT="52" WIDTH="15" VPOS="1926" HPOS="1752"/>
                  <String HEIGHT="52"
                          WIDTH="104"
                          VPOS="1926"
                          HPOS="1708"
                          CONTENT="non"/>
                  <SP HEIGHT="52" WIDTH="15" VPOS="1926" HPOS="1811"/>
                  <String HEIGHT="52"
                          WIDTH="192"
                          VPOS="1926"
                          HPOS="1767"
                          CONTENT="possumus,"/>
                  <SP HEIGHT="52" WIDTH="15" VPOS="1926" HPOS="1959"/>
                  <String HEIGHT="52"
                          WIDTH="118"
                          VPOS="1926"
                          HPOS="1915"
                          CONTENT="nisi"/>
                  <SP HEIGHT="52" WIDTH="15" VPOS="1926" HPOS="2033"/>
                  <String HEIGHT="52"
                          WIDTH="192"
                          VPOS="1926"
                          HPOS="1989"
                          CONTENT="inquantum"/>
                  <SP HEIGHT="52" WIDTH="15" VPOS="1926" HPOS="2181"/>
                  <String HEIGHT="52" WIDTH="59" VPOS="1926" HPOS="2122" CONTENT="ip"/>
               </TextLine>
               <TextLine ID="r4l45"
                         BASELINE="2008"
                         HEIGHT="44"
                         WIDTH="835"
                         VPOS="1964"
                         HPOS="1329">
                  <String HEIGHT="44" WIDTH="95" VPOS="1964" HPOS="1313" CONTENT="se"/>
                  <SP HEIGHT="44" WIDTH="16" VPOS="1964" HPOS="1408"/>
                  <String HEIGHT="44"
                          WIDTH="205"
                          VPOS="1964"
                          HPOS="1361"
                          CONTENT="acceptat,"/>
                  <SP HEIGHT="44" WIDTH="16" VPOS="1964" HPOS="1565"/>
                  <String HEIGHT="44" WIDTH="79" VPOS="1964" HPOS="1518" CONTENT="&amp;"/>
                  <SP HEIGHT="44" WIDTH="16" VPOS="1964" HPOS="1597"/>
                  <String HEIGHT="44"
                          WIDTH="221"
                          VPOS="1964"
                          HPOS="1550"
                          CONTENT="gratificat"/>
                  <SP HEIGHT="44" WIDTH="16" VPOS="1964" HPOS="1770"/>
                  <String HEIGHT="44"
                          WIDTH="142"
                          VPOS="1964"
                          HPOS="1723"
                          CONTENT="illud"/>
                  <SP HEIGHT="44" WIDTH="16" VPOS="1964" HPOS="1865"/>
                  <String HEIGHT="44"
                          WIDTH="189"
                          VPOS="1964"
                          HPOS="1817"
                          CONTENT="modicum,"/>
                  <SP HEIGHT="44" WIDTH="16" VPOS="1964" HPOS="2006"/>
                  <String HEIGHT="44"
                          WIDTH="126"
                          VPOS="1964"
                          HPOS="1959"
                          CONTENT="quod"/>
                  <SP HEIGHT="44" WIDTH="16" VPOS="1964" HPOS="2085"/>
                  <String HEIGHT="44"
                          WIDTH="142"
                          VPOS="1964"
                          HPOS="2022"
                          CONTENT="facimus"/>
               </TextLine>
               <TextLine ID="r4l46"
                         BASELINE="2056"
                         HEIGHT="54"
                         WIDTH="824"
                         VPOS="2002"
                         HPOS="1363">
                  <String HEIGHT="54" WIDTH="74" VPOS="2002" HPOS="1348" CONTENT="2"/>
                  <SP HEIGHT="54" WIDTH="15" VPOS="2002" HPOS="1422"/>
                  <String HEIGHT="54"
                          WIDTH="206"
                          VPOS="2002"
                          HPOS="1378"
                          CONTENT="Praeterea,"/>
                  <SP HEIGHT="54" WIDTH="15" VPOS="2002" HPOS="1584"/>
                  <String HEIGHT="54"
                          WIDTH="206"
                          VPOS="2002"
                          HPOS="1540"
                          CONTENT="deficiente"/>
                  <SP HEIGHT="54" WIDTH="15" VPOS="2002" HPOS="1746"/>
                  <String HEIGHT="54"
                          WIDTH="118"
                          VPOS="2002"
                          HPOS="1701"
                          CONTENT="vera"/>
                  <SP HEIGHT="54" WIDTH="15" VPOS="2002" HPOS="1819"/>
                  <String HEIGHT="54"
                          WIDTH="221"
                          VPOS="2002"
                          HPOS="1775"
                          CONTENT="contritione"/>
                  <SP HEIGHT="54" WIDTH="15" VPOS="2002" HPOS="1996"/>
                  <String HEIGHT="54"
                          WIDTH="103"
                          VPOS="2002"
                          HPOS="1952"
                          CONTENT="non"/>
                  <SP HEIGHT="54" WIDTH="15" VPOS="2002" HPOS="2055"/>
                  <String HEIGHT="54"
                          WIDTH="147"
                          VPOS="2002"
                          HPOS="2010"
                          CONTENT="potest"/>
                  <SP HEIGHT="54" WIDTH="15" VPOS="2002" HPOS="2158"/>
                  <String HEIGHT="54"
                          WIDTH="88"
                          VPOS="2002"
                          HPOS="2099"
                          CONTENT="fie"
                          SUBS_TYPE="HypPart1"
                          SUBS_CONTENT="fieri"/>
                  <HYP CONTENT="-"/>
               </TextLine>
               <TextLine ID="r4l47"
                         BASELINE="2084"
                         HEIGHT="45"
                         WIDTH="853"
                         VPOS="2039"
                         HPOS="1330">
                  <String HEIGHT="45"
                          WIDTH="90"
                          VPOS="2039"
                          HPOS="1315"
                          CONTENT="ri"
                          SUBS_TYPE="HypPart2"
                          SUBS_CONTENT="fieri"/>
                  <SP HEIGHT="45" WIDTH="15" VPOS="2039" HPOS="1405"/>
                  <String HEIGHT="45"
                          WIDTH="150"
                          VPOS="2039"
                          HPOS="1360"
                          CONTENT="debita"/>
                  <SP HEIGHT="45" WIDTH="15" VPOS="2039" HPOS="1510"/>
                  <String HEIGHT="45"
                          WIDTH="239"
                          VPOS="2039"
                          HPOS="1465"
                          CONTENT="satisfactio:"/>
                  <SP HEIGHT="45" WIDTH="15" VPOS="2039" HPOS="1704"/>
                  <String HEIGHT="45"
                          WIDTH="105"
                          VPOS="2039"
                          HPOS="1659"
                          CONTENT="sed"/>
                  <SP HEIGHT="45" WIDTH="15" VPOS="2039" HPOS="1764"/>
                  <String HEIGHT="45"
                          WIDTH="150"
                          VPOS="2039"
                          HPOS="1719"
                          CONTENT="carens"/>
                  <SP HEIGHT="45" WIDTH="15" VPOS="2039" HPOS="1869"/>
                  <String HEIGHT="45"
                          WIDTH="180"
                          VPOS="2039"
                          HPOS="1824"
                          CONTENT="caritate"/>
                  <SP HEIGHT="45" WIDTH="15" VPOS="2039" HPOS="2003"/>
                  <String HEIGHT="45"
                          WIDTH="150"
                          VPOS="2039"
                          HPOS="1959"
                          CONTENT="nondum"/>
                  <SP HEIGHT="45" WIDTH="15" VPOS="2039" HPOS="2108"/>
                  <String HEIGHT="45"
                          WIDTH="120"
                          VPOS="2039"
                          HPOS="2063"
                          CONTENT="fuit"/>
                  <SP HEIGHT="45" WIDTH="15" VPOS="2039" HPOS="2183"/>
                  <String HEIGHT="45" WIDTH="60" VPOS="2039" HPOS="2123" CONTENT="in"/>
               </TextLine>
               <TextLine ID="r4l48"
                         BASELINE="2124"
                         HEIGHT="44"
                         WIDTH="845"
                         VPOS="2080"
                         HPOS="1336">
                  <String HEIGHT="44"
                          WIDTH="121"
                          VPOS="2080"
                          HPOS="1321"
                          CONTENT="vera"/>
                  <SP HEIGHT="44" WIDTH="15" VPOS="2080" HPOS="1442"/>
                  <String HEIGHT="44"
                          WIDTH="226"
                          VPOS="2080"
                          HPOS="1396"
                          CONTENT="contritione"/>
                  <SP HEIGHT="44" WIDTH="15" VPOS="2080" HPOS="1623"/>
                  <String HEIGHT="44"
                          WIDTH="151"
                          VPOS="2080"
                          HPOS="1577"
                          CONTENT="illius"/>
                  <SP HEIGHT="44" WIDTH="15" VPOS="2080" HPOS="1728"/>
                  <String HEIGHT="44"
                          WIDTH="181"
                          VPOS="2080"
                          HPOS="1683"
                          CONTENT="mortalis"/>
                  <SP HEIGHT="44" WIDTH="15" VPOS="2080" HPOS="1864"/>
                  <String HEIGHT="44"
                          WIDTH="166"
                          VPOS="2080"
                          HPOS="1819"
                          CONTENT="peccati"/>
                  <SP HEIGHT="44" WIDTH="15" VPOS="2080" HPOS="1985"/>
                  <String HEIGHT="44"
                          WIDTH="226"
                          VPOS="2080"
                          HPOS="1940"
                          CONTENT="excludentis"/>
                  <SP HEIGHT="44" WIDTH="15" VPOS="2080" HPOS="2166"/>
                  <String HEIGHT="44"
                          WIDTH="75"
                          VPOS="2080"
                          HPOS="2106"
                          CONTENT="car"/>
               </TextLine>
               <TextLine ID="r4l49"
                         BASELINE="2169"
                         HEIGHT="48"
                         WIDTH="850"
                         VPOS="2121"
                         HPOS="1333">
                  <String HEIGHT="48"
                          WIDTH="155"
                          VPOS="2121"
                          HPOS="1318"
                          CONTENT="tatem:"/>
                  <SP HEIGHT="48" WIDTH="15" VPOS="2121" HPOS="1472"/>
                  <String HEIGHT="48"
                          WIDTH="124"
                          VPOS="2121"
                          HPOS="1426"
                          CONTENT="ergo"/>
                  <SP HEIGHT="48" WIDTH="15" VPOS="2121" HPOS="1549"/>
                  <String HEIGHT="48"
                          WIDTH="108"
                          VPOS="2121"
                          HPOS="1503"
                          CONTENT="&amp;c."/>
                  <SP HEIGHT="48" WIDTH="15" VPOS="2121" HPOS="1611"/>
                  <String HEIGHT="48"
                          WIDTH="139"
                          VPOS="2121"
                          HPOS="1565"
                          CONTENT="Minor"/>
                  <SP HEIGHT="48" WIDTH="15" VPOS="2121" HPOS="1704"/>
                  <String HEIGHT="48"
                          WIDTH="155"
                          VPOS="2121"
                          HPOS="1658"
                          CONTENT="patet,"/>
                  <SP HEIGHT="48" WIDTH="15" VPOS="2121" HPOS="1812"/>
                  <String HEIGHT="48"
                          WIDTH="139"
                          VPOS="2121"
                          HPOS="1766"
                          CONTENT="probo"/>
                  <SP HEIGHT="48" WIDTH="15" VPOS="2121" HPOS="1905"/>
                  <String HEIGHT="48"
                          WIDTH="185"
                          VPOS="2121"
                          HPOS="1858"
                          CONTENT="maiorem,"/>
                  <SP HEIGHT="48" WIDTH="15" VPOS="2121" HPOS="2044"/>
                  <String HEIGHT="48"
                          WIDTH="124"
                          VPOS="2121"
                          HPOS="1998"
                          CONTENT="quia"/>
                  <SP HEIGHT="48" WIDTH="15" VPOS="2121" HPOS="2121"/>
                  <String HEIGHT="48"
                          WIDTH="108"
                          VPOS="2121"
                          HPOS="2075"
                          CONTENT="non"/>
                  <SP HEIGHT="48" WIDTH="15" VPOS="2121" HPOS="2183"/>
                  <String HEIGHT="48" WIDTH="62" VPOS="2121" HPOS="2121" CONTENT="mi"/>
               </TextLine>
               <TextLine ID="r4l50"
                         BASELINE="2214"
                         HEIGHT="52"
                         WIDTH="850"
                         VPOS="2162"
                         HPOS="1335">
                  <String HEIGHT="52"
                          WIDTH="106"
                          VPOS="2162"
                          HPOS="1320"
                          CONTENT="nus"/>
                  <SP HEIGHT="52" WIDTH="15" VPOS="2162" HPOS="1426"/>
                  <String HEIGHT="52"
                          WIDTH="137"
                          VPOS="2162"
                          HPOS="1381"
                          CONTENT="satis"/>
                  <SP HEIGHT="52" WIDTH="15" VPOS="2162" HPOS="1517"/>
                  <String HEIGHT="52"
                          WIDTH="152"
                          VPOS="2162"
                          HPOS="1472"
                          CONTENT="factio"/>
                  <SP HEIGHT="52" WIDTH="15" VPOS="2162" HPOS="1623"/>
                  <String HEIGHT="52"
                          WIDTH="243"
                          VPOS="2162"
                          HPOS="1578"
                          CONTENT="praesupponit"/>
                  <SP HEIGHT="52" WIDTH="15" VPOS="2162" HPOS="1821"/>
                  <String HEIGHT="52"
                          WIDTH="258"
                          VPOS="2162"
                          HPOS="1775"
                          CONTENT="contritionem,"/>
                  <SP HEIGHT="52" WIDTH="15" VPOS="2162" HPOS="2033"/>
                  <String HEIGHT="52"
                          WIDTH="121"
                          VPOS="2162"
                          HPOS="1988"
                          CONTENT="quam"/>
                  <SP HEIGHT="52" WIDTH="15" VPOS="2162" HPOS="2109"/>
                  <String HEIGHT="52"
                          WIDTH="137"
                          VPOS="2162"
                          HPOS="2048"
                          CONTENT="confes"
                          SUBS_TYPE="HypPart1"
                          SUBS_CONTENT="confessio:"/>
                  <HYP CONTENT="-"/>
               </TextLine>
               <TextLine ID="r4l51"
                         BASELINE="2242"
                         HEIGHT="43"
                         WIDTH="846"
                         VPOS="2199"
                         HPOS="1335">
                  <String HEIGHT="43"
                          WIDTH="115"
                          VPOS="2199"
                          HPOS="1321"
                          CONTENT="sio:"
                          SUBS_TYPE="HypPart2"
                          SUBS_CONTENT="confessio:"/>
                  <SP HEIGHT="43" WIDTH="14" VPOS="2199" HPOS="1435"/>
                  <String HEIGHT="43"
                          WIDTH="115"
                          VPOS="2199"
                          HPOS="1392"
                          CONTENT="nam,"/>
                  <SP HEIGHT="43" WIDTH="14" VPOS="2199" HPOS="1507"/>
                  <String HEIGHT="43"
                          WIDTH="129"
                          VPOS="2199"
                          HPOS="1464"
                          CONTENT="sicut"/>
                  <SP HEIGHT="43" WIDTH="14" VPOS="2199" HPOS="1593"/>
                  <String HEIGHT="43"
                          WIDTH="129"
                          VPOS="2199"
                          HPOS="1550"
                          CONTENT="infra"/>
                  <SP HEIGHT="43" WIDTH="14" VPOS="2199" HPOS="1679"/>
                  <String HEIGHT="43"
                          WIDTH="172"
                          VPOS="2199"
                          HPOS="1636"
                          CONTENT="patebit,"/>
                  <SP HEIGHT="43" WIDTH="14" VPOS="2199" HPOS="1808"/>
                  <String HEIGHT="43"
                          WIDTH="215"
                          VPOS="2199"
                          HPOS="1765"
                          CONTENT="sacramentum"/>
                  <SP HEIGHT="43" WIDTH="14" VPOS="2199" HPOS="1980"/>
                  <String HEIGHT="43"
                          WIDTH="215"
                          VPOS="2199"
                          HPOS="1937"
                          CONTENT="penitentiae"/>
                  <SP HEIGHT="43" WIDTH="14" VPOS="2199" HPOS="2152"/>
                  <String HEIGHT="43"
                          WIDTH="86"
                          VPOS="2199"
                          HPOS="2095"
                          CONTENT="tres"/>
               </TextLine>
               <TextLine ID="r4l52"
                         BASELINE="2285"
                         HEIGHT="46"
                         WIDTH="845"
                         VPOS="2239"
                         HPOS="1337">
                  <String HEIGHT="46"
                          WIDTH="156"
                          VPOS="2239"
                          HPOS="1321"
                          CONTENT="partes"/>
                  <SP HEIGHT="46" WIDTH="16" VPOS="2239" HPOS="1478"/>
                  <String HEIGHT="46"
                          WIDTH="156"
                          VPOS="2239"
                          HPOS="1431"
                          CONTENT="habet,"/>
                  <SP HEIGHT="46" WIDTH="16" VPOS="2239" HPOS="1587"/>
                  <String HEIGHT="46"
                          WIDTH="156"
                          VPOS="2239"
                          HPOS="1540"
                          CONTENT="quarum"/>
                  <SP HEIGHT="46" WIDTH="16" VPOS="2239" HPOS="1697"/>
                  <String HEIGHT="46"
                          WIDTH="141"
                          VPOS="2239"
                          HPOS="1650"
                          CONTENT="prima"/>
                  <SP HEIGHT="46" WIDTH="16" VPOS="2239" HPOS="1791"/>
                  <String HEIGHT="46"
                          WIDTH="110"
                          VPOS="2239"
                          HPOS="1744"
                          CONTENT="est"/>
                  <SP HEIGHT="46" WIDTH="16" VPOS="2239" HPOS="1853"/>
                  <String HEIGHT="46"
                          WIDTH="219"
                          VPOS="2239"
                          HPOS="1806"
                          CONTENT="contritic,"/>
                  <SP HEIGHT="46" WIDTH="16" VPOS="2239" HPOS="2026"/>
                  <String HEIGHT="46"
                          WIDTH="172"
                          VPOS="2239"
                          HPOS="1979"
                          CONTENT="secunda"/>
                  <SP HEIGHT="46" WIDTH="16" VPOS="2239" HPOS="2151"/>
                  <String HEIGHT="46"
                          WIDTH="94"
                          VPOS="2239"
                          HPOS="2088"
                          CONTENT="con"
                          SUBS_TYPE="HypPart1"
                          SUBS_CONTENT="confessio,"/>
                  <HYP CONTENT="-"/>
               </TextLine>
               <TextLine ID="r4l53"
                         BASELINE="2326"
                         HEIGHT="41"
                         WIDTH="860"
                         VPOS="2285"
                         HPOS="1327">
                  <String HEIGHT="41"
                          WIDTH="166"
                          VPOS="2285"
                          HPOS="1312"
                          CONTENT="fessio,"
                          SUBS_TYPE="HypPart2"
                          SUBS_CONTENT="confessio,"/>
                  <SP HEIGHT="41" WIDTH="15" VPOS="2285" HPOS="1478"/>
                  <String HEIGHT="41" WIDTH="75" VPOS="2285" HPOS="1433" CONTENT="&amp;"/>
                  <SP HEIGHT="41" WIDTH="15" VPOS="2285" HPOS="1508"/>
                  <String HEIGHT="41"
                          WIDTH="151"
                          VPOS="2285"
                          HPOS="1463"
                          CONTENT="tertia"/>
                  <SP HEIGHT="41" WIDTH="15" VPOS="2285" HPOS="1614"/>
                  <String HEIGHT="41"
                          WIDTH="241"
                          VPOS="2285"
                          HPOS="1568"
                          CONTENT="satisfactio."/>
                  <SP HEIGHT="41" WIDTH="15" VPOS="2285" HPOS="1810"/>
                  <String HEIGHT="41"
                          WIDTH="106"
                          VPOS="2285"
                          HPOS="1765"
                          CONTENT="Sed"/>
                  <SP HEIGHT="41" WIDTH="15" VPOS="2285" HPOS="1870"/>
                  <String HEIGHT="41"
                          WIDTH="106"
                          VPOS="2285"
                          HPOS="1825"
                          CONTENT="non"/>
                  <SP HEIGHT="41" WIDTH="15" VPOS="2285" HPOS="1931"/>
                  <String HEIGHT="41"
                          WIDTH="136"
                          VPOS="2285"
                          HPOS="1885"
                          CONTENT="minus"/>
                  <SP HEIGHT="41" WIDTH="15" VPOS="2285" HPOS="2021"/>
                  <String HEIGHT="41"
                          WIDTH="166"
                          VPOS="2285"
                          HPOS="1976"
                          CONTENT="tertium"/>
                  <SP HEIGHT="41" WIDTH="15" VPOS="2285" HPOS="2142"/>
                  <String HEIGHT="41"
                          WIDTH="106"
                          VPOS="2285"
                          HPOS="2081"
                          CONTENT="prae"
                          SUBS_TYPE="HypPart1"
                          SUBS_CONTENT="praesupponit"/>
                  <HYP CONTENT="-"/>
               </TextLine>
               <TextLine ID="r4l54"
                         BASELINE="2365"
                         HEIGHT="46"
                         WIDTH="865"
                         VPOS="2319"
                         HPOS="1324">
                  <String HEIGHT="46"
                          WIDTH="196"
                          VPOS="2319"
                          HPOS="1308"
                          CONTENT="supponit"
                          SUBS_TYPE="HypPart2"
                          SUBS_CONTENT="praesupponit"/>
                  <SP HEIGHT="46" WIDTH="16" VPOS="2319" HPOS="1504"/>
                  <String HEIGHT="46"
                          WIDTH="180"
                          VPOS="2319"
                          HPOS="1455"
                          CONTENT="primum,"/>
                  <SP HEIGHT="46" WIDTH="16" VPOS="2319" HPOS="1634"/>
                  <String HEIGHT="46"
                          WIDTH="131"
                          VPOS="2319"
                          HPOS="1585"
                          CONTENT="quam"/>
                  <SP HEIGHT="46" WIDTH="16" VPOS="2319" HPOS="1716"/>
                  <String HEIGHT="46"
                          WIDTH="212"
                          VPOS="2319"
                          HPOS="1667"
                          CONTENT="secundum,"/>
                  <SP HEIGHT="46" WIDTH="16" VPOS="2319" HPOS="1879"/>
                  <String HEIGHT="46"
                          WIDTH="114"
                          VPOS="2319"
                          HPOS="1830"
                          CONTENT="sed"/>
                  <SP HEIGHT="46" WIDTH="16" VPOS="2319" HPOS="1944"/>
                  <String HEIGHT="46"
                          WIDTH="212"
                          VPOS="2319"
                          HPOS="1895"
                          CONTENT="confessio"/>
                  <SP HEIGHT="46" WIDTH="16" VPOS="2319" HPOS="2107"/>
                  <String HEIGHT="46"
                          WIDTH="114"
                          VPOS="2319"
                          HPOS="2058"
                          CONTENT="non"/>
                  <SP HEIGHT="46" WIDTH="16" VPOS="2319" HPOS="2173"/>
                  <String HEIGHT="46"
                          WIDTH="82"
                          VPOS="2319"
                          HPOS="2107"
                          CONTENT="va"
                          SUBS_TYPE="HypPart1"
                          SUBS_CONTENT="valet"/>
                  <HYP CONTENT="-"/>
               </TextLine>
               <TextLine ID="r4l55"
                         BASELINE="2409"
                         HEIGHT="49"
                         WIDTH="862"
                         VPOS="2360"
                         HPOS="1336">
                  <String HEIGHT="49"
                          WIDTH="137"
                          VPOS="2360"
                          HPOS="1316"
                          CONTENT="let"
                          SUBS_TYPE="HypPart2"
                          SUBS_CONTENT="valet"/>
                  <SP HEIGHT="49" WIDTH="20" VPOS="2360" HPOS="1454"/>
                  <String HEIGHT="49"
                          WIDTH="157"
                          VPOS="2360"
                          HPOS="1395"
                          CONTENT="sine"/>
                  <SP HEIGHT="49" WIDTH="20" VPOS="2360" HPOS="1552"/>
                  <String HEIGHT="49"
                          WIDTH="313"
                          VPOS="2360"
                          HPOS="1493"
                          CONTENT="contritione:"/>
                  <SP HEIGHT="49" WIDTH="20" VPOS="2360" HPOS="1806"/>
                  <String HEIGHT="49"
                          WIDTH="157"
                          VPOS="2360"
                          HPOS="1747"
                          CONTENT="ergo"/>
                  <SP HEIGHT="49" WIDTH="20" VPOS="2360" HPOS="1904"/>
                  <String HEIGHT="49"
                          WIDTH="137"
                          VPOS="2360"
                          HPOS="1845"
                          CONTENT="nec"/>
                  <SP HEIGHT="49" WIDTH="20" VPOS="2360" HPOS="1983"/>
                  <String HEIGHT="49"
                          WIDTH="313"
                          VPOS="2360"
                          HPOS="1924"
                          CONTENT="satisfactio."/>
                  <SP HEIGHT="49" WIDTH="20" VPOS="2360" HPOS="2237"/>
                  <String HEIGHT="49" WIDTH="39" VPOS="2360" HPOS="2159" CONTENT=""/>
               </TextLine>
               <TextLine ID="r4l56"
                         BASELINE="2444"
                         HEIGHT="48"
                         WIDTH="814"
                         VPOS="2396"
                         HPOS="1373">
                  <String HEIGHT="48" WIDTH="80" VPOS="2396" HPOS="1357" CONTENT="3"/>
                  <SP HEIGHT="48" WIDTH="16" VPOS="2396" HPOS="1437"/>
                  <String HEIGHT="48"
                          WIDTH="223"
                          VPOS="2396"
                          HPOS="1389"
                          CONTENT="Praeterea,"/>
                  <SP HEIGHT="48" WIDTH="16" VPOS="2396" HPOS="1612"/>
                  <String HEIGHT="48" WIDTH="96" VPOS="2396" HPOS="1565" CONTENT="ab"/>
                  <SP HEIGHT="48" WIDTH="16" VPOS="2396" HPOS="1660"/>
                  <String HEIGHT="48"
                          WIDTH="144"
                          VPOS="2396"
                          HPOS="1612"
                          CONTENT="eadem"/>
                  <SP HEIGHT="48" WIDTH="16" VPOS="2396" HPOS="1756"/>
                  <String HEIGHT="48"
                          WIDTH="160"
                          VPOS="2396"
                          HPOS="1708"
                          CONTENT="radice"/>
                  <SP HEIGHT="48" WIDTH="16" VPOS="2396" HPOS="1868"/>
                  <String HEIGHT="48"
                          WIDTH="207"
                          VPOS="2396"
                          HPOS="1820"
                          CONTENT="procedunt"/>
                  <SP HEIGHT="48" WIDTH="16" VPOS="2396" HPOS="2027"/>
                  <String HEIGHT="48"
                          WIDTH="144"
                          VPOS="2396"
                          HPOS="1980"
                          CONTENT="opera"/>
                  <SP HEIGHT="48" WIDTH="16" VPOS="2396" HPOS="2123"/>
                  <String HEIGHT="48"
                          WIDTH="128"
                          VPOS="2396"
                          HPOS="2059"
                          CONTENT="satis"
                          SUBS_TYPE="HypPart1"
                          SUBS_CONTENT="satisfactoria,"/>
                  <HYP CONTENT="-"/>
               </TextLine>
               <TextLine ID="r4l57"
                         BASELINE="2483"
                         HEIGHT="45"
                         WIDTH="860"
                         VPOS="2438"
                         HPOS="1335">
                  <String HEIGHT="45"
                          WIDTH="193"
                          VPOS="2438"
                          HPOS="1320"
                          CONTENT="factoria,"
                          SUBS_TYPE="HypPart2"
                          SUBS_CONTENT="satisfactoria,"/>
                  <SP HEIGHT="45" WIDTH="15" VPOS="2438" HPOS="1513"/>
                  <String HEIGHT="45" WIDTH="74" VPOS="2438" HPOS="1468" CONTENT="&amp;"/>
                  <SP HEIGHT="45" WIDTH="15" VPOS="2438" HPOS="1543"/>
                  <String HEIGHT="45"
                          WIDTH="208"
                          VPOS="2438"
                          HPOS="1498"
                          CONTENT="meritoria,"/>
                  <SP HEIGHT="45" WIDTH="15" VPOS="2438" HPOS="1706"/>
                  <String HEIGHT="45"
                          WIDTH="104"
                          VPOS="2438"
                          HPOS="1661"
                          CONTENT="sed"/>
                  <SP HEIGHT="45" WIDTH="15" VPOS="2438" HPOS="1765"/>
                  <String HEIGHT="45"
                          WIDTH="119"
                          VPOS="2438"
                          HPOS="1721"
                          CONTENT="sine"/>
                  <SP HEIGHT="45" WIDTH="15" VPOS="2438" HPOS="1839"/>
                  <String HEIGHT="45"
                          WIDTH="178"
                          VPOS="2438"
                          HPOS="1795"
                          CONTENT="caritate"/>
                  <SP HEIGHT="45" WIDTH="15" VPOS="2438" HPOS="1973"/>
                  <String HEIGHT="45"
                          WIDTH="148"
                          VPOS="2438"
                          HPOS="1928"
                          CONTENT="mereri"/>
                  <SP HEIGHT="45" WIDTH="15" VPOS="2438" HPOS="2076"/>
                  <String HEIGHT="45"
                          WIDTH="104"
                          VPOS="2438"
                          HPOS="2032"
                          CONTENT="non"/>
                  <SP HEIGHT="45" WIDTH="15" VPOS="2438" HPOS="2136"/>
                  <String HEIGHT="45"
                          WIDTH="119"
                          VPOS="2438"
                          HPOS="2076"
                          CONTENT="possu"
                          SUBS_TYPE="HypPart1"
                          SUBS_CONTENT="possumus."/>
                  <HYP CONTENT="-"/>
               </TextLine>
               <TextLine ID="r4l58"
                         BASELINE="2525"
                         HEIGHT="47"
                         WIDTH="861"
                         VPOS="2478"
                         HPOS="1325">
                  <String HEIGHT="47"
                          WIDTH="113"
                          VPOS="2478"
                          HPOS="1311"
                          CONTENT="mus."
                          SUBS_TYPE="HypPart2"
                          SUBS_CONTENT="possumus."/>
                  <SP HEIGHT="47" WIDTH="14" VPOS="2478" HPOS="1424"/>
                  <String HEIGHT="47"
                          WIDTH="113"
                          VPOS="2478"
                          HPOS="1381"
                          CONTENT="lste"/>
                  <SP HEIGHT="47" WIDTH="14" VPOS="2478" HPOS="1494"/>
                  <String HEIGHT="47"
                          WIDTH="113"
                          VPOS="2478"
                          HPOS="1452"
                          CONTENT="enim"/>
                  <SP HEIGHT="47" WIDTH="14" VPOS="2478" HPOS="1565"/>
                  <String HEIGHT="47"
                          WIDTH="113"
                          VPOS="2478"
                          HPOS="1523"
                          CONTENT="fuit"/>
                  <SP HEIGHT="47" WIDTH="14" VPOS="2478" HPOS="1636"/>
                  <String HEIGHT="47"
                          WIDTH="127"
                          VPOS="2478"
                          HPOS="1593"
                          CONTENT="error"/>
                  <SP HEIGHT="47" WIDTH="14" VPOS="2478" HPOS="1720"/>
                  <String HEIGHT="47"
                          WIDTH="169"
                          VPOS="2478"
                          HPOS="1678"
                          CONTENT="Pelagij,"/>
                  <SP HEIGHT="47" WIDTH="14" VPOS="2478" HPOS="1847"/>
                  <String HEIGHT="47" WIDTH="85" VPOS="2478" HPOS="1805" CONTENT="vt"/>
                  <SP HEIGHT="47" WIDTH="14" VPOS="2478" HPOS="1890"/>
                  <String HEIGHT="47"
                          WIDTH="127"
                          VPOS="2478"
                          HPOS="1847"
                          CONTENT="patet"/>
                  <SP HEIGHT="47" WIDTH="14" VPOS="2478" HPOS="1974"/>
                  <String HEIGHT="47"
                          WIDTH="113"
                          VPOS="2478"
                          HPOS="1932"
                          CONTENT="lib."/>
                  <SP HEIGHT="47" WIDTH="14" VPOS="2478" HPOS="2045"/>
                  <String HEIGHT="47" WIDTH="85" VPOS="2478" HPOS="2003" CONTENT="2."/>
                  <SP HEIGHT="47" WIDTH="14" VPOS="2478" HPOS="2087"/>
                  <String HEIGHT="47"
                          WIDTH="127"
                          VPOS="2478"
                          HPOS="2045"
                          CONTENT="dist."/>
                  <SP HEIGHT="47" WIDTH="14" VPOS="2478" HPOS="2172"/>
                  <String HEIGHT="47"
                          WIDTH="71"
                          VPOS="2478"
                          HPOS="2115"
                          CONTENT="27."/>
               </TextLine>
               <TextLine ID="r4l59"
                         BASELINE="2569"
                         HEIGHT="52"
                         WIDTH="860"
                         VPOS="2517"
                         HPOS="1326">
                  <String HEIGHT="52"
                          WIDTH="215"
                          VPOS="2517"
                          HPOS="1309"
                          CONTENT="scilicet,"/>
                  <SP HEIGHT="52" WIDTH="17" VPOS="2517" HPOS="1524"/>
                  <String HEIGHT="52"
                          WIDTH="132"
                          VPOS="2517"
                          HPOS="1475"
                          CONTENT="quod"/>
                  <SP HEIGHT="52" WIDTH="17" VPOS="2517" HPOS="1607"/>
                  <String HEIGHT="52" WIDTH="99" VPOS="2517" HPOS="1558" CONTENT="ex"/>
                  <SP HEIGHT="52" WIDTH="17" VPOS="2517" HPOS="1657"/>
                  <String HEIGHT="52"
                          WIDTH="149"
                          VPOS="2517"
                          HPOS="1607"
                          CONTENT="puris"/>
                  <SP HEIGHT="52" WIDTH="17" VPOS="2517" HPOS="1756"/>
                  <String HEIGHT="52"
                          WIDTH="248"
                          VPOS="2517"
                          HPOS="1706"
                          CONTENT="naturalibus"/>
                  <SP HEIGHT="52" WIDTH="17" VPOS="2517" HPOS="1954"/>
                  <String HEIGHT="52"
                          WIDTH="165"
                          VPOS="2517"
                          HPOS="1905"
                          CONTENT="mereri"/>
                  <SP HEIGHT="52" WIDTH="17" VPOS="2517" HPOS="2070"/>
                  <String HEIGHT="52"
                          WIDTH="182"
                          VPOS="2517"
                          HPOS="2004"
                          CONTENT="possimus;"/>
               </TextLine>
               <TextLine ID="r4l60"
                         BASELINE="2610"
                         HEIGHT="53"
                         WIDTH="118"
                         VPOS="2557"
                         HPOS="1337">
                  <String HEIGHT="53"
                          WIDTH="135"
                          VPOS="2557"
                          HPOS="1320"
                          CONTENT="ergo"/>
                  <SP HEIGHT="53" WIDTH="17" VPOS="2557" HPOS="1455"/>
                  <String HEIGHT="53" WIDTH="67" VPOS="2557" HPOS="1388" CONTENT="&amp;c"/>
               </TextLine>
               <TextLine ID="r4l63"
                         BASELINE="2652"
                         HEIGHT="56"
                         WIDTH="817"
                         VPOS="2596"
                         HPOS="1370">
                  <String HEIGHT="56"
                          WIDTH="110"
                          VPOS="2596"
                          HPOS="1354"
                          CONTENT="Sed"/>
                  <SP HEIGHT="56" WIDTH="16" VPOS="2596" HPOS="1464"/>
                  <String HEIGHT="56"
                          WIDTH="141"
                          VPOS="2596"
                          HPOS="1417"
                          CONTENT="adhuc"/>
                  <SP HEIGHT="56" WIDTH="16" VPOS="2596" HPOS="1559"/>
                  <String HEIGHT="56"
                          WIDTH="141"
                          VPOS="2596"
                          HPOS="1511"
                          CONTENT="forte"/>
                  <SP HEIGHT="56" WIDTH="16" VPOS="2596" HPOS="1653"/>
                  <String HEIGHT="56"
                          WIDTH="220"
                          VPOS="2596"
                          HPOS="1606"
                          CONTENT="existentes"/>
                  <SP HEIGHT="56" WIDTH="16" VPOS="2596" HPOS="1826"/>
                  <String HEIGHT="56"
                          WIDTH="157"
                          VPOS="2596"
                          HPOS="1779"
                          CONTENT="aliqui"/>
                  <SP HEIGHT="56" WIDTH="16" VPOS="2596" HPOS="1936"/>
                  <String HEIGHT="56"
                          WIDTH="220"
                          VPOS="2596"
                          HPOS="1888"
                          CONTENT="imitatores"/>
                  <SP HEIGHT="56" WIDTH="16" VPOS="2596" HPOS="2108"/>
                  <String HEIGHT="56"
                          WIDTH="141"
                          VPOS="2596"
                          HPOS="2046"
                          CONTENT="Pelagi"
                          SUBS_TYPE="HypPart1"
                          SUBS_CONTENT="Pelagicontra"/>
                  <HYP CONTENT="-"/>
               </TextLine>
               <TextLine ID="r4l64"
                         BASELINE="2680"
                         HEIGHT="44"
                         WIDTH="671"
                         VPOS="2636"
                         HPOS="1329">
                  <String HEIGHT="44"
                          WIDTH="160"
                          VPOS="2636"
                          HPOS="1313"
                          CONTENT="contra"
                          SUBS_TYPE="HypPart2"
                          SUBS_CONTENT="Pelagicontra"/>
                  <SP HEIGHT="44" WIDTH="16" VPOS="2636" HPOS="1473"/>
                  <String HEIGHT="44"
                          WIDTH="224"
                          VPOS="2636"
                          HPOS="1425"
                          CONTENT="praesentem"/>
                  <SP HEIGHT="44" WIDTH="16" VPOS="2636" HPOS="1649"/>
                  <String HEIGHT="44"
                          WIDTH="256"
                          VPOS="2636"
                          HPOS="1601"
                          CONTENT="conclusionem"/>
                  <SP HEIGHT="44" WIDTH="16" VPOS="2636" HPOS="1856"/>
                  <String HEIGHT="44"
                          WIDTH="160"
                          VPOS="2636"
                          HPOS="1808"
                          CONTENT="dicent"/>
                  <SP HEIGHT="44" WIDTH="16" VPOS="2636" HPOS="1968"/>
                  <String HEIGHT="44"
                          WIDTH="96"
                          VPOS="2636"
                          HPOS="1904"
                          CONTENT="sic"
                          SUBS_TYPE="HypPart1"
                          SUBS_CONTENT="sic1"/>
                  <HYP CONTENT="-"/>
               </TextLine>
               <TextLine ID="r4l66"
                         BASELINE="2724"
                         HEIGHT="50"
                         WIDTH="819"
                         VPOS="2674"
                         HPOS="1365">
                  <String HEIGHT="50"
                          WIDTH="71"
                          VPOS="2674"
                          HPOS="1351"
                          CONTENT="1"
                          SUBS_TYPE="HypPart2"
                          SUBS_CONTENT="sic1"/>
                  <SP HEIGHT="50" WIDTH="14" VPOS="2674" HPOS="1421"/>
                  <String HEIGHT="50" WIDTH="85" VPOS="2674" HPOS="1379" CONTENT="Si"/>
                  <SP HEIGHT="50" WIDTH="14" VPOS="2674" HPOS="1464"/>
                  <String HEIGHT="50"
                          WIDTH="127"
                          VPOS="2674"
                          HPOS="1421"
                          CONTENT="satis"/>
                  <SP HEIGHT="50" WIDTH="14" VPOS="2674" HPOS="1549"/>
                  <String HEIGHT="50"
                          WIDTH="141"
                          VPOS="2674"
                          HPOS="1506"
                          CONTENT="factio"/>
                  <SP HEIGHT="50" WIDTH="14" VPOS="2674" HPOS="1647"/>
                  <String HEIGHT="50"
                          WIDTH="99"
                          VPOS="2674"
                          HPOS="1605"
                          CONTENT="non"/>
                  <SP HEIGHT="50" WIDTH="14" VPOS="2674" HPOS="1704"/>
                  <String HEIGHT="50"
                          WIDTH="141"
                          VPOS="2674"
                          HPOS="1662"
                          CONTENT="potest"/>
                  <SP HEIGHT="50" WIDTH="14" VPOS="2674" HPOS="1803"/>
                  <String HEIGHT="50"
                          WIDTH="127"
                          VPOS="2674"
                          HPOS="1760"
                          CONTENT="fieri"/>
                  <SP HEIGHT="50" WIDTH="14" VPOS="2674" HPOS="1887"/>
                  <String HEIGHT="50"
                          WIDTH="113"
                          VPOS="2674"
                          HPOS="1845"
                          CONTENT="ipsi"/>
                  <SP HEIGHT="50" WIDTH="14" VPOS="2674" HPOS="1958"/>
                  <String HEIGHT="50"
                          WIDTH="99"
                          VPOS="2674"
                          HPOS="1916"
                          CONTENT="Deo"/>
                  <SP HEIGHT="50" WIDTH="14" VPOS="2674" HPOS="2015"/>
                  <String HEIGHT="50"
                          WIDTH="113"
                          VPOS="2674"
                          HPOS="1972"
                          CONTENT="sine"/>
                  <SP HEIGHT="50" WIDTH="14" VPOS="2674" HPOS="2085"/>
                  <String HEIGHT="50"
                          WIDTH="155"
                          VPOS="2674"
                          HPOS="2029"
                          CONTENT="caritate,"/>
               </TextLine>
               <TextLine ID="r4l67"
                         BASELINE="2763"
                         HEIGHT="52"
                         WIDTH="861"
                         VPOS="2711"
                         HPOS="1325">
                  <String HEIGHT="52"
                          WIDTH="108"
                          VPOS="2711"
                          HPOS="1310"
                          CONTENT="tuc"/>
                  <SP HEIGHT="52" WIDTH="15" VPOS="2711" HPOS="1417"/>
                  <String HEIGHT="52"
                          WIDTH="169"
                          VPOS="2711"
                          HPOS="1371"
                          CONTENT="numquam"/>
                  <SP HEIGHT="52" WIDTH="15" VPOS="2711" HPOS="1540"/>
                  <String HEIGHT="52"
                          WIDTH="123"
                          VPOS="2711"
                          HPOS="1494"
                          CONTENT="homo"/>
                  <SP HEIGHT="52" WIDTH="15" VPOS="2711" HPOS="1617"/>
                  <String HEIGHT="52"
                          WIDTH="154"
                          VPOS="2711"
                          HPOS="1571"
                          CONTENT="posset"/>
                  <SP HEIGHT="52" WIDTH="15" VPOS="2711" HPOS="1725"/>
                  <String HEIGHT="52"
                          WIDTH="123"
                          VPOS="2711"
                          HPOS="1679"
                          CONTENT="esse"/>
                  <SP HEIGHT="52" WIDTH="15" VPOS="2711" HPOS="1802"/>
                  <String HEIGHT="52"
                          WIDTH="154"
                          VPOS="2711"
                          HPOS="1756"
                          CONTENT="certus"/>
                  <SP HEIGHT="52" WIDTH="15" VPOS="2711" HPOS="1909"/>
                  <String HEIGHT="52" WIDTH="92" VPOS="2711" HPOS="1863" CONTENT="de"/>
                  <SP HEIGHT="52" WIDTH="15" VPOS="2711" HPOS="1955"/>
                  <String HEIGHT="52"
                          WIDTH="123"
                          VPOS="2711"
                          HPOS="1909"
                          CONTENT="hoc,"/>
                  <SP HEIGHT="52" WIDTH="15" VPOS="2711" HPOS="2032"/>
                  <String HEIGHT="52"
                          WIDTH="123"
                          VPOS="2711"
                          HPOS="1986"
                          CONTENT="quod"/>
                  <SP HEIGHT="52" WIDTH="15" VPOS="2711" HPOS="2109"/>
                  <String HEIGHT="52"
                          WIDTH="138"
                          VPOS="2711"
                          HPOS="2048"
                          CONTENT="satisfe"/>
               </TextLine>
               <TextLine ID="r4l68"
                         BASELINE="2808"
                         HEIGHT="51"
                         WIDTH="848"
                         VPOS="2757"
                         HPOS="1334">
                  <String HEIGHT="51"
                          WIDTH="136"
                          VPOS="2757"
                          HPOS="1319"
                          CONTENT="cerit"/>
                  <SP HEIGHT="51" WIDTH="15" VPOS="2757" HPOS="1455"/>
                  <String HEIGHT="51"
                          WIDTH="106"
                          VPOS="2757"
                          HPOS="1410"
                          CONTENT="pro"/>
                  <SP HEIGHT="51" WIDTH="15" VPOS="2757" HPOS="1516"/>
                  <String HEIGHT="51"
                          WIDTH="182"
                          VPOS="2757"
                          HPOS="1470"
                          CONTENT="peccato:"/>
                  <SP HEIGHT="51" WIDTH="15" VPOS="2757" HPOS="1652"/>
                  <String HEIGHT="51"
                          WIDTH="106"
                          VPOS="2757"
                          HPOS="1607"
                          CONTENT="sed"/>
                  <SP HEIGHT="51" WIDTH="15" VPOS="2757" HPOS="1713"/>
                  <String HEIGHT="51"
                          WIDTH="212"
                          VPOS="2757"
                          HPOS="1667"
                          CONTENT="consequens"/>
                  <SP HEIGHT="51" WIDTH="15" VPOS="2757" HPOS="1879"/>
                  <String HEIGHT="51"
                          WIDTH="106"
                          VPOS="2757"
                          HPOS="1834"
                          CONTENT="est"/>
                  <SP HEIGHT="51" WIDTH="15" VPOS="2757" HPOS="1940"/>
                  <String HEIGHT="51"
                          WIDTH="257"
                          VPOS="2757"
                          HPOS="1894"
                          CONTENT="inconueniens,"/>
                  <SP HEIGHT="51" WIDTH="15" VPOS="2757" HPOS="2152"/>
                  <String HEIGHT="51"
                          WIDTH="91"
                          VPOS="2757"
                          HPOS="2091"
                          CONTENT="quia"/>
               </TextLine>
               <TextLine ID="r4l69"
                         BASELINE="2847"
                         HEIGHT="49"
                         WIDTH="855"
                         VPOS="2798"
                         HPOS="1332">
                  <String HEIGHT="49"
                          WIDTH="137"
                          VPOS="2798"
                          HPOS="1315"
                          CONTENT="tunc"/>
                  <SP HEIGHT="49" WIDTH="17" VPOS="2798" HPOS="1452"/>
                  <String HEIGHT="49"
                          WIDTH="171"
                          VPOS="2798"
                          HPOS="1400"
                          CONTENT="semper"/>
                  <SP HEIGHT="49" WIDTH="17" VPOS="2798" HPOS="1571"/>
                  <String HEIGHT="49"
                          WIDTH="222"
                          VPOS="2798"
                          HPOS="1520"
                          CONTENT="oporteret"/>
                  <SP HEIGHT="49" WIDTH="17" VPOS="2798" HPOS="1742"/>
                  <String HEIGHT="49"
                          WIDTH="188"
                          VPOS="2798"
                          HPOS="1691"
                          CONTENT="hominem"/>
                  <SP HEIGHT="49" WIDTH="17" VPOS="2798" HPOS="1879"/>
                  <String HEIGHT="49"
                          WIDTH="205"
                          VPOS="2798"
                          HPOS="1828"
                          CONTENT="peractam"/>
                  <SP HEIGHT="49" WIDTH="17" VPOS="2798" HPOS="2033"/>
                  <String HEIGHT="49"
                          WIDTH="222"
                          VPOS="2798"
                          HPOS="1965"
                          CONTENT="penitentiam"/>
               </TextLine>
               <TextLine ID="r4l70"
                         BASELINE="2881"
                         HEIGHT="48"
                         WIDTH="858"
                         VPOS="2833"
                         HPOS="1329">
                  <String HEIGHT="48"
                          WIDTH="257"
                          VPOS="2833"
                          HPOS="1312"
                          CONTENT="reincipere."/>
                  <SP HEIGHT="48" WIDTH="17" VPOS="2833" HPOS="1569"/>
                  <String HEIGHT="48"
                          WIDTH="206"
                          VPOS="2833"
                          HPOS="1518"
                          CONTENT="Probatur"/>
                  <SP HEIGHT="48" WIDTH="17" VPOS="2833" HPOS="1724"/>
                  <String HEIGHT="48"
                          WIDTH="292"
                          VPOS="2833"
                          HPOS="1672"
                          CONTENT="consequentia,"/>
                  <SP HEIGHT="48" WIDTH="17" VPOS="2833" HPOS="1964"/>
                  <String HEIGHT="48"
                          WIDTH="137"
                          VPOS="2833"
                          HPOS="1912"
                          CONTENT="quia"/>
                  <SP HEIGHT="48" WIDTH="17" VPOS="2833" HPOS="2050"/>
                  <String HEIGHT="48"
                          WIDTH="172"
                          VPOS="2833"
                          HPOS="1998"
                          CONTENT="nullus"/>
                  <SP HEIGHT="48" WIDTH="17" VPOS="2833" HPOS="2170"/>
                  <String HEIGHT="48"
                          WIDTH="86"
                          VPOS="2833"
                          HPOS="2101"
                          CONTENT="ho"
                          SUBS_TYPE="HypPart1"
                          SUBS_CONTENT="homo"/>
                  <HYP CONTENT="-"/>
               </TextLine>
               <TextLine ID="r4l71"
                         BASELINE="2915"
                         HEIGHT="41"
                         WIDTH="860"
                         VPOS="2874"
                         HPOS="1331">
                  <String HEIGHT="41"
                          WIDTH="94"
                          VPOS="2874"
                          HPOS="1315"
                          CONTENT="mo"
                          SUBS_TYPE="HypPart2"
                          SUBS_CONTENT="homo"/>
                  <SP HEIGHT="41" WIDTH="16" VPOS="2874" HPOS="1409"/>
                  <String HEIGHT="41"
                          WIDTH="156"
                          VPOS="2874"
                          HPOS="1362"
                          CONTENT="potest"/>
                  <SP HEIGHT="41" WIDTH="16" VPOS="2874" HPOS="1519"/>
                  <String HEIGHT="41"
                          WIDTH="141"
                          VPOS="2874"
                          HPOS="1472"
                          CONTENT="scire"/>
                  <SP HEIGHT="41" WIDTH="16" VPOS="2874" HPOS="1612"/>
                  <String HEIGHT="41" WIDTH="94" VPOS="2874" HPOS="1566" CONTENT="se"/>
                  <SP HEIGHT="41" WIDTH="16" VPOS="2874" HPOS="1659"/>
                  <String HEIGHT="41"
                          WIDTH="156"
                          VPOS="2874"
                          HPOS="1612"
                          CONTENT="habere"/>
                  <SP HEIGHT="41" WIDTH="16" VPOS="2874" HPOS="1769"/>
                  <String HEIGHT="41"
                          WIDTH="219"
                          VPOS="2874"
                          HPOS="1722"
                          CONTENT="caritatem,"/>
                  <SP HEIGHT="41" WIDTH="16" VPOS="2874" HPOS="1941"/>
                  <String HEIGHT="41" WIDTH="94" VPOS="2874" HPOS="1894" CONTENT="vt"/>
                  <SP HEIGHT="41" WIDTH="16" VPOS="2874" HPOS="1988"/>
                  <String HEIGHT="41"
                          WIDTH="141"
                          VPOS="2874"
                          HPOS="1941"
                          CONTENT="patet"/>
                  <SP HEIGHT="41" WIDTH="16" VPOS="2874" HPOS="2082"/>
                  <String HEIGHT="41" WIDTH="94" VPOS="2874" HPOS="2035" CONTENT="ex"/>
                  <SP HEIGHT="41" WIDTH="16" VPOS="2874" HPOS="2128"/>
                  <String HEIGHT="41"
                          WIDTH="125"
                          VPOS="2874"
                          HPOS="2066"
                          CONTENT="dictis"/>
               </TextLine>
               <TextLine ID="r4l72"
                         BASELINE="2965"
                         HEIGHT="57"
                         WIDTH="246"
                         VPOS="2908"
                         HPOS="1334">
                  <String HEIGHT="57"
                          WIDTH="104"
                          VPOS="2908"
                          HPOS="1321"
                          CONTENT="lib."/>
                  <SP HEIGHT="57" WIDTH="13" VPOS="2908" HPOS="1425"/>
                  <String HEIGHT="57" WIDTH="78" VPOS="2908" HPOS="1386" CONTENT="1."/>
                  <SP HEIGHT="57" WIDTH="13" VPOS="2908" HPOS="1463"/>
                  <String HEIGHT="57"
                          WIDTH="142"
                          VPOS="2908"
                          HPOS="1425"
                          CONTENT="distin."/>
                  <SP HEIGHT="57" WIDTH="13" VPOS="2908" HPOS="1567"/>
                  <String HEIGHT="57"
                          WIDTH="65"
                          VPOS="2908"
                          HPOS="1515"
                          CONTENT="17."/>
               </TextLine>
               <TextLine ID="r4l74"
                         BASELINE="3005"
                         HEIGHT="81"
                         WIDTH="816"
                         VPOS="2924"
                         HPOS="1377">
                  <String HEIGHT="81" WIDTH="82" VPOS="2924" HPOS="1361" CONTENT="a"/>
                  <SP HEIGHT="81" WIDTH="16" VPOS="2924" HPOS="1442"/>
                  <String HEIGHT="81"
                          WIDTH="228"
                          VPOS="2924"
                          HPOS="1393"
                          CONTENT="Praeterea,"/>
                  <SP HEIGHT="81" WIDTH="16" VPOS="2924" HPOS="1622"/>
                  <String HEIGHT="81"
                          WIDTH="114"
                          VPOS="2924"
                          HPOS="1573"
                          CONTENT="rex"/>
                  <SP HEIGHT="81" WIDTH="16" VPOS="2924" HPOS="1687"/>
                  <String HEIGHT="81"
                          WIDTH="294"
                          VPOS="2924"
                          HPOS="1638"
                          CONTENT="Nabuchodonosor"/>
                  <SP HEIGHT="81" WIDTH="16" VPOS="2924" HPOS="1932"/>
                  <String HEIGHT="81"
                          WIDTH="163"
                          VPOS="2924"
                          HPOS="1883"
                          CONTENT="potuit"/>
                  <SP HEIGHT="81" WIDTH="16" VPOS="2924" HPOS="2046"/>
                  <String HEIGHT="81"
                          WIDTH="212"
                          VPOS="2924"
                          HPOS="1981"
                          CONTENT="satisfacere"/>
               </TextLine>
               <TextLine ID="r4l75"
                         BASELINE="3032"
                         HEIGHT="42"
                         WIDTH="849"
                         VPOS="2990"
                         HPOS="1338">
                  <String HEIGHT="42" WIDTH="89" VPOS="2990" HPOS="1323" CONTENT="de"/>
                  <SP HEIGHT="42" WIDTH="15" VPOS="2990" HPOS="1412"/>
                  <String HEIGHT="42"
                          WIDTH="179"
                          VPOS="2990"
                          HPOS="1368"
                          CONTENT="peccatis"/>
                  <SP HEIGHT="42" WIDTH="15" VPOS="2990" HPOS="1547"/>
                  <String HEIGHT="42"
                          WIDTH="134"
                          VPOS="2990"
                          HPOS="1502"
                          CONTENT="suis:"/>
                  <SP HEIGHT="42" WIDTH="15" VPOS="2990" HPOS="1636"/>
                  <String HEIGHT="42"
                          WIDTH="119"
                          VPOS="2990"
                          HPOS="1591"
                          CONTENT="ergo"/>
                  <SP HEIGHT="42" WIDTH="15" VPOS="2990" HPOS="1710"/>
                  <String HEIGHT="42"
                          WIDTH="119"
                          VPOS="2990"
                          HPOS="1666"
                          CONTENT="homo"/>
                  <SP HEIGHT="42" WIDTH="15" VPOS="2990" HPOS="1785"/>
                  <String HEIGHT="42"
                          WIDTH="149"
                          VPOS="2990"
                          HPOS="1740"
                          CONTENT="carens"/>
                  <SP HEIGHT="42" WIDTH="15" VPOS="2990" HPOS="1889"/>
                  <String HEIGHT="42"
                          WIDTH="179"
                          VPOS="2990"
                          HPOS="1844"
                          CONTENT="caritate"/>
                  <SP HEIGHT="42" WIDTH="15" VPOS="2990" HPOS="2023"/>
                  <String HEIGHT="42"
                          WIDTH="149"
                          VPOS="2990"
                          HPOS="1978"
                          CONTENT="potest"/>
                  <SP HEIGHT="42" WIDTH="15" VPOS="2990" HPOS="2127"/>
                  <String HEIGHT="42"
                          WIDTH="119"
                          VPOS="2990"
                          HPOS="2068"
                          CONTENT="satis"
                          SUBS_TYPE="HypPart1"
                          SUBS_CONTENT="satisfacere"/>
                  <HYP CONTENT="-"/>
               </TextLine>
               <TextLine ID="r4l76"
                         BASELINE="3077"
                         HEIGHT="47"
                         WIDTH="845"
                         VPOS="3030"
                         HPOS="1335">
                  <String HEIGHT="47"
                          WIDTH="151"
                          VPOS="3030"
                          HPOS="1320"
                          CONTENT="facere"
                          SUBS_TYPE="HypPart2"
                          SUBS_CONTENT="satisfacere"/>
                  <SP HEIGHT="47" WIDTH="15" VPOS="3030" HPOS="1471"/>
                  <String HEIGHT="47"
                          WIDTH="106"
                          VPOS="3030"
                          HPOS="1426"
                          CONTENT="pro"/>
                  <SP HEIGHT="47" WIDTH="15" VPOS="3030" HPOS="1531"/>
                  <String HEIGHT="47"
                          WIDTH="166"
                          VPOS="3030"
                          HPOS="1486"
                          CONTENT="peccato"/>
                  <SP HEIGHT="47" WIDTH="15" VPOS="3030" HPOS="1652"/>
                  <String HEIGHT="47"
                          WIDTH="241"
                          VPOS="3030"
                          HPOS="1607"
                          CONTENT="Consequentia"/>
                  <SP HEIGHT="47" WIDTH="15" VPOS="3030" HPOS="1848"/>
                  <String HEIGHT="47"
                          WIDTH="151"
                          VPOS="3030"
                          HPOS="1803"
                          CONTENT="patet:"/>
                  <SP HEIGHT="47" WIDTH="15" VPOS="3030" HPOS="1954"/>
                  <String HEIGHT="47"
                          WIDTH="121"
                          VPOS="3030"
                          HPOS="1908"
                          CONTENT="quia"/>
                  <SP HEIGHT="47" WIDTH="15" VPOS="3030" HPOS="2029"/>
                  <String HEIGHT="47"
                          WIDTH="121"
                          VPOS="3030"
                          HPOS="1984"
                          CONTENT="ille"/>
                  <SP HEIGHT="47" WIDTH="15" VPOS="3030" HPOS="2105"/>
                  <String HEIGHT="47"
                          WIDTH="106"
                          VPOS="3030"
                          HPOS="2059"
                          CONTENT="rex"/>
                  <SP HEIGHT="47" WIDTH="15" VPOS="3030" HPOS="2165"/>
                  <String HEIGHT="47"
                          WIDTH="75"
                          VPOS="3030"
                          HPOS="2105"
                          CONTENT="non"/>
               </TextLine>
               <TextLine ID="line_1603049500644_7823"
                         BASELINE="3123"
                         HEIGHT="54"
                         WIDTH="873"
                         VPOS="3069"
                         HPOS="1330">
                  <String HEIGHT="54"
                          WIDTH="148"
                          VPOS="3069"
                          HPOS="1315"
                          CONTENT="habuit"/>
                  <SP HEIGHT="54" WIDTH="15" VPOS="3069" HPOS="1463"/>
                  <String HEIGHT="54"
                          WIDTH="207"
                          VPOS="3069"
                          HPOS="1419"
                          CONTENT="caritatem,"/>
                  <SP HEIGHT="54" WIDTH="15" VPOS="3069" HPOS="1626"/>
                  <String HEIGHT="54"
                          WIDTH="104"
                          VPOS="3069"
                          HPOS="1582"
                          CONTENT="cum"/>
                  <SP HEIGHT="54" WIDTH="15" VPOS="3069" HPOS="1685"/>
                  <String HEIGHT="54"
                          WIDTH="118"
                          VPOS="3069"
                          HPOS="1641"
                          CONTENT="ipse"/>
                  <SP HEIGHT="54" WIDTH="15" VPOS="3069" HPOS="1759"/>
                  <String HEIGHT="54"
                          WIDTH="133"
                          VPOS="3069"
                          HPOS="1715"
                          CONTENT="esset"/>
                  <SP HEIGHT="54" WIDTH="15" VPOS="3069" HPOS="1848"/>
                  <String HEIGHT="54"
                          WIDTH="207"
                          VPOS="3069"
                          HPOS="1803"
                          CONTENT="infidelis,"/>
                  <SP HEIGHT="54" WIDTH="15" VPOS="3069" HPOS="2011"/>
                  <String HEIGHT="54" WIDTH="74" VPOS="3069" HPOS="1966" CONTENT="&amp;"/>
                  <SP HEIGHT="54" WIDTH="15" VPOS="3069" HPOS="2040"/>
                  <String HEIGHT="54"
                          WIDTH="118"
                          VPOS="3069"
                          HPOS="1996"
                          CONTENT="sine"/>
                  <SP HEIGHT="54" WIDTH="15" VPOS="3069" HPOS="2114"/>
                  <String HEIGHT="54"
                          WIDTH="118"
                          VPOS="3069"
                          HPOS="2070"
                          CONTENT="fide"/>
                  <SP HEIGHT="54" WIDTH="15" VPOS="3069" HPOS="2188"/>
                  <String HEIGHT="54"
                          WIDTH="74"
                          VPOS="3069"
                          HPOS="2129"
                          CONTENT="im"
                          SUBS_TYPE="HypPart1"
                          SUBS_CONTENT="impossibile"/>
                  <HYP CONTENT="-"/>
               </TextLine>
               <TextLine ID="r4l78"
                         BASELINE="3158"
                         HEIGHT="48"
                         WIDTH="845"
                         VPOS="3110"
                         HPOS="1342">
                  <String HEIGHT="48"
                          WIDTH="200"
                          VPOS="3110"
                          HPOS="1327"
                          CONTENT="possibile"
                          SUBS_TYPE="HypPart2"
                          SUBS_CONTENT="impossibile"/>
                  <SP HEIGHT="48" WIDTH="15" VPOS="3110" HPOS="1526"/>
                  <String HEIGHT="48"
                          WIDTH="108"
                          VPOS="3110"
                          HPOS="1480"
                          CONTENT="sit"/>
                  <SP HEIGHT="48" WIDTH="15" VPOS="3110" HPOS="1588"/>
                  <String HEIGHT="48"
                          WIDTH="169"
                          VPOS="3110"
                          HPOS="1542"
                          CONTENT="placere"/>
                  <SP HEIGHT="48" WIDTH="15" VPOS="3110" HPOS="1711"/>
                  <String HEIGHT="48"
                          WIDTH="123"
                          VPOS="3110"
                          HPOS="1665"
                          CONTENT="Deo,"/>
                  <SP HEIGHT="48" WIDTH="15" VPOS="3110" HPOS="1788"/>
                  <String HEIGHT="48" WIDTH="92" VPOS="3110" HPOS="1741" CONTENT="vt"/>
                  <SP HEIGHT="48" WIDTH="15" VPOS="3110" HPOS="1834"/>
                  <String HEIGHT="48"
                          WIDTH="138"
                          VPOS="3110"
                          HPOS="1788"
                          CONTENT="patet"/>
                  <SP HEIGHT="48" WIDTH="15" VPOS="3110" HPOS="1926"/>
                  <String HEIGHT="48" WIDTH="92" VPOS="3110" HPOS="1880" CONTENT="ad"/>
                  <SP HEIGHT="48" WIDTH="15" VPOS="3110" HPOS="1972"/>
                  <String HEIGHT="48"
                          WIDTH="138"
                          VPOS="3110"
                          HPOS="1926"
                          CONTENT="Hebr."/>
                  <SP HEIGHT="48" WIDTH="15" VPOS="3110" HPOS="2064"/>
                  <String HEIGHT="48"
                          WIDTH="184"
                          VPOS="3110"
                          HPOS="2003"
                          CONTENT="Antecedens"/>
               </TextLine>
               <TextLine ID="r4l79"
                         BASELINE="3216"
                         HEIGHT="66"
                         WIDTH="840"
                         VPOS="3150"
                         HPOS="1344">
                  <String HEIGHT="66"
                          WIDTH="151"
                          VPOS="3150"
                          HPOS="1327"
                          CONTENT="etiam"/>
                  <SP HEIGHT="66" WIDTH="17" VPOS="3150" HPOS="1478"/>
                  <String HEIGHT="66"
                          WIDTH="168"
                          VPOS="3150"
                          HPOS="1428"
                          CONTENT="patet."/>
                  <SP HEIGHT="66" WIDTH="17" VPOS="3150" HPOS="1596"/>
                  <String HEIGHT="66"
                          WIDTH="134"
                          VPOS="3150"
                          HPOS="1546"
                          CONTENT="Dan:"/>
                  <SP HEIGHT="66" WIDTH="17" VPOS="3150" HPOS="1680"/>
                  <String HEIGHT="66" WIDTH="84" VPOS="3150" HPOS="1630" CONTENT="4"/>
                  <SP HEIGHT="66" WIDTH="17" VPOS="3150" HPOS="1714"/>
                  <String HEIGHT="66"
                          WIDTH="118"
                          VPOS="3150"
                          HPOS="1663"
                          CONTENT="vbi"/>
                  <SP HEIGHT="66" WIDTH="17" VPOS="3150" HPOS="1781"/>
                  <String HEIGHT="66"
                          WIDTH="168"
                          VPOS="3150"
                          HPOS="1730"
                          CONTENT="Daniel"/>
                  <SP HEIGHT="66" WIDTH="17" VPOS="3150" HPOS="1898"/>
                  <String HEIGHT="66"
                          WIDTH="101"
                          VPOS="3150"
                          HPOS="1848"
                          CONTENT="ad"/>
                  <SP HEIGHT="66" WIDTH="17" VPOS="3150" HPOS="1949"/>
                  <String HEIGHT="66"
                          WIDTH="151"
                          VPOS="3150"
                          HPOS="1898"
                          CONTENT="illum"/>
                  <SP HEIGHT="66" WIDTH="17" VPOS="3150" HPOS="2050"/>
                  <String HEIGHT="66"
                          WIDTH="202"
                          VPOS="3150"
                          HPOS="1982"
                          CONTENT="incredulum"/>
               </TextLine>
            </TextBlock>
         </PrintSpace>
      </Page>
   </Layout>
</alto>
