2401 3543
197 324 733 92 ARTICVLVS
704 324 282 92 III

276 483 148 66 Vtrum
374 483 230 66 praedittis
555 483 148 66 bonis
654 483 280 66 deficientibus
884 483 115 66 iam
933 483 132 66 dictus

415 540 149 75 actus
515 540 166 75 semper
631 540 116 75 sit
681 540 249 75 demeritorius.

241 665 225 82 SVANTVM
404 665 123 82 ad
465 665 225 82 quartum
629 665 266 82 articulum
833 665 143 82 est
895 665 204 82 aduerten

284 727 144 43 dum,
374 727 144 43 quod
464 727 144 43 iste
553 727 233 43 articulus
733 727 180 43 aliquo
859 727 144 43 modo
930 727 180 43 dependet

243 758 92 55 ex
289 758 154 55 dictis
397 758 92 55 in
443 758 139 55 primo
535 758 200 55 articulo.
689 758 108 55 Ibi
751 758 123 55 enim
828 758 185 55 ostensum
966 758 123 55 est,
1028 758 77 55 quo

236 812 132 49 modo
318 812 132 49 ista
400 812 132 49 bona
482 812 132 49 sunt
565 812 99 49 de
614 812 247 49 necessitate
812 812 247 49 matrimonii,
1009 812 82 49 &
1026 812 82 49 quo

230 852 137 43 modo
316 852 172 43 aliqua
436 852 154 43 eorum
539 852 137 43 sunt
625 852 103 43 de
676 852 137 43 bene
762 852 137 43 esse
848 852 257 43 matrimonii:
1036 852 69 43 Et

229 887 126 49 ideo
308 887 94 49 si
355 887 220 49 defecerint
528 887 126 49 bona
606 887 220 49 praedicta,
779 887 94 49 eo
826 887 141 49 modo,
920 887 110 49 quo
983 887 126 49 sunt
1046 887 63 49 de

237 923 233 45 necessitate
424 923 233 45 matrimonii,
611 923 124 45 tunc
688 923 155 45 planum
797 923 124 45 est,
875 923 124 45 quod
953 923 140 45 actus
1030 923 78 45 can

231 965 136 49 nalis
322 965 167 49 copulae
443 965 151 49 semper
549 965 106 49 est
609 965 167 49 mortale
730 965 197 49 peccatum:
882 965 136 49 quia,
973 965 91 49 vt
1018 965 121 49 sic,

226 1009 156 47 semper
336 1009 109 47 est
398 1009 250 47 fornicarius,
601 1009 109 47 eo,
664 1009 125 47 quod
742 1009 141 47 inter
835 1009 203 47 huiusmodi
976 1009 125 47 perso-

231 1049 119 43 nas
299 1049 119 43 non
367 1049 119 43 sit
435 1049 153 43 verum
537 1049 272 43 matrimonium.
759 1049 153 43 Item,
861 1049 102 43 si
912 1049 153 43 bonum
997 1049 102 43 fide

230 1085 171 48 deficit
355 1085 93 48 in
402 1085 234 48 executione,
589 1085 125 48 tunc
667 1085 156 48 iterum
776 1085 156 48 planum
885 1085 109 48 est
947 1085 93 48 in
978 1085 125 48 huius-

239 1124 125 62 modi
318 1124 125 62 actu
396 1124 125 62 esse
474 1124 172 62 mortale
599 1124 203 62 peccatum:
755 1124 125 62 quia
833 1124 141 62 esset
911 1124 188 62 adulterium

242 1163 110 53 Nam
305 1163 141 53 fides
399 1163 204 53 executiue
556 1163 110 53 non
619 1163 204 53 soluitur,
776 1163 125 53 nisi
854 1163 110 53 per
917 1163 188 53 accessum
1042 1163 63 53 ad

237 1204 141 45 torum
331 1204 187 45 alienum:
472 1204 281 45 Praesupponendo
706 1204 172 45 igitur,
831 1204 125 45 quod
909 1204 141 45 istae
987 1204 109 45 persi

239 1242 116 47 nae,
311 1242 116 47 quae
383 1242 203 47 carnaliter
542 1242 246 47 commiscentur,
745 1242 116 47 sint
818 1242 174 47 legitimi
948 1242 188 47 coniuges,

237 1285 125 56 tunc
315 1285 172 56 oportet
440 1285 141 56 istum
534 1285 203 56 articulum
690 1285 203 56 intelligi
846 1285 94 56 de
893 1285 125 56 bono
971 1285 172 56 prolis,

238 1325 78 60 &
270 1325 156 60 fidei,
378 1325 202 60 inquantum
534 1325 202 60 deficiunt
690 1325 93 60 in
721 1325 202 60 intentione.

285 1357 90 56 Et
330 1357 105 56 sic
390 1357 135 56 istum
480 1357 195 56 articulum
629 1357 239 56 restringendo
824 1357 135 56 dico,
913 1357 120 56 quod
988 1357 90 56 si
1018 1357 90 56 quis

233 1398 219 49 coniugum
397 1398 274 49 committendo
616 1398 164 49 actum
725 1398 219 49 carnalis
889 1398 201 49 copulae
1017 1398 91 49 non

239 1443 192 49 intendit
383 1443 160 49 prolis
495 1443 272 49 conceptionem,
718 1443 112 49 vel
782 1443 272 49 generationem;
1006 1443 96 49 si
1038 1443 80 49 ta-

229 1475 123 62 men
300 1475 176 62 reddit
423 1475 193 62 debitum
563 1475 211 62 exigenti
721 1475 193 62 coniugi
862 1475 193 62 propter
985 1475 123 62 bonum

237 1519 142 54 fidei,
336 1519 100 54 qua
393 1519 114 54 sibi
464 1519 171 54 tenetur,
593 1519 114 54 tunc
664 1519 85 54 in
706 1519 114 54 tali
778 1519 128 54 actu,
863 1519 100 54 nec
920 1519 100 54 est
963 1519 142 54 peccatum

247 1557 186 57 mortale,
386 1557 108 57 nec
448 1557 186 57 veniale.
587 1557 93 57 Si
633 1557 139 57 autem
726 1557 108 57 non
788 1557 186 57 exigitur
927 1557 93 57 ab
974 1557 108 57 eo,
1036 1557 108 57 sed

237 1610 141 46 potius
336 1610 113 46 ipse
407 1610 156 46 exigit,
520 1610 127 46 tunc,
605 1610 99 46 vel
661 1610 99 46 hoc
718 1610 127 46 facit
803 1610 156 46 ratione
916 1610 226 46 indigentiae,

242 1649 109 38 vel
305 1649 109 38 hoc
367 1649 140 38 facit
460 1649 125 38 sine
538 1649 218 38 indigentia
709 1649 171 38 propter
834 1649 202 38 libidinem
974 1649 140 38 satian-

245 1677 120 58 dam
313 1677 154 58 Primo
416 1677 154 58 adhuc
519 1677 222 58 excusatur
690 1677 86 58 a
724 1677 205 58 peccato,
878 1677 120 58 eo,
946 1677 137 58 quod
1014 1677 103 58 post

237 1721 174 42 lapsum
359 1721 209 42 primorum
515 1721 209 42 parentum
672 1721 157 42 istud
777 1721 261 42 sacramentum
986 1721 122 42 non
1038 1721 70 42 so

246 1759 107 49 lum
307 1759 107 49 sit
368 1759 214 49 institutum
536 1759 92 49 in
582 1759 183 49 officium
719 1759 260 49 generationis,
933 1759 137 49 verum
1009 1759 107 49 etiam

241 1795 97 54 in
289 1795 194 54 remedium
435 1795 291 54 fornicationis.
677 1795 97 54 Si
726 1795 178 54 secundo
855 1795 146 54 modo,
952 1795 113 54 hoc
1001 1795 113 54 dupli

246 1839 134 44 citer
336 1839 149 44 potest
440 1839 224 44 contingere:
619 1839 119 44 quia
694 1839 105 44 vel
754 1839 105 44 sua
813 1839 179 44 intentio
948 1839 105 44 ita
993 1839 119 44 absor-

241 1882 145 50 betur
337 1882 209 50 huiusmodi
498 1882 209 50 libidine,
659 1882 129 50 quod
739 1882 113 50 non
804 1882 145 50 solum
900 1882 113 50 cum
964 1882 129 50 sua,
1029 1882 80 50 ve-

237 1922 109 47 rum
300 1922 141 47 etiam
394 1922 109 47 cum
456 1922 172 47 aliena,
581 1922 94 47 si
628 1922 156 47 copiam
737 1922 125 47 eius
815 1922 187 47 haberet,
956 1922 156 47 vellet
1050 1922 62 47 hu

245 1954 178 55 iusmodi
374 1954 210 55 libidinem
536 1954 194 55 explere:
682 1954 97 55 Et
730 1954 129 55 tunc
811 1954 226 55 mortaliter
973 1954 129 55 peccat

246 1994 108 46 eo,
307 1994 123 46 quod
384 1994 108 46 sua
446 1994 185 46 intentio
584 1994 139 46 caret
677 1994 200 46 coniugali
831 1994 139 46 fide.
923 1994 108 46 Vel
969 1994 139 46 ratione

238 2032 219 56 huiusmodi
407 2032 152 56 fidei
508 2032 152 56 solum
609 2032 118 56 cum
676 2032 118 56 sua
743 2032 219 56 legitima,
912 2032 84 56 &
946 2032 118 56 cum
996 2032 118 56 nulla

244 2075 132 56 alia
327 2075 182 56 implet,
459 2075 83 56 &
493 2075 132 56 vult
575 2075 182 56 implere
708 2075 215 56 huiusmodi
873 2075 232 56 libidinem.
1038 2075 83 56 Et.

248 2120 149 44 tunc,
348 2120 99 44 vt
397 2120 231 44 communiter
579 2120 198 44 dicitur,
728 2120 116 44 non
794 2120 165 44 peccat
893 2120 215 44 mortaliter;

251 2151 166 47 quamuis
372 2151 151 47 peccet
477 2151 226 47 venialiter.
658 2151 90 47 Et
703 2151 136 47 istud
794 2151 136 47 licet
884 2151 106 47 sit
944 2151 166 47 commune
1050 2151 60 47 di

243 2191 145 56 ctum,
339 2191 145 56 tamen
436 2191 209 56 quandoque
597 2191 113 56 non
661 2191 161 56 verum:
774 2191 129 56 quia
854 2191 97 56 in
903 2191 241 56 exquisitio

245 2236 92 43 ne
291 2236 215 43 praedictae
460 2236 215 43 libidinis,
629 2236 200 43 quandoque
783 2236 154 43 aliqui
891 2236 169 43 homines
998 2236 108 43 nota-

258 2270 175 47 biliter
385 2270 222 47 abbreuiant
560 2270 143 47 vitam
655 2270 143 47 suam,
750 2270 79 47 &
782 2270 95 47 in
829 2270 159 47 tantum
940 2270 190 47 vitiant,
1067 2270 48 47 &

255 2313 230 44 corrumpunt
435 2313 148 44 vires
533 2313 246 44 corporales,
730 2313 131 44 quod
812 2313 213 44 quandoque
960 2313 164 44 efficiun

256 2352 106 60 tur
316 2352 227 60 paralitici,
498 2352 197 60 quandoque
650 2352 227 60 epilentici,
832 2352 197 60 quandoque
968 2352 152 60 leprosit

249 2390 152 51 igitur
355 2390 167 51 ratione
477 2390 152 51 annexi
583 2390 197 51 periculi,
735 2390 106 51 cui
795 2390 91 51 se
841 2390 197 51 exponunt,
977 2390 137 51 propter

247 2439 132 45 suam
330 2439 215 45 explendam
495 2439 215 45 libidinem
660 2439 116 45 non
727 2439 182 45 possunt
859 2439 198 45 excusari
1007 2439 83 45 a
1024 2439 99 45 pec-

243 2479 135 45 tato
327 2479 202 45 mortali.
479 2479 151 45 Etiam
580 2479 101 45 in
630 2479 219 45 huiusmodi
798 2479 202 45 libidine
933 2479 185 45 effrenata

250 2515 205 46 quandoque
408 2515 205 46 attentant
566 2515 174 46 aliquas
692 2515 237 46 innaturales
866 2515 252 46 adinuentiones,

264 2555 130 51 quae
345 2555 130 51 sunt
426 2555 114 51 ita
491 2555 179 51 turpes,
621 2555 81 51 &
653 2555 195 51 enormes,
799 2555 130 51 quod
881 2555 211 51 nequaquam
1027 2555 97 51 pos-

263 2591 123 51 sunt
339 2591 184 51 excusari
478 2591 77 51 a
508 2591 169 51 mortali
616 2591 138 51 peccato

298 2632 103 49 Ad
349 2632 241 49 argumentum
539 2632 259 49 principale,
746 2632 138 49 nego
815 2632 276 49 consequentiam.

296 2673 105 45 Ad
349 2673 140 45 prob
437 2673 193 45 ationem
577 2673 228 45 dicendum,
752 2673 140 45 quod
840 2673 193 45 quamuis
962 2673 158 45 verecun

272 2711 111 54 lia
336 2711 111 54 non
399 2711 111 54 sit
463 2711 127 54 nisi
542 2711 95 54 de
590 2711 159 54 turpi,
702 2711 143 54 tamen
797 2711 207 54 huiusmodi
956 2711 143 54 turpe
1035 2711 80 54 non

307 2748 163 51 semper
421 2748 114 51 est
486 2748 163 51 culpa,
600 2748 114 51 sed
665 2748 147 51 etiam
763 2748 212 51 quandoque
926 2748 114 51 est
975 2748 98 51 poe-

343 2786 116 53 na.
410 2786 100 53 Et
460 2786 133 53 isto
542 2786 182 53 secundo
675 2786 133 53 modo
758 2786 116 53 est
824 2786 100 53 in
858 2786 182 53 proposito

366 2832 126 54 quia
445 2832 220 54 turpitudo,
618 2832 126 54 quae
696 2832 110 54 est
759 2832 94 54 in
806 2832 126 54 actu
869 2832 157 54 coniuga-

377 2869 106 53 li,
438 2869 106 53 est
498 2869 167 53 quaedam
620 2869 137 53 poena
711 2869 197 53 derelicta
862 2869 91 53 ex
893 2869 121 53 origi-

407 2905 133 53 nali
491 2905 183 53 peccato
624 2905 100 53 Si
674 2905 133 53 enim
757 2905 133 53 homo
824 2905 150 53 mansis-

471 2944 104 53 set
530 2944 89 53 in
575 2944 133 53 statu
664 2944 237 53 innocentiae,
841 2944 89 53 tunc

531 2983 116 63 iste
604 2983 131 63 actus
691 2983 102 63 nec
735 2983 131 63 fuisset

563 3026 164 51 turpis,
683 3026 105 51 nec
727 3026 105 51 vere

597 3061 189 59 cundus.

1116 286 538 74 DISTINCTIO.
1547 286 323 74 SNxIL
1726 286 287 74 ETSRII

1162 370 207 69 Dilucida
1317 370 155 69 harum
1420 370 293 69 distinctionum
1662 370 172 69 diusio
1783 370 103 69 in
1817 370 138 69 quibus

1283 433 260 71 peculiariter
1494 433 163 71 agitur
1608 433 98 71 de
1657 433 130 71 bono
1722 433 114 71 fidei

1413 482 162 72 ipsius
1510 482 211 72 matrimonij.

1410 556 121 72 VOD
1479 556 138 72 vero
1565 556 138 72 sine
1652 556 225 72 consensu.
1824 556 207 72 Postquam

1436 616 198 47 Magister
1584 616 148 47 simul
1683 616 214 47 tractauit
1847 616 99 47 de
1880 616 132 47 tribus

1436 657 148 59 bonis
1534 657 247 59 matrimonii;
1732 657 132 59 nunc
1814 657 181 59 tractat
1929 657 82 59 per

1437 693 92 56 se
1483 693 92 56 de
1529 693 107 56 vno
1590 693 184 56 illorum,
1728 693 138 56 puta,
1820 693 92 56 de
1866 693 123 56 bono
1927 693 77 56 fi-

1444 728 116 61 dei.
1517 728 87 61 Et
1561 728 189 61 diuiditur
1706 728 87 61 in
1750 728 116 61 duas
1823 728 160 61 partes:
1925 728 87 61 quia

1457 776 128 53 rimo
1537 776 176 53 tractat
1665 776 96 53 de
1713 776 128 53 bono
1792 776 160 53 fidei,
1888 776 112 53 prout

1442 810 146 53 debet
1539 810 130 53 esse
1620 810 97 53 in
1669 810 130 53 omni
1750 810 227 53 matrimonio
1913 810 97 53 con-

1438 851 107 51 sum
1499 851 107 51 ato
1560 851 275 51 vniuersaliter.
1789 851 168 51 Secudo,
1895 851 107 51 prout

1142 890 165 54 habuit
1257 890 132 54 esse
1339 890 99 54 in
1389 890 231 54 matrimonio
1570 890 231 54 antiquorum
1751 890 165 54 patrum
1850 890 148 54 specia-

1137 923 152 59 liter,
1243 923 121 59 ibi,
1319 923 197 59 Quaeritur
1471 923 106 59 hic
1531 923 91 59 de
1577 923 197 59 antiquis,
1729 923 137 59 Prima
1820 923 91 59 in
1865 923 137 59 duas:
1941 923 76 59 nam

1148 973 145 53 primo
1245 973 210 53 ostendit,
1406 973 177 53 quomodo
1535 973 145 53 bonum
1632 973 145 53 fidei
1729 973 226 53 abstringit
1890 973 129 53 coniu-

1140 1013 123 51 gem
1210 1013 105 51 ad
1262 1013 193 51 debitum
1402 1013 245 51 reddendum.
1595 1013 193 51 Secundo
1735 1013 228 51 ostendit,
1892 1013 105 51 quod

1134 1056 220 44 huiusmodi
1303 1056 186 44 debitum
1438 1056 220 44 aliquibus
1607 1056 237 44 temporibus
1793 1056 118 44 non
1861 1056 118 44 est
1912 1056 85 44 pe-

1137 1089 170 53 tendum,
1260 1089 124 53 ibi,
1338 1089 93 53 Et
1384 1089 139 53 licet
1477 1089 186 53 debitum.
1616 1089 139 53 Prima
1709 1089 93 53 in
1755 1089 139 53 duas:
1848 1089 124 53 quia
1910 1089 93 53 pri-

1142 1127 95 45 mo
1190 1127 207 45 ostendit,
1349 1127 127 45 quod
1428 1127 127 45 vnus
1508 1127 191 45 coniugum
1651 1127 159 45 absque
1762 1127 191 45 licentia
1890 1127 111 45 alte-

1137 1167 125 51 rius
1216 1167 110 51 non
1278 1167 157 51 potest
1388 1167 94 51 se
1435 1167 94 51 ad
1482 1167 141 51 votum
1577 1167 251 51 continentiae
1780 1167 204 51 obligare.
1922 1167 78 51 Se-

1144 1208 144 51 cundo
1240 1208 208 51 inquirit,
1401 1208 176 51 posito,
1529 1208 128 51 quod
1609 1208 96 51 ad
1657 1208 208 51 faciendum
1818 1208 144 51 votum
1898 1208 112 51 conti

1130 1251 174 42 nentiae
1256 1251 95 42 se
1304 1251 142 42 mutuo
1398 1251 300 42 licentiauerint,
1651 1251 142 42 vtrum
1746 1251 205 42 huiusmodi
1888 1251 110 42 licen

1147 1287 116 51 tiam
1219 1287 160 51 possint
1335 1287 189 51 reuocare,
1480 1287 116 51 ibi,
1553 1287 87 51 Si
1596 1287 116 51 vero
1669 1287 174 51 quilibet
1799 1287 145 51 eorum.
1901 1287 131 51 Sequi

1137 1323 104 57 tur
1196 1323 118 57 illa
1270 1323 133 57 pars,
1359 1323 89 57 Et
1403 1323 148 57 licet.
1507 1323 89 57 Et
1551 1323 192 57 diuiditur
1699 1323 89 57 in
1744 1323 133 57 duas:
1832 1323 118 57 quia
1906 1323 133 57 primo

1142 1373 211 39 ostendit,
1304 1373 130 39 quod
1386 1373 211 39 aliquando
1548 1373 195 39 cesandum
1694 1373 114 39 est
1759 1373 81 39 a
1792 1373 195 39 carnalis
1922 1373 81 39 co-

1144 1409 151 43 pulae
1245 1409 235 43 exactione.
1429 1409 201 43 Secundo,
1581 1409 134 43 quod
1664 1409 218 43 quandoque
1832 1409 134 43 cess
1899 1409 101 43 ndum

1139 1445 109 45 est
1202 1445 78 45 a
1233 1445 203 45 nuptiarum
1389 1445 265 45 celebratione,
1607 1445 125 45 ibi,
1685 1445 109 45 Nec
1748 1445 156 45 solum.
1857 1445 125 45 Tunc
1919 1445 78 45 se-

1161 1483 134 47 uitur
1250 1483 134 47 dist.
1339 1483 104 47 32.
1399 1483 89 47 in
1443 1483 104 47 qua
1502 1483 178 47 Magister
1636 1483 104 47 &c.
1695 1483 89 47 Et
1740 1483 193 47 diuiditur
1888 1483 89 47 in
1918 1483 89 47 duas

1143 1523 165 52 partes:
1263 1523 120 52 quia
1338 1523 135 52 primo
1429 1523 165 52 tractat
1549 1523 90 52 de
1594 1523 120 52 fide
1669 1523 195 52 coniugali
1820 1523 150 52 patrum
1910 1523 90 52 anti

1148 1562 156 55 uorum
1252 1562 156 55 legem
1356 1562 174 55 Movsis
1478 1562 313 55 praecedentium.
1738 1562 191 55 Secundo
1877 1562 104 55 de
1912 1562 104 55 fide

1142 1614 158 32 patrum
1253 1614 173 32 tempore
1379 1614 142 32 legis
1473 1614 252 32 existentium,
1678 1614 126 32 ibi,
1757 1614 142 32 Legis
1851 1614 126 32 vero
1914 1614 95 32 tem-

1149 1642 134 42 pore.
1238 1642 134 42 Prima
1328 1642 89 42 in
1372 1642 134 42 duas:
1462 1642 119 42 quia
1536 1642 134 42 primo
1625 1642 193 42 bigamiae,
1774 1642 104 42 seu
1819 1642 179 42 pluralita-

1146 1682 122 44 tis
1215 1682 174 44 vxorum
1337 1682 174 44 patrum
1459 1682 244 44 antiquorum
1651 1682 157 44 ponit
1738 1682 262 44 exculationem,

1143 1721 182 48 Secundo
1276 1721 232 48 castitatis
1458 1721 182 48 ipsorum
1590 1721 199 48 adiungit
1723 1721 281 48 commendationem,

1139 1766 122 39 ibi,
1215 1766 122 39 Quod
1291 1766 122 39 vero
1367 1766 198 39 castitas.
1519 1766 91 39 Et
1565 1766 122 39 haec
1641 1766 91 39 in
1687 1766 137 39 duas:
1778 1766 122 39 quia
1854 1766 137 39 primo
1930 1766 76 39 de-

1148 1799 177 47 erminat
1276 1799 209 47 veritatem
1437 1799 177 47 Secundo
1565 1799 161 47 contra
1678 1799 209 47 praedicta
1838 1799 193 47 inducit,

1145 1840 78 44 &
1177 1840 156 44 soluit
1286 1840 172 44 quandam
1411 1840 235 44 dubietatem,
1599 1840 125 44 ibi,
1677 1840 94 44 Si
1724 1840 125 44 quis
1803 1840 188 44 opponat.
1928 1840 78 44 Se-

1155 1876 132 44 uitur
1244 1876 118 44 illa
1317 1876 132 44 pars,
1406 1876 132 44 Cegis
1494 1876 118 44 Vero
1567 1876 177 44 tempore.
1700 1876 88 44 Et
1744 1876 191 44 diuiditur
1891 1876 88 44 in
1921 1876 88 44 tres

1149 1920 183 48 partes:
1282 1920 133 48 quia
1366 1920 150 48 primo
1466 1920 216 48 ostendit,
1632 1920 183 48 quomodo
1765 1920 183 48 tempore
1882 1920 116 48 legis

1152 1953 173 49 dovsis
1273 1953 190 49 quantum
1411 1953 104 49 ad
1462 1953 259 49 matrimonium
1669 1953 190 49 quaedam
1807 1953 173 49 fuerut
1911 1953 86 49 pro

1141 2009 167 38 cepta,
1258 2009 83 38 &
1291 2009 184 38 quaedam
1425 2009 184 38 propter
1558 2009 200 38 duritiam
1709 2009 217 38 aliquorum
1859 2009 150 38 permis-

1144 2041 112 48 sa.
1208 2041 176 48 Secundo
1336 2041 192 48 inquirit
1480 2041 96 48 de
1528 2041 160 48 patrum
1641 2041 176 48 tempore
1769 2041 144 48 legis
1849 2041 160 48 existen-

1144 2074 135 46 tium
1228 2074 185 46 bigamia
1363 2074 101 46 Et
1414 2074 169 46 tertio
1532 2074 169 46 tangit
1650 2074 185 46 quaedam
1785 2074 101 46 ad
1819 2074 185 46 commenda-

1142 2112 155 48 tionem
1251 2112 248 48 virginitatis
1453 2112 217 48 spectantia
1623 2112 186 48 Secunda,
1763 2112 124 48 ibi,
1840 2112 109 48 Sed
1887 2112 124 48 nuquid

1156 2155 151 47 Tertia,
1266 2155 110 47 ibi,
1335 2155 137 47 Melior
1431 2155 96 47 est
1486 2155 137 47 autem.
1582 2155 82 47 Et
1623 2155 110 47 haec
1691 2155 96 47 est
1746 2155 151 47 diuisio
1856 2155 69 47 3
1884 2155 82 47 2.
1925 2155 69 47 &
1938 2155 69 47 35.

1146 2196 262 54 distinctionis,
1365 2196 131 54 atque
1452 2196 189 54 sententia
1598 2196 87 54 in
1641 2196 189 54 generali.
1787 2196 131 54 Circa
1874 2196 116 54 quas
1932 2196 73 54 di-

1161 2235 121 59 uaero
1241 2235 81 59 in
1282 2235 175 59 speciali.

1427 2303 293 82 Quaestio
1622 2303 98 82 1.

1153 2387 106 82 n
1195 2387 296 82 consummato
1428 2387 317 82 Matrimonio,
1682 2387 190 82 AIter
1787 2387 212 82 coniugum

1251 2451 168 59 absque
1369 2451 201 59 alterius
1519 2451 201 59 licentia
1670 2451 151 59 iuste
1754 2451 134 59 vouere

1401 2494 177 70 possit
1508 2494 266 70 continentiam.

1196 2825 185 49 VTRVM,
1325 2825 129 49 non
1399 2825 166 49 obsta
1510 2825 129 49 nte
1584 2825 259 49 matrimonio
1769 2825 240 49 consummato.

1166 2848 77 63 V
1196 2848 123 63 vnus
1273 2848 185 63 coniugum
1412 2848 154 63 absque
1520 2848 185 63 licentia
1658 2848 200 63 alterius,
1812 2848 154 63 possit
1904 2848 108 63 iuste

1147 2905 157 48 vouere
1257 2905 268 48 continentiam.
1478 2905 189 48 Videtur,
1620 2905 126 48 quod
1683 2905 94 48 sic.

1202 2933 120 60 Quia
1277 2933 120 60 sine
1352 2933 180 60 licentia
1487 2933 150 60 vxoris
1592 2933 150 60 potest
1696 2933 105 60 vir
1756 2933 150 60 crucem
1846 2933 165 60 assumere,

1152 2978 73 50 &
1182 2978 102 50 ire
1240 2978 88 50 in
1284 2978 190 50 subsidium
1430 2978 146 50 terrae
1533 2978 176 50 sanctae,
1665 2978 117 50 ergo
1738 2978 146 50 potest
1840 2978 117 50 sine
1899 2978 117 50 licen-

1153 3018 108 50 tia
1214 3018 155 50 vxoris
1323 3018 155 50 vouere
1431 3018 232 50 castitatem.
1616 3018 216 50 Antecedens
1786 3018 139 50 patet
1879 3018 139 50 extra
1956 3018 62 50 de

1152 3056 136 53 voto,
1242 3056 75 53 &
1273 3056 121 53 voti
1348 3056 226 53 redemptione
1529 3056 75 53 c
1559 3056 91 53 ex
1605 3056 151 53 multa,
1710 3056 106 53 vbi
1771 3056 181 53 dicitur,
1906 3056 91 53 Ne
1937 3056 75 53 ter

1155 3107 101 44 rae
1212 3107 158 44 sanctae
1327 3107 201 44 impediatur
1486 3107 201 44 subsidium,
1644 3107 115 44 viri
1716 3107 158 44 praeter
1831 3107 144 44 vxorum
1917 3107 101 44 assen

1166 3135 96 60 um
1214 3135 208 60 huiusmodi
1374 3135 304 60 peregrinationis
1631 3135 224 60 propositsm
1807 3135 160 60 vouere
1903 3135 112 60 libe
