2431 3545
254 255 101 73 qui
311 255 130 73 facit
398 255 188 73 peccatum,
542 255 144 73 seruus
643 255 101 73 est
701 255 173 73 peccati,
831 255 130 73 sicut
917 255 101 73 ait
960 255 159 73 Saluator.

259 317 144 46 tamen
355 317 209 46 subiectio
516 317 176 46 secundo
644 317 128 46 modo
724 317 160 46 dicta,
836 317 112 46 non
901 317 192 46 repugnat
1029 317 80 46 hay

264 356 158 43 usmodi
375 356 221 43 libertati:
548 356 126 43 quia
627 356 142 43 etiam
722 356 95 43 de
769 356 110 43 hac
832 356 205 43 libertate
974 356 142 43 loquens

255 388 90 50 D.
300 388 150 50 Petrus
405 388 120 50 ait,
481 388 135 50 Serui
571 388 165 50 subditi
691 388 150 50 estote
796 388 165 50 Dominis
917 388 180 50 vestris,
1037 388 75 50 non

255 437 162 48 tantum
368 437 162 48 bonis,
481 437 81 48 &
514 437 210 48 modestis,
675 437 113 48 sed
740 437 146 48 etiam
837 437 210 48 discolis.
983 437 129 48 Quando

254 474 142 45 autem
349 474 142 45 licet
443 474 142 45 seruo
538 474 205 45 discedere
696 474 79 45 a
727 474 158 45 Domino
837 474 110 45 suo
900 474 173 45 ratione
1011 474 110 45 liber

250 519 113 54 tatis
326 519 175 54 ecclesiae,
463 519 88 54 seu
513 519 125 54 fidei,
601 519 100 54 dixi
663 519 100 54 lib.
726 519 75 54 2.
764 519 163 54 distinct.
889 519 88 54 24.
939 519 125 54 artic.
1026 519 75 54 4.
1051 519 63 54 in-

247 545 224 55 quisitione
407 545 48 55 :

303 557 128 80 Etiam
388 557 142 80 potest
487 557 184 80 distingui
629 557 85 80 de
671 557 99 80 eo,
728 557 99 80 qui
785 557 156 80 praeest
898 557 184 80 subiectis
1026 557 85 80 sibi

249 629 197 49 populis,
397 629 132 49 quia
479 629 115 49 vel
545 629 181 49 praeest
676 629 115 49 per
742 629 148 49 modum
840 629 230 49 mercenatum
1005 629 115 49 solum

249 669 213 44 quaerendo
413 669 131 44 suam
495 669 246 44 vtilitatem,
692 669 82 44 &
724 669 115 44 non
790 669 230 44 subditorum
954 669 164 44 salutem:

251 710 114 40 vel
316 710 114 40 per
381 710 147 40 modum
479 710 130 40 veri
560 710 195 40 pastoris
707 710 277 40 principaliter
919 710 195 40 intendendo

244 746 234 54 subditorum
428 746 201 54 salutem.
579 746 134 54 Modo
663 746 151 54 dato,
763 746 134 54 quod
847 746 184 54 subiici
981 746 117 54 ei,
1031 746 84 54 qui

256 786 182 48 praeest
389 786 149 48 primo
488 786 133 48 modo
571 786 182 48 deroget
704 786 232 48 libertati:
886 786 149 48 tamen
969 786 149 48 secundo

257 831 130 46 modo
338 831 179 46 subiici
468 831 114 46 non
533 831 195 46 derogat,
679 831 114 46 sed
744 831 146 46 magis
841 831 195 46 promouet
971 831 146 46 liberta

254 864 105 54 tem
314 864 196 54 spiritus,
465 864 120 54 quae
540 864 135 54 ducit
630 864 90 54 ad
675 864 181 54 salutem:
811 864 105 54 cum
871 864 120 54 ergo
946 864 166 54 secundo
1052 864 60 54 mo

246 907 93 50 do
292 907 154 50 debeat
400 907 123 50 esse
477 907 201 50 praelatio
631 907 93 50 in
678 907 201 50 ecclesia,
832 907 77 50 &
863 907 108 50 non
924 907 139 50 primo
1001 907 93 50 modo

251 940 140 53 iuxta
345 940 156 53 verbum
454 940 234 53 Saluatoris,
641 940 109 53 qui
704 940 125 53 ait,
782 940 140 53 bonus
875 940 156 53 pastor
984 940 156 53 animam

252 979 122 55 suam
328 979 138 55 ponit
420 979 107 55 pro
481 979 153 55 ouibus
588 979 138 55 suis:
680 979 122 55 ideo
756 979 107 55 nec
817 979 214 55 subiectio,
986 979 107 55 nec
1032 979 76 55 per

246 1025 216 56 consequens
415 1025 139 56 ordo,
508 1025 185 56 repugnat
647 1025 278 56 ecclesiasticae
863 1025 170 56 libertati

285 1063 114 54 Ad
342 1063 228 54 secundum
513 1063 152 54 nego
590 1063 190 54 minorem.

293 1079 86 78 Ad
336 1079 215 78 probationem
508 1079 129 78 patet
593 1079 100 78 per
651 1079 100 78 ea,
708 1079 115 78 quae
780 1079 115 78 dixi
851 1079 115 78 lib.
923 1079 86 78 2.
966 1079 129 78 dist.
1037 1079 72 78 44.

243 1146 122 46 art.
319 1146 92 46 2.
350 1146 229 46 inquisitione.

287 1178 190 46 Notanter
429 1178 142 46 etiam
524 1178 142 46 dicit
619 1178 126 46 Ore.
698 1178 95 46 vt
746 1178 126 46 homo
825 1178 158 46 homini
935 1178 158 46 vellet
1030 1178 79 46 do-

240 1225 166 52 minari:
360 1225 120 52 quia
436 1225 105 52 nec
496 1225 120 52 tale
571 1225 135 52 velle
661 1225 135 52 etiam
752 1225 135 52 debet
842 1225 120 52 esse
917 1225 90 52 in
947 1225 166 52 praelatis

254 1259 208 48 ecclesiae:
417 1259 104 48 Nam
477 1259 104 48 qui
536 1259 148 48 volunt
640 1259 193 48 dominari;
788 1259 119 48 illi
863 1259 163 48 affecti
966 1259 134 48 dominio

248 1303 183 49 quaerunt,
389 1303 113 49 quae
459 1303 98 49 sua
515 1303 127 49 sunt,
600 1303 98 49 non
656 1303 113 49 quae
726 1303 113 49 lesu
797 1303 169 49 Christi;
923 1303 98 49 nec
965 1303 141 49 quaerunt

237 1339 237 46 subditorum
423 1339 203 46 salutem,
575 1339 118 46 sed
643 1339 135 46 suam
727 1339 254 46 vtilitatem,
930 1339 85 46 &
947 1339 152 46 honorem

247 1378 133 50 Ideo
330 1378 166 50 suadet
447 1378 216 50 Apostolus
613 1378 100 50 ad
662 1378 133 50 ceb.
745 1378 133 50 quod
828 1378 166 50 nullus
945 1378 149 50 sumat
1028 1378 66 50 ho

245 1420 171 52 norem,
365 1420 137 52 nisi
450 1420 120 52 qui
519 1420 188 52 vocatur
655 1420 86 52 a
690 1420 171 52 Domino
809 1420 188 52 tamquam
929 1420 137 52 Aaron.

290 1459 136 46 Forte
380 1459 151 46 dices,
486 1459 120 46 quod
561 1459 120 46 idem
636 1459 196 46 Apostolus
787 1459 120 46 ait,
862 1459 105 46 qui
907 1459 196 46 Episcopatum

246 1492 211 54 desiderat,
412 1492 136 54 bonum
502 1492 121 54 opus
578 1492 211 54 desiderat:
744 1492 121 54 ergo
819 1492 181 54 videtur,
955 1492 121 54 quod
1015 1492 91 54 homo

250 1541 149 45 possit
354 1541 134 45 velle
444 1541 179 45 dominari
578 1541 253 45 ecclesiastica
787 1541 164 45 platura
906 1541 119 45 sine
966 1541 134 45 peccato

285 1572 195 43 Dicendum,
435 1572 135 43 quod,
525 1572 135 43 sicut
615 1572 105 43 hic
675 1572 90 43 in
719 1572 120 43 tex.
794 1572 135 43 dicit
884 1572 195 43 Magister,
1019 1572 90 43 Epi-

248 1614 182 51 scopatus
384 1614 106 51 est
445 1614 136 51 nomen
536 1614 182 51 officii,
672 1614 76 51 &
703 1614 227 51 dignitatis:
885 1614 152 51 igitur
976 1614 136 51 quamuis

239 1660 162 45 nullus
352 1660 162 45 debeat
465 1660 227 45 desiderare
644 1660 243 45 episcopatum
838 1660 178 45 ratione
951 1660 146 45 dignita

243 1694 114 44 tis,
314 1694 100 44 qua
371 1694 157 44 praesit
485 1694 128 44 aliis
570 1694 199 44 hominibus:
727 1694 114 44 quia
798 1694 100 44 hoc
855 1694 171 44 praecise
969 1694 128 44 intendi

247 1733 91 45 do
292 1733 106 45 non
353 1733 151 45 potest
459 1733 182 45 transire
595 1733 121 45 sine
670 1733 182 45 peccato:
807 1733 136 45 tamen
897 1733 151 45 licite
988 1733 121 45 potest

249 1772 213 45 desiderare
416 1772 228 45 episcopatum
598 1772 167 45 ratione
719 1772 182 45 officui,
856 1772 106 45 quo
917 1772 152 45 prosit
1008 1772 91 45 alii

240 1809 216 54 hominibus,
409 1809 108 54 se,
471 1809 77 54 &
502 1809 108 54 sua
564 1809 108 54 pro
625 1809 139 54 ipsis
718 1809 216 54 impendendo
888 1809 93 54 in
919 1809 185 54 necessita-

244 1856 104 45 tis
303 1856 193 45 articulo:
452 1856 89 45 Et
496 1856 119 45 ideo
570 1856 163 45 neganda
689 1856 104 45 est
748 1856 252 45 consequentia:
956 1856 119 45 quia
1015 1856 89 45 secu

237 1895 117 46 dum
304 1895 168 46 formam
422 1895 285 46 consequentiae
657 1895 117 46 sic
724 1895 235 46 desiderans
892 1895 218 46 episcopatum

240 1933 103 57 non
299 1933 220 57 desideraret
475 1933 161 57 ratione
592 1933 176 57 officii,
725 1933 103 57 quo
783 1933 205 57 prodesset,
945 1933 103 57 sed
989 1933 117 57 potius

248 1972 160 58 ratione
364 1972 218 58 dignitatis,
538 1972 102 58 qua
581 1972 174 58 praeesset.

281 2018 202 41 Conclusio
437 2018 171 41 secunda
561 2018 124 41 est,
639 2018 124 41 quod
717 2018 186 41 loquendo
856 2018 93 41 de
903 2018 233 41 diffinitio

231 2056 102 51 ne,
290 2056 73 51 &
319 2056 205 51 quidditate
480 2056 146 51 ipsius
582 2056 249 51 ecclesiastici
787 2056 176 51 ordinis,
919 2056 146 51 dicere
1007 2056 102 51 possu

247 2092 109 42 mus
310 2092 109 42 cum
372 2092 187 42 Magistro
512 2092 109 42 hic
574 2092 218 42 inlittera,
745 2092 124 42 quod
823 2092 124 42 ordo
901 2092 109 42 est
947 2092 156 42 signacu-

239 2132 107 51 lum
300 2132 184 51 quoddam,
438 2132 92 51 id
484 2132 107 51 est
546 2132 153 51 sacrum
653 2132 184 51 quiddam,
791 2132 107 51 quo
852 2132 230 51 spiritualis
1021 2132 77 51 po-

236 2172 157 40 testas
346 2172 189 40 traditur
488 2172 205 40 ordinato,
646 2172 79 40 &
677 2172 205 40 officium.
834 2172 157 40 Eandem
945 2172 142 40 etiam
1023 2172 79 40 de-

249 2211 222 42 scriptionem
427 2211 133 42 ponit
516 2211 119 42 Hug.
590 2211 89 42 de
635 2211 89 42 8.
679 2211 104 42 vic
738 2211 74 42 &
768 2211 133 42 satis
857 2211 237 42 rationabilis
1035 2211 59 42 es

243 2253 94 44 se
290 2253 188 44 videtur:
431 2253 235 44 Describitur
619 2253 125 44 enim
697 2253 110 44 hic
760 2253 141 44 ordo,
854 2253 172 44 quantum
979 2253 94 44 ad
1010 2253 94 44 actu

239 2293 243 45 exteriorem,
433 2293 113 45 cum
498 2293 194 45 dicitur,
643 2293 243 45 signaculum,
837 2293 81 45 &
870 2293 178 45 quantum
999 2293 97 45 ad
1031 2293 65 45 ef

249 2326 151 48 fectum
355 2326 227 48 interiorem,
536 2326 106 48 cum
596 2326 181 48 dicitur,
732 2326 227 48 spiritualis
914 2326 196 48 potestas;
1065 2326 76 48 &

253 2378 169 40 quantum
376 2378 92 40 ad
422 2378 154 40 illius
530 2378 215 40 potestatis
699 2378 215 40 subiectum,
868 2378 108 40 cum
930 2378 185 40 dicitur,
1053 2378 46 40 o

240 2411 182 46 dinato;
373 2411 83 46 &
406 2411 182 46 quantum
538 2411 99 46 ad
588 2411 182 46 eiusdem
720 2411 232 46 potestatis
886 2411 215 46 executionem

250 2446 110 50 cum
313 2446 156 50 vltimo
422 2446 188 50 additur,
563 2446 78 50 &
579 2446 172 50 officium.

253 2488 82 50 1
285 2488 148 50 Forte
384 2488 197 50 dicetur,
532 2488 115 50 cum
598 2488 246 50 sacramentum
795 2488 115 50 sit
861 2488 115 50 res
926 2488 181 50 manens,
1058 2488 82 50 &

243 2538 131 40 actus
331 2538 175 40 exterior
462 2538 146 40 ipsius
564 2538 204 40 ordinantis
724 2538 102 40 sit
782 2538 189 40 trasiens:
927 2538 146 40 igitur
1015 2538 87 40 ordo

248 2567 109 48 qui
311 2567 109 48 est
373 2567 249 48 sacramentum,
575 2567 109 48 non
637 2567 155 48 potest
746 2567 124 48 esse
823 2567 233 48 signaculum,
994 2567 109 48 acci-

259 2612 163 45 piendo
373 2612 228 45 signaculum
552 2612 114 45 pro
617 2612 130 45 actu
699 2612 228 45 exteriori.
878 2612 98 45 Da
910 2612 196 45 oppositum;

257 2644 131 47 tunc
338 2644 163 47 manens
453 2644 131 47 erit
534 2644 229 47 transiens,
714 2644 82 47 &
747 2644 114 47 per
812 2644 229 47 consequens
975 2644 131 47 manens

248 2680 81 57 &
280 2680 113 57 non
345 2680 178 57 manens,
475 2680 130 57 quod
556 2680 113 57 est
604 2680 243 57 contradictio.

275 2723 71 54 2
303 2723 200 54 Praeterea,
460 2723 171 54 secundum
588 2723 100 54 lsi
645 2723 86 54 in
688 2723 100 54 li
745 2723 86 54 de
788 2723 185 54 officiis,
931 2723 171 54 officium
1045 2723 71 54 est

251 2764 186 45 congruus
390 2764 140 45 actus
483 2764 217 45 cuiuslibet
654 2764 171 45 persone
778 2764 186 45 secundum
917 2764 171 45 statuta
1026 2764 78 45 pro

250 2800 150 54 triae:
355 2800 105 54 sed
415 2800 135 54 malus
505 2800 105 54 non
565 2800 135 54 habet
655 2800 180 54 congruum
789 2800 150 54 actum:
894 2800 120 54 ergo
969 2800 90 54 si
999 2800 105 54 offi-

262 2845 120 52 tium
337 2845 105 52 est
397 2845 90 52 de
442 2845 165 52 ratione
562 2845 180 52 ordinis,
698 2845 120 52 tunc
773 2845 150 52 nullus
878 2845 135 52 malus
968 2845 150 52 posset
1058 2845 60 52 re

262 2884 152 50 tipere
368 2884 182 50 ordinem,
504 2884 121 50 quod
580 2884 106 50 est
641 2884 227 50 simpliciter
808 2884 136 50 falsum.

283 2931 102 38 Ad
334 2931 170 38 primum
453 2931 222 38 dicendum,
624 2931 136 38 quod
709 2931 273 38 consequentia
931 2931 119 38 non
982 2931 136 38 valet.

303 2958 96 51 Ad
351 2958 239 51 probationem
542 2958 143 51 dico,
637 2958 127 51 quod
717 2958 159 51 quando
828 2958 207 51 episcopus
972 2958 143 51 confert

255 2996 222 57 sacramentum
433 2996 178 57 ordinis,
566 2996 104 57 est
626 2996 104 57 ibi
685 2996 119 57 tria
759 2996 237 57 considerare.
952 2996 133 57 Vnum,
1026 2996 89 57 quod

251 3038 102 52 est
310 3038 204 52 sacramentu
470 3038 160 52 tantum;
586 3038 146 52 Aliud,
688 3038 116 52 quod
761 3038 102 52 est
819 3038 102 52 res
877 3038 204 52 sacramenti
1023 3038 87 52 tam-

250 3078 115 47 tum,
321 3078 172 47 tertium,
451 3078 115 47 quod
522 3078 100 47 est
580 3078 158 47 vtruque
695 3078 144 47 simul,
795 3078 172 47 scilicet
910 3078 201 47 sacramentum,

246 3122 75 53 &
276 3122 106 53 res
336 3122 226 53 sacramenti;
518 3122 106 53 nam
578 3122 151 53 illud,
684 3122 121 53 quod
759 3122 151 53 agitur
865 3122 226 53 extrinsecus
1031 3122 75 53 per

1142 267 141 65 episc.
1241 267 99 65 est
1297 267 212 65 sacramentum
1467 267 155 65 tantum:
1580 267 113 65 quia
1650 267 99 65 est
1707 267 141 65 sacrae
1805 267 99 65 rei
1862 267 155 65 signum.
1961 267 42 65 s

1145 323 230 55 characteris,
1331 323 72 55 &
1360 323 158 55 gratiae
1475 323 72 55 a
1504 323 100 55 Deo
1561 323 172 55 infusae,
1690 323 100 55 sed
1748 323 144 55 gratia
1848 323 129 55 ipsa,
1920 323 86 55 quae

1153 366 189 45 nfunditur
1299 366 73 45 a
1328 366 116 45 Deo,
1401 366 204 45 supposito,
1561 366 116 45 quod
1633 366 131 45 ille,
1721 366 102 45 qui
1779 366 204 45 ordinatur,
1924 366 73 45 non

1153 400 132 53 ponat
1241 400 146 53 obice,
1343 400 102 53 est
1402 400 102 53 res
1460 400 205 53 sacramenti
1621 400 161 53 tantum:
1738 400 117 53 quia
1811 400 102 53 ita
1869 400 88 53 se
1899 400 102 53 habet

1149 443 102 50 per
1208 443 131 50 modum
1295 443 233 50 significati,
1484 443 116 50 quod
1557 443 102 50 non
1615 443 131 50 habet
1702 443 175 50 rationem
1833 443 145 50 signi,
1920 443 73 50 nec

1138 487 105 46 per
1198 487 209 46 consequens
1362 487 224 46 sacramenti:
1541 487 119 46 quia
1616 487 119 46 esse
1690 487 149 46 signum
1795 487 105 46 est
1855 487 90 46 de
1885 487 119 46 ratio-

1141 522 86 49 ne
1184 522 200 49 intrinseca
1341 522 215 49 sacramenti,
1513 522 100 49 sed
1570 522 186 49 character
1713 522 100 49 est
1770 522 129 49 simul
1842 522 157 49 sacramen-

1146 560 117 46 tum,
1220 560 73 46 &
1249 560 103 46 res
1308 560 220 46 sacramenti.
1484 560 103 46 Est
1542 560 117 46 enim
1616 560 220 46 sacramentum
1792 560 176 46 respectu
1909 560 88 46 gra-

1137 598 135 45 tiae,
1227 598 120 45 quam
1302 598 226 45 significat,
1483 598 75 45 &
1513 598 150 45 aliquo
1618 598 120 45 modo
1693 598 226 45 dispositiue
1859 598 135 45 causat.

1141 632 75 49 &
1171 632 105 49 est
1231 632 105 49 res
1291 632 210 49 sacramenti
1456 632 180 49 respectu
1592 632 135 49 eius,
1682 632 120 49 quod
1757 632 225 49 extrinsecus
1922 632 75 49 ge-

1140 679 152 47 ritur,
1246 679 122 47 quod
1322 679 106 47 est
1383 679 228 47 sactamentum
1565 679 167 47 tantum,
1687 679 122 47 quia
1763 679 91 47 ab
1809 679 122 47 illo
1869 679 122 47 signif

1152 717 149 42 catur,
1256 717 75 42 &
1286 717 149 42 aliquo
1391 717 89 42 me
1435 717 89 42 do
1480 717 179 42 causatur
1614 717 89 42 Et
1659 717 89 42 ex
1704 717 104 42 his
1763 717 149 42 patet,
1868 717 119 42 quod
1927 717 75 42 or-

1142 759 103 43 do,
1201 759 88 43 vt
1245 759 103 43 est
1304 759 221 43 sacramentum
1480 759 162 43 tantum,
1598 759 176 43 transit,
1730 759 74 43 &
1760 759 103 43 non
1819 759 132 43 manet
1907 759 88 43 in
1936 759 59 43 se

1143 792 220 55 formaliter,
1319 792 132 55 licet
1407 792 147 55 maneat
1510 792 147 55 aliquo
1613 792 117 55 modo
1686 792 88 55 in
1730 792 103 55 suo
1789 792 176 55 effectu,
1906 792 88 55 sci-

1144 827 130 51 licet
1230 827 87 51 in
1274 827 217 51 charactere,
1447 827 101 51 qui
1505 827 159 51 dicitur
1621 827 116 51 res,
1693 827 72 51 &
1722 827 231 51 sacramentum,
1896 827 101 51 cuius

1139 876 105 48 est
1199 876 134 48 causa
1288 876 105 48 non
1348 876 134 48 solum
1438 876 269 48 significatiua,
1662 876 105 48 sed
1721 876 134 48 etiam
1811 876 149 48 aliquo
1900 876 90 48 modo

1144 909 245 48 dispositiua.
1342 909 92 48 Ex
1388 909 107 48 quo
1450 909 138 48 etiam
1541 909 183 48 apparet,
1679 909 122 48 quod
1755 909 107 48 non
1817 909 183 48 sequitur
1939 909 61 48 ex

1148 948 214 50 praedictis,
1319 948 186 50 transiens
1462 948 114 50 esse
1534 948 143 50 manes,
1634 948 100 50 vel
1691 948 129 50 manes
1777 948 100 50 non
1834 948 114 50 esse
1891 948 100 50 manes

1158 992 100 42 Ad
1208 992 200 42 secundum
1359 992 217 42 dicendum,
1526 992 134 42 quod
1609 992 200 42 officium
1759 992 184 42 dicitur
1876 992 117 42 actus

1146 1027 188 46 congruus
1288 1027 110 46 non
1350 1027 94 46 in
1397 1027 157 46 ordine
1507 1027 94 46 ad
1554 1027 220 46 subiectum,
1727 1027 110 46 sed
1790 1027 94 46 in
1837 1027 157 46 ordine
1931 1027 63 46 ad

1137 1071 154 46 finem:
1244 1071 169 46 quamuis
1367 1071 123 46 ergo
1444 1071 169 46 aliquis
1567 1071 108 46 sit
1629 1071 200 46 peccator,
1783 1071 108 46 dum
1829 1071 169 46 ordinatur

1140 1109 89 43 ab
1185 1109 193 43 episcopo,
1334 1109 134 43 tamen
1423 1109 119 43 vere
1497 1109 164 43 recipit
1616 1109 179 43 ordinem,
1750 1109 119 43 quia
1824 1109 164 43 recipit
1929 1109 74 43 po-

1137 1150 194 46 testatem
1282 1150 210 46 eliciendi
1444 1150 146 46 actum
1541 1150 194 46 congruum
1687 1150 194 46 respectu
1832 1150 162 46 finis,
1929 1150 65 46 ad

1138 1190 125 49 quem
1216 1190 219 49 ordinatur,
1388 1190 141 49 licet
1482 1190 203 49 huiusmodi
1638 1190 141 49 actus
1732 1190 109 49 non
1794 1190 109 49 sit
1841 1190 156 49 congruus

1133 1227 98 42 in
1182 1227 163 42 ordine
1296 1227 98 42 ad
1344 1227 228 42 subiectum,
1523 1227 81 42 a
1556 1227 114 42 quo
1605 1227 179 42 elicitur.

1147 1267 225 41 Conclusio3
1323 1267 128 41 est,
1404 1267 128 41 quod
1484 1267 128 41 ordo
1564 1267 128 41 vere
1644 1267 112 41 est
1708 1267 257 41 sacramentum,
1901 1267 96 41 quia

1141 1309 100 51 cui
1198 1309 114 51 vere
1269 1309 171 51 conuenit
1397 1309 199 51 diffinitio
1553 1309 213 51 sacramenti,
1724 1309 128 51 illud
1809 1309 114 51 vere
1880 1309 100 51 est
1923 1309 71 51 sa-

1133 1345 204 42 ctamentum,
1294 1345 102 42 sed
1352 1345 146 42 ordini
1454 1345 117 42 vere
1527 1345 175 42 conuenit
1659 1345 117 42 haec
1731 1345 204 42 diffinitio
1877 1345 117 42 sacra-

1134 1387 141 42 menti,
1232 1387 98 42 qua
1289 1387 183 42 dicebatur
1429 1387 126 42 circa
1513 1387 197 42 principium
1668 1387 141 42 istius
1766 1387 84 42 4.
1808 1387 126 42 libus
1879 1387 112 42 sacra-

1147 1425 141 42 mentum
1246 1425 99 42 est
1302 1425 212 42 inuisibilis
1472 1425 155 42 gratiae
1585 1425 169 42 visibile
1712 1425 155 42 signum,
1825 1425 99 42 seu
1867 1425 127 42 uisibi-

1140 1462 105 43 lis
1200 1462 150 43 forma,
1305 1462 105 43 ita
1366 1462 90 43 vt
1411 1462 120 43 eius
1486 1462 256 43 similitudinem
1696 1462 150 43 gerat,
1802 1462 75 43 &
1832 1462 135 43 causa
1907 1462 90 43 exi-

1141 1500 129 44 stat.
1227 1500 86 44 Et
1270 1500 144 44 loquor
1370 1500 101 44 hic
1428 1500 86 44 de
1471 1500 158 44 ordine,
1586 1500 129 44 prout
1672 1500 187 44 accipitur
1816 1500 101 44 pro
1873 1500 115 44 actu
1931 1500 57 44 ex

1139 1539 174 49 teriori,
1269 1539 116 49 quem
1342 1539 160 49 exercet
1458 1539 145 49 Episc.
1559 1539 131 49 circa
1646 1539 102 49 eu,
1704 1539 102 49 qui
1762 1539 203 49 ordinatur:
1907 1539 87 49 quia

1145 1577 83 46 vt
1187 1577 110 46 Sic,
1255 1577 96 46 est
1310 1577 179 46 visibilis
1448 1577 138 46 forma,
1544 1577 96 46 seu
1599 1577 138 46 signum
1695 1577 206 46 inuisibilis
1860 1577 165 46 gratiae,

1137 1621 120 54 quam
1212 1621 120 54 Deus
1287 1621 179 54 infundit
1421 1621 149 54 animae
1526 1621 164 54 illius,
1645 1621 105 54 qui
1705 1621 209 54 ordinatur.
1869 1621 90 54 Si
1899 1621 90 54 quis

1141 1661 116 45 autm
1213 1661 174 45 voluerit
1344 1661 116 45 hanc
1416 1661 247 45 diffinitionem
1619 1661 203 45 characteri
1779 1661 203 45 conuenire,
1924 1661 73 45 qui

1144 1691 103 50 est
1203 1691 118 50 res,
1277 1691 74 50 a
1306 1691 236 50 sacramentum,
1498 1691 118 50 tunc
1571 1691 103 50 vbi
1630 1691 88 50 in
1674 1691 103 50 hac
1733 1691 236 50 diffinitione
1910 1691 88 50 poni

1138 1741 101 48 tur
1195 1741 187 48 visibilis
1339 1741 144 48 forma,
1439 1741 101 48 ibi
1497 1741 129 48 debet
1583 1741 115 48 poni
1655 1741 216 48 inuisibilis
1828 1741 144 48 forma,
1914 1741 86 48 quia

1138 1772 195 55 character
1288 1772 150 55 videri
1393 1772 105 55 non
1453 1772 150 55 potest
1557 1772 135 55 oculo
1647 1772 210 55 corporali.

1247 1857 534 60 ARTICVLV
1604 1857 267 60 SII.

1208 1931 103 89 De
1259 1931 172 89 ordine
1379 1931 189 89 quantum
1517 1931 103 89 ad
1568 1931 137 89 suam
1637 1931 274 89 distinctionem.

1426 1997 83 69 G
1460 1997 133 69 plur
1526 1997 183 69 alitatem.

1199 2066 193 83 VANTVM
1334 2066 116 83 ad
1392 2066 232 83 secundum
1565 2066 154 83 art,
1662 2066 154 83 pono
1758 2066 154 83 duas
1835 2066 174 83 conclu

1148 2130 211 51 iones

1178 2136 151 73 Prima
1279 2136 135 73 est,
1363 2136 135 73 quod
1447 2136 185 73 proprie
1582 2136 202 73 loquendo
1733 2136 101 73 de
1784 2136 168 73 ordine
1884 2136 135 73 eccle-

1141 2200 186 56 Siastico,
1284 2200 115 56 tunc
1356 2200 115 56 sunt
1428 2200 86 56 7.
1471 2200 172 56 ordines,
1600 2200 143 56 quorum
1700 2200 143 56 primus
1801 2200 172 56 origine,
1915 2200 72 56 li-

1140 2246 106 50 cet
1200 2246 106 50 non
1261 2246 212 50 dignitate,
1428 2246 106 50 est
1488 2246 121 50 ordo
1564 2246 212 50 hostiarii,
1730 2246 182 50 secundus
1867 2246 121 50 ordo
1927 2246 76 50 Le-

1136 2281 161 49 ctoris,
1254 2281 161 49 tertius
1371 2281 220 49 Exorcistae,
1547 2281 161 49 quartus
1665 2281 191 49 Acolithi,
1811 2281 161 49 quintus
1914 2281 88 49 Sub-

1137 2329 182 42 diaconi,
1273 2329 151 42 sextus
1379 2329 182 42 Diaconi,
1515 2329 182 42 septimus
1652 2329 227 42 Sacerdotis,
1833 2329 106 42 seu
1879 2329 121 42 Praes-

1128 2360 195 51 byteri.
1270 2360 195 51 Istorum
1412 2360 266 51 vocabulorum
1624 2360 248 51 expositio,
1819 2360 89 51 &
1837 2360 159 51 imposi-

1138 2408 146 44 tionis
1241 2408 132 44 ratio
1329 2408 161 44 habetur
1446 2408 88 44 ab
1490 2408 117 44 ISi.
1563 2408 132 44 ethic
1651 2408 88 44 7.
1695 2408 88 44 Et
1739 2408 103 44 ita
1798 2408 176 44 complete
1915 2408 73 44 re-

1132 2430 188 68 citantur
1273 2430 141 68 verba
1367 2430 125 68 ISi.
1446 2430 110 68 hic
1508 2430 110 68 per
1571 2430 204 68 Magistrum
1728 2430 94 68 in
1775 2430 188 68 littera,
1900 2430 94 68 quod

1131 2487 115 41 non
1196 2487 115 41 est
1262 2487 181 41 necesse
1394 2487 99 41 de
1443 2487 115 41 his
1509 2487 115 41 per
1575 2487 99 41 me
1625 2487 115 41 hic
1690 2487 148 41 fieri
1773 2487 181 41 mentionem

1144 2508 257 59 bufficientia
1352 2508 144 59 etiam
1449 2508 176 59 istorum
1577 2508 176 59 ordinum
1705 2508 112 59 Sic
1769 2508 160 59 haberi
1866 2508 128 59 potest

1135 2558 150 53 Omnes
1236 2558 134 53 enim
1319 2558 167 53 gradus
1436 2558 284 53 ecclesiastici
1670 2558 184 53 ordinis
1787 2558 201 53 ordinantur

1145 2602 98 45 id
1194 2602 244 45 sacramentum
1389 2602 195 45 altaris,
1535 2602 130 45 quod
1617 2602 179 45 dicitur
1747 2602 244 45 sacramentum
1926 2602 65 45 v-

1139 2645 179 41 nionis,
1269 2645 130 41 quia
1350 2645 179 41 fideles
1480 2645 130 41 illo
1561 2645 228 41 sacramento
1740 2645 195 41 vniuntur
1870 2645 130 41 Domino

1141 2672 131 51 lesu
1223 2672 197 51 Christo.
1371 2672 99 51 Ad
1420 2672 131 51 quam
1502 2672 181 51 vnionem
1634 2672 115 51 duo
1699 2672 263 51 requiruntur.
1896 2672 99 51 Pri-

1133 2711 106 54 mo,
1194 2711 167 54 Christi
1315 2711 91 54 ad
1361 2711 106 54 nos
1421 2711 258 54 approximatio,
1634 2711 121 54 quae
1710 2711 106 54 fit
1770 2711 106 54 per
1816 2711 182 54 sactamenti

1139 2749 240 60 eucharistiae
1334 2749 285 60 consecrationem,
1574 2749 75 60 &
1604 2749 90 60 ad
1649 2749 135 60 istum
1739 2749 135 60 actum
1814 2749 180 60 deseruiunt

1146 2789 114 52 tres
1217 2789 128 52 sacri
1303 2789 171 52 ordines,
1431 2789 171 52 scilicet
1560 2789 271 52 Praesbvteratus,
1788 2789 214 52 Diaconatus,
1945 2789 43 52 &

1144 2830 299 53 Subdiaconatus:
1393 2830 133 53 Quia
1476 2830 249 53 Subdiaconus
1676 2830 199 53 materiam
1808 2830 183 53 preparat.

1149 2877 195 44 parando
1291 2877 195 44 calicem
1433 2877 124 44 cum
1503 2877 159 44 vino,
1610 2877 89 44 &
1645 2877 159 44 aqua,
1751 2877 89 44 &
1787 2877 195 44 patenam
1910 2877 89 44 cum

1136 2918 157 44 hostia
1246 2918 251 44 consecranda.
1450 2918 126 44 haec
1529 2918 141 44 autem
1623 2918 110 44 Sic
1686 2918 157 44 parata
1796 2918 173 44 offert.
1906 2918 94 44 Dia-

1135 2960 144 39 conus
1231 2960 223 39 Sacerdoti:
1406 2960 192 39 Sacerdos
1550 2960 144 39 autem
1646 2960 128 39 haec
1726 2960 208 39 accipiens
1885 2960 80 39 a
1901 2960 96 39 Dia-

1140 2988 135 52 cono
1224 2988 168 52 offert
1342 2988 135 52 ipsi
1426 2988 135 52 Deo,
1510 2988 84 52 &
1544 2988 219 52 consecrat
1712 2988 219 52 diuinorum
1863 2988 135 52 verbo-

1137 3036 121 44 rum
1206 3036 259 44 ministerio.
1413 3036 190 44 Secundo
1551 3036 104 44 ad
1603 3036 190 44 vnionem
1741 3036 242 44 praedictam
1914 3036 86 44 re-

1138 3065 222 54 quiritur,
1309 3065 103 54 vt
1360 3065 120 54 nos
1429 3065 188 54 Christo
1565 3065 291 54 incorporemur,
1805 3065 86 54 &
1839 3065 120 54 hoc
1890 3065 120 54 maxi-

1144 3097 94 67 me
1191 3097 142 67 fieri
1286 3097 157 67 potest
1396 3097 110 67 per
1459 3097 157 67 istius
1569 3097 220 67 sacramenti
1742 3097 173 67 deuotam
1868 3097 79 67 &
1884 3097 110 67 debi
