<?xml version="1.0" encoding="UTF-8"?>
<alto xmlns:xsi="http://www.w3.org/2001/XMLSchema-instance"
      xmlns="http://www.loc.gov/standards/alto/ns-v2#"
      xmlns:page="http://schema.primaresearch.org/PAGE/gts/pagecontent/2013-07-15"
      xsi:schemaLocation="http://www.loc.gov/standards/alto/ns-v2# http://www.loc.gov/standards/alto/alto.xsd">
   <Description>
      <MeasurementUnit>pixel</MeasurementUnit>
      <OCRProcessing ID="IdOcr">
         <ocrProcessingStep>
            <processingDateTime>2020-10-28T20:24:46.793-04:00</processingDateTime>
            <processingSoftware>
               <softwareCreator>READ COOP</softwareCreator>
               <softwareName>Transkribus</softwareName>
            </processingSoftware>
         </ocrProcessingStep>
      </OCRProcessing>
   </Description>
   <Tags/>
   <Layout>
      <Page ID="Page1" PHYSICAL_IMG_NR="1" HEIGHT="3568" WIDTH="2399">
         <TopMargin HEIGHT="0" WIDTH="2399" VPOS="0" HPOS="0"/>
         <LeftMargin HEIGHT="3568" WIDTH="0" VPOS="0" HPOS="0"/>
         <RightMargin HEIGHT="3568" WIDTH="0" VPOS="0" HPOS="2399"/>
         <BottomMargin HEIGHT="0" WIDTH="2399" VPOS="3568" HPOS="0"/>
         <PrintSpace HEIGHT="3568" WIDTH="2399" VPOS="0" HPOS="0">
            <TextBlock ID="r3" HEIGHT="2934" WIDTH="873" VPOS="283" HPOS="237">
               <Shape>
                  <Polygon POINTS="237,283 237,3217 1110,3217 1110,283"/>
               </Shape>
               <TextLine ID="r3l2"
                         BASELINE="388"
                         HEIGHT="71"
                         WIDTH="861"
                         VPOS="317"
                         HPOS="231">
                  <String HEIGHT="71" WIDTH="81" VPOS="317" HPOS="215" CONTENT="1"/>
                  <SP HEIGHT="71" WIDTH="16" VPOS="317" HPOS="296"/>
                  <String HEIGHT="71"
                          WIDTH="130"
                          VPOS="317"
                          HPOS="247"
                          CONTENT="Quia"/>
                  <SP HEIGHT="71" WIDTH="16" VPOS="317" HPOS="377"/>
                  <String HEIGHT="71" WIDTH="114" VPOS="317" HPOS="328" CONTENT="cum"/>
                  <SP HEIGHT="71" WIDTH="16" VPOS="317" HPOS="442"/>
                  <String HEIGHT="71"
                          WIDTH="130"
                          VPOS="317"
                          HPOS="393"
                          CONTENT="isti"/>
                  <SP HEIGHT="71" WIDTH="16" VPOS="317" HPOS="523"/>
                  <String HEIGHT="71"
                          WIDTH="211"
                          VPOS="317"
                          HPOS="475"
                          CONTENT="cohcedant"/>
                  <SP HEIGHT="71" WIDTH="16" VPOS="317" HPOS="686"/>
                  <String HEIGHT="71"
                          WIDTH="227"
                          VPOS="317"
                          HPOS="637"
                          CONTENT="accidentia"/>
                  <SP HEIGHT="71" WIDTH="16" VPOS="317" HPOS="865"/>
                  <String HEIGHT="71"
                          WIDTH="211"
                          VPOS="317"
                          HPOS="816"
                          CONTENT="praedicta"/>
                  <SP HEIGHT="71" WIDTH="16" VPOS="317" HPOS="1027"/>
                  <String HEIGHT="71"
                          WIDTH="130"
                          VPOS="317"
                          HPOS="962"
                          CONTENT="corrum"/>
               </TextLine>
               <TextLine ID="r3l3"
                         BASELINE="431"
                         HEIGHT="49"
                         WIDTH="841"
                         VPOS="382"
                         HPOS="257">
                  <String HEIGHT="49" WIDTH="90" VPOS="382" HPOS="242" CONTENT="pi"/>
                  <SP HEIGHT="49" WIDTH="15" VPOS="382" HPOS="332"/>
                  <String HEIGHT="49"
                          WIDTH="165"
                          VPOS="382"
                          HPOS="287"
                          CONTENT="actione"/>
                  <SP HEIGHT="49" WIDTH="15" VPOS="382" HPOS="452"/>
                  <String HEIGHT="49"
                          WIDTH="195"
                          VPOS="382"
                          HPOS="407"
                          CONTENT="naturalis"/>
                  <SP HEIGHT="49" WIDTH="15" VPOS="382" HPOS="602"/>
                  <String HEIGHT="49"
                          WIDTH="180"
                          VPOS="382"
                          HPOS="557"
                          CONTENT="agentis,"/>
                  <SP HEIGHT="49" WIDTH="15" VPOS="382" HPOS="738"/>
                  <String HEIGHT="49" WIDTH="75" VPOS="382" HPOS="693" CONTENT="&amp;"/>
                  <SP HEIGHT="49" WIDTH="15" VPOS="382" HPOS="768"/>
                  <String HEIGHT="49"
                          WIDTH="120"
                          VPOS="382"
                          HPOS="723"
                          CONTENT="omni"/>
                  <SP HEIGHT="49" WIDTH="15" VPOS="382" HPOS="843"/>
                  <String HEIGHT="49"
                          WIDTH="120"
                          VPOS="382"
                          HPOS="798"
                          CONTENT="tali"/>
                  <SP HEIGHT="49" WIDTH="15" VPOS="382" HPOS="918"/>
                  <String HEIGHT="49"
                          WIDTH="225"
                          VPOS="382"
                          HPOS="873"
                          CONTENT="corruptioni"/>
                  <SP HEIGHT="49" WIDTH="15" VPOS="382" HPOS="1098"/>
                  <String HEIGHT="49" WIDTH="60" VPOS="382" HPOS="1038" CONTENT="ne"/>
               </TextLine>
               <TextLine ID="r3l4"
                         BASELINE="474"
                         HEIGHT="49"
                         WIDTH="848"
                         VPOS="425"
                         HPOS="255">
                  <String HEIGHT="49"
                          WIDTH="179"
                          VPOS="425"
                          HPOS="240"
                          CONTENT="cessario"/>
                  <SP HEIGHT="49" WIDTH="15" VPOS="425" HPOS="419"/>
                  <String HEIGHT="49"
                          WIDTH="253"
                          VPOS="425"
                          HPOS="374"
                          CONTENT="correspondeat"/>
                  <SP HEIGHT="49" WIDTH="15" VPOS="425" HPOS="627"/>
                  <String HEIGHT="49"
                          WIDTH="208"
                          VPOS="425"
                          HPOS="582"
                          CONTENT="generatio,"/>
                  <SP HEIGHT="49" WIDTH="15" VPOS="425" HPOS="791"/>
                  <String HEIGHT="49" WIDTH="89" VPOS="425" HPOS="746" CONTENT="vt"/>
                  <SP HEIGHT="49" WIDTH="15" VPOS="425" HPOS="835"/>
                  <String HEIGHT="49"
                          WIDTH="149"
                          VPOS="425"
                          HPOS="791"
                          CONTENT="patet."/>
                  <SP HEIGHT="49" WIDTH="15" VPOS="425" HPOS="939"/>
                  <String HEIGHT="49" WIDTH="89" VPOS="425" HPOS="895" CONTENT="2."/>
                  <SP HEIGHT="49" WIDTH="15" VPOS="425" HPOS="984"/>
                  <String HEIGHT="49" WIDTH="89" VPOS="425" HPOS="939" CONTENT="de"/>
                  <SP HEIGHT="49" WIDTH="15" VPOS="425" HPOS="1029"/>
                  <String HEIGHT="49"
                          WIDTH="134"
                          VPOS="425"
                          HPOS="969"
                          CONTENT="genera"
                          SUBS_TYPE="HypPart1"
                          SUBS_CONTENT="generatione,"/>
                  <HYP CONTENT="-"/>
               </TextLine>
               <TextLine ID="r3l5"
                         BASELINE="508"
                         HEIGHT="49"
                         WIDTH="841"
                         VPOS="459"
                         HPOS="248">
                  <String HEIGHT="49"
                          WIDTH="153"
                          VPOS="459"
                          HPOS="233"
                          CONTENT="tione,"
                          SUBS_TYPE="HypPart2"
                          SUBS_CONTENT="generatione,"/>
                  <SP HEIGHT="49" WIDTH="15" VPOS="459" HPOS="386"/>
                  <String HEIGHT="49" WIDTH="76" VPOS="459" HPOS="340" CONTENT="&amp;"/>
                  <SP HEIGHT="49" WIDTH="15" VPOS="459" HPOS="416"/>
                  <String HEIGHT="49"
                          WIDTH="245"
                          VPOS="459"
                          HPOS="370"
                          CONTENT="corruptione:"/>
                  <SP HEIGHT="49" WIDTH="15" VPOS="459" HPOS="615"/>
                  <String HEIGHT="49"
                          WIDTH="122"
                          VPOS="459"
                          HPOS="569"
                          CONTENT="ergo"/>
                  <SP HEIGHT="49" WIDTH="15" VPOS="459" HPOS="691"/>
                  <String HEIGHT="49" WIDTH="107" VPOS="459" HPOS="646" CONTENT="non"/>
                  <SP HEIGHT="49" WIDTH="15" VPOS="459" HPOS="753"/>
                  <String HEIGHT="49"
                          WIDTH="138"
                          VPOS="459"
                          HPOS="707"
                          CONTENT="solum"/>
                  <SP HEIGHT="49" WIDTH="15" VPOS="459" HPOS="844"/>
                  <String HEIGHT="49"
                          WIDTH="122"
                          VPOS="459"
                          HPOS="798"
                          CONTENT="aeri"/>
                  <SP HEIGHT="49" WIDTH="15" VPOS="459" HPOS="921"/>
                  <String HEIGHT="49"
                          WIDTH="183"
                          VPOS="459"
                          HPOS="875"
                          CONTENT="corrupto"/>
                  <SP HEIGHT="49" WIDTH="15" VPOS="459" HPOS="1058"/>
                  <String HEIGHT="49" WIDTH="92" VPOS="459" HPOS="997" CONTENT="opos"/>
               </TextLine>
               <TextLine ID="r3l6"
                         BASELINE="548"
                         HEIGHT="47"
                         WIDTH="838"
                         VPOS="501"
                         HPOS="257">
                  <String HEIGHT="47" WIDTH="113" VPOS="501" HPOS="241" CONTENT="tet"/>
                  <SP HEIGHT="47" WIDTH="16" VPOS="501" HPOS="354"/>
                  <String HEIGHT="47"
                          WIDTH="177"
                          VPOS="501"
                          HPOS="305"
                          CONTENT="aliquod"/>
                  <SP HEIGHT="47" WIDTH="16" VPOS="501" HPOS="483"/>
                  <String HEIGHT="47"
                          WIDTH="177"
                          VPOS="501"
                          HPOS="434"
                          CONTENT="genitum"/>
                  <SP HEIGHT="47" WIDTH="16" VPOS="501" HPOS="612"/>
                  <String HEIGHT="47"
                          WIDTH="226"
                          VPOS="501"
                          HPOS="563"
                          CONTENT="assignare,"/>
                  <SP HEIGHT="47" WIDTH="16" VPOS="501" HPOS="789"/>
                  <String HEIGHT="47"
                          WIDTH="226"
                          VPOS="501"
                          HPOS="740"
                          CONTENT="verumetiam"/>
                  <SP HEIGHT="47" WIDTH="16" VPOS="501" HPOS="966"/>
                  <String HEIGHT="47"
                          WIDTH="193"
                          VPOS="501"
                          HPOS="902"
                          CONTENT="accidenti"
                          SUBS_TYPE="HypPart1"
                          SUBS_CONTENT="accidentibus"/>
                  <HYP CONTENT="-"/>
               </TextLine>
               <TextLine ID="r3l7"
                         BASELINE="580"
                         HEIGHT="42"
                         WIDTH="836"
                         VPOS="538"
                         HPOS="255">
                  <String HEIGHT="42"
                          WIDTH="105"
                          VPOS="538"
                          HPOS="240"
                          CONTENT="bus"
                          SUBS_TYPE="HypPart2"
                          SUBS_CONTENT="accidentibus"/>
                  <SP HEIGHT="42" WIDTH="15" VPOS="538" HPOS="345"/>
                  <String HEIGHT="42"
                          WIDTH="209"
                          VPOS="538"
                          HPOS="300"
                          CONTENT="corruptis:"/>
                  <SP HEIGHT="42" WIDTH="15" VPOS="538" HPOS="509"/>
                  <String HEIGHT="42" WIDTH="105" VPOS="538" HPOS="464" CONTENT="Hoc"/>
                  <SP HEIGHT="42" WIDTH="15" VPOS="538" HPOS="569"/>
                  <String HEIGHT="42"
                          WIDTH="134"
                          VPOS="538"
                          HPOS="524"
                          CONTENT="autem"/>
                  <SP HEIGHT="42" WIDTH="15" VPOS="538" HPOS="658"/>
                  <String HEIGHT="42"
                          WIDTH="134"
                          VPOS="538"
                          HPOS="613"
                          CONTENT="aliud"/>
                  <SP HEIGHT="42" WIDTH="15" VPOS="538" HPOS="748"/>
                  <String HEIGHT="42"
                          WIDTH="134"
                          VPOS="538"
                          HPOS="703"
                          CONTENT="fingi"/>
                  <SP HEIGHT="42" WIDTH="15" VPOS="538" HPOS="837"/>
                  <String HEIGHT="42" WIDTH="105" VPOS="538" HPOS="792" CONTENT="non"/>
                  <SP HEIGHT="42" WIDTH="15" VPOS="538" HPOS="897"/>
                  <String HEIGHT="42"
                          WIDTH="164"
                          VPOS="538"
                          HPOS="852"
                          CONTENT="potest."/>
                  <SP HEIGHT="42" WIDTH="15" VPOS="538" HPOS="1016"/>
                  <String HEIGHT="42"
                          WIDTH="119"
                          VPOS="538"
                          HPOS="972"
                          CONTENT="nisi"/>
                  <SP HEIGHT="42" WIDTH="15" VPOS="538" HPOS="1091"/>
                  <String HEIGHT="42" WIDTH="60" VPOS="538" HPOS="1031" CONTENT="hu"/>
               </TextLine>
               <TextLine ID="r3l8"
                         BASELINE="624"
                         HEIGHT="45"
                         WIDTH="859"
                         VPOS="579"
                         HPOS="245">
                  <String HEIGHT="45"
                          WIDTH="160"
                          VPOS="579"
                          HPOS="230"
                          CONTENT="iusmodi"/>
                  <SP HEIGHT="45" WIDTH="15" VPOS="579" HPOS="391"/>
                  <String HEIGHT="45"
                          WIDTH="175"
                          VPOS="579"
                          HPOS="347"
                          CONTENT="cineres,"/>
                  <SP HEIGHT="45" WIDTH="15" VPOS="579" HPOS="522"/>
                  <String HEIGHT="45" WIDTH="102" VPOS="579" HPOS="478" CONTENT="vel"/>
                  <SP HEIGHT="45" WIDTH="15" VPOS="579" HPOS="580"/>
                  <String HEIGHT="45"
                          WIDTH="131"
                          VPOS="579"
                          HPOS="536"
                          CONTENT="alia,"/>
                  <SP HEIGHT="45" WIDTH="15" VPOS="579" HPOS="667"/>
                  <String HEIGHT="45"
                          WIDTH="116"
                          VPOS="579"
                          HPOS="624"
                          CONTENT="quae"/>
                  <SP HEIGHT="45" WIDTH="15" VPOS="579" HPOS="740"/>
                  <String HEIGHT="45" WIDTH="87" VPOS="579" HPOS="696" CONTENT="in"/>
                  <SP HEIGHT="45" WIDTH="15" VPOS="579" HPOS="784"/>
                  <String HEIGHT="45"
                          WIDTH="116"
                          VPOS="579"
                          HPOS="740"
                          CONTENT="loco"/>
                  <SP HEIGHT="45" WIDTH="15" VPOS="579" HPOS="856"/>
                  <String HEIGHT="45"
                          WIDTH="160"
                          VPOS="579"
                          HPOS="813"
                          CONTENT="illorum"/>
                  <SP HEIGHT="45" WIDTH="15" VPOS="579" HPOS="973"/>
                  <String HEIGHT="45"
                          WIDTH="189"
                          VPOS="579"
                          HPOS="915"
                          CONTENT="accidentifi"/>
               </TextLine>
               <TextLine ID="r3l9"
                         BASELINE="668"
                         HEIGHT="51"
                         WIDTH="182"
                         VPOS="617"
                         HPOS="253">
                  <String HEIGHT="51"
                          WIDTH="212"
                          VPOS="617"
                          HPOS="223"
                          CONTENT="reperiuntur."/>
               </TextLine>
               <TextLine ID="r3l11"
                         BASELINE="711"
                         HEIGHT="53"
                         WIDTH="855"
                         VPOS="658"
                         HPOS="249">
                  <String HEIGHT="53" WIDTH="79" VPOS="658" HPOS="233" CONTENT="2"/>
                  <SP HEIGHT="53" WIDTH="16" VPOS="658" HPOS="312"/>
                  <String HEIGHT="53" WIDTH="111" VPOS="658" HPOS="265" CONTENT="Nec"/>
                  <SP HEIGHT="53" WIDTH="16" VPOS="658" HPOS="376"/>
                  <String HEIGHT="53"
                          WIDTH="143"
                          VPOS="658"
                          HPOS="328"
                          CONTENT="valet"/>
                  <SP HEIGHT="53" WIDTH="16" VPOS="658" HPOS="471"/>
                  <String HEIGHT="53"
                          WIDTH="158"
                          VPOS="658"
                          HPOS="423"
                          CONTENT="illud,"/>
                  <SP HEIGHT="53" WIDTH="16" VPOS="658" HPOS="582"/>
                  <String HEIGHT="53"
                          WIDTH="127"
                          VPOS="658"
                          HPOS="534"
                          CONTENT="quod"/>
                  <SP HEIGHT="53" WIDTH="16" VPOS="658" HPOS="661"/>
                  <String HEIGHT="53"
                          WIDTH="127"
                          VPOS="658"
                          HPOS="613"
                          CONTENT="isti"/>
                  <SP HEIGHT="53" WIDTH="16" VPOS="658" HPOS="740"/>
                  <String HEIGHT="53"
                          WIDTH="174"
                          VPOS="658"
                          HPOS="692"
                          CONTENT="fingunt"/>
                  <SP HEIGHT="53" WIDTH="16" VPOS="658" HPOS="867"/>
                  <String HEIGHT="53" WIDTH="95" VPOS="658" HPOS="819" CONTENT="de"/>
                  <SP HEIGHT="53" WIDTH="16" VPOS="658" HPOS="914"/>
                  <String HEIGHT="53"
                          WIDTH="127"
                          VPOS="658"
                          HPOS="867"
                          CONTENT="aere"/>
                  <SP HEIGHT="53" WIDTH="16" VPOS="658" HPOS="993"/>
                  <String HEIGHT="53"
                          WIDTH="174"
                          VPOS="658"
                          HPOS="930"
                          CONTENT="corrupto:"/>
               </TextLine>
               <TextLine ID="r3l12"
                         BASELINE="747"
                         HEIGHT="50"
                         WIDTH="851"
                         VPOS="697"
                         HPOS="249">
                  <String HEIGHT="50"
                          WIDTH="119"
                          VPOS="697"
                          HPOS="234"
                          CONTENT="quia"/>
                  <SP HEIGHT="50" WIDTH="15" VPOS="697" HPOS="354"/>
                  <String HEIGHT="50"
                          WIDTH="134"
                          VPOS="697"
                          HPOS="309"
                          CONTENT="licet"/>
                  <SP HEIGHT="50" WIDTH="15" VPOS="697" HPOS="443"/>
                  <String HEIGHT="50"
                          WIDTH="134"
                          VPOS="697"
                          HPOS="398"
                          CONTENT="agens"/>
                  <SP HEIGHT="50" WIDTH="15" VPOS="697" HPOS="533"/>
                  <String HEIGHT="50"
                          WIDTH="179"
                          VPOS="697"
                          HPOS="488"
                          CONTENT="naturale"/>
                  <SP HEIGHT="50" WIDTH="15" VPOS="697" HPOS="667"/>
                  <String HEIGHT="50" WIDTH="90" VPOS="697" HPOS="622" CONTENT="in"/>
                  <SP HEIGHT="50" WIDTH="15" VPOS="697" HPOS="712"/>
                  <String HEIGHT="50"
                          WIDTH="194"
                          VPOS="697"
                          HPOS="667"
                          CONTENT="principio"/>
                  <SP HEIGHT="50" WIDTH="15" VPOS="697" HPOS="861"/>
                  <String HEIGHT="50"
                          WIDTH="179"
                          VPOS="697"
                          HPOS="816"
                          CONTENT="actionis"/>
                  <SP HEIGHT="50" WIDTH="15" VPOS="697" HPOS="995"/>
                  <String HEIGHT="50"
                          WIDTH="164"
                          VPOS="697"
                          HPOS="936"
                          CONTENT="notabili"
                          SUBS_TYPE="HypPart1"
                          SUBS_CONTENT="notabiliter"/>
                  <HYP CONTENT="-"/>
               </TextLine>
               <TextLine ID="r3l13"
                         BASELINE="788"
                         HEIGHT="53"
                         WIDTH="847"
                         VPOS="735"
                         HPOS="244">
                  <String HEIGHT="53"
                          WIDTH="106"
                          VPOS="735"
                          HPOS="229"
                          CONTENT="ter"
                          SUBS_TYPE="HypPart2"
                          SUBS_CONTENT="notabiliter"/>
                  <SP HEIGHT="53" WIDTH="15" VPOS="735" HPOS="335"/>
                  <String HEIGHT="53"
                          WIDTH="212"
                          VPOS="735"
                          HPOS="289"
                          CONTENT="repatiatur"/>
                  <SP HEIGHT="53" WIDTH="15" VPOS="735" HPOS="501"/>
                  <String HEIGHT="53"
                          WIDTH="166"
                          VPOS="735"
                          HPOS="456"
                          CONTENT="agendo:"/>
                  <SP HEIGHT="53" WIDTH="15" VPOS="735" HPOS="622"/>
                  <String HEIGHT="53"
                          WIDTH="136"
                          VPOS="735"
                          HPOS="577"
                          CONTENT="tamen"/>
                  <SP HEIGHT="53" WIDTH="15" VPOS="735" HPOS="713"/>
                  <String HEIGHT="53" WIDTH="91" VPOS="735" HPOS="668" CONTENT="in"/>
                  <SP HEIGHT="53" WIDTH="15" VPOS="735" HPOS="758"/>
                  <String HEIGHT="53"
                          WIDTH="121"
                          VPOS="735"
                          HPOS="713"
                          CONTENT="fine"/>
                  <SP HEIGHT="53" WIDTH="15" VPOS="735" HPOS="834"/>
                  <String HEIGHT="53"
                          WIDTH="182"
                          VPOS="735"
                          HPOS="789"
                          CONTENT="actionis"/>
                  <SP HEIGHT="53" WIDTH="15" VPOS="735" HPOS="970"/>
                  <String HEIGHT="53" WIDTH="106" VPOS="735" HPOS="925" CONTENT="cum"/>
                  <SP HEIGHT="53" WIDTH="15" VPOS="735" HPOS="1031"/>
                  <String HEIGHT="53"
                          WIDTH="121"
                          VPOS="735"
                          HPOS="970"
                          CONTENT="passum"/>
               </TextLine>
               <TextLine ID="r3l14"
                         BASELINE="823"
                         HEIGHT="47"
                         WIDTH="850"
                         VPOS="776"
                         HPOS="249">
                  <String HEIGHT="47"
                          WIDTH="243"
                          VPOS="776"
                          HPOS="234"
                          CONTENT="appropinquat"/>
                  <SP HEIGHT="47" WIDTH="15" VPOS="776" HPOS="477"/>
                  <String HEIGHT="47"
                          WIDTH="243"
                          VPOS="776"
                          HPOS="431"
                          CONTENT="corruptioni,"/>
                  <SP HEIGHT="47" WIDTH="15" VPOS="776" HPOS="674"/>
                  <String HEIGHT="47"
                          WIDTH="182"
                          VPOS="776"
                          HPOS="628"
                          CONTENT="modicum,"/>
                  <SP HEIGHT="47" WIDTH="15" VPOS="776" HPOS="811"/>
                  <String HEIGHT="47" WIDTH="106" VPOS="776" HPOS="765" CONTENT="vel"/>
                  <SP HEIGHT="47" WIDTH="15" VPOS="776" HPOS="871"/>
                  <String HEIGHT="47"
                          WIDTH="137"
                          VPOS="776"
                          HPOS="826"
                          CONTENT="nihil"/>
                  <SP HEIGHT="47" WIDTH="15" VPOS="776" HPOS="962"/>
                  <String HEIGHT="47"
                          WIDTH="213"
                          VPOS="776"
                          HPOS="917"
                          CONTENT="repatitur,"/>
                  <SP HEIGHT="47" WIDTH="15" VPOS="776" HPOS="1129"/>
                  <String HEIGHT="47" WIDTH="30" VPOS="776" HPOS="1069" CONTENT=""/>
               </TextLine>
               <TextLine ID="r3l15"
                         BASELINE="854"
                         HEIGHT="38"
                         WIDTH="838"
                         VPOS="816"
                         HPOS="256">
                  <String HEIGHT="38" WIDTH="91" VPOS="816" HPOS="241" CONTENT="eo"/>
                  <SP HEIGHT="38" WIDTH="15" VPOS="816" HPOS="332"/>
                  <String HEIGHT="38"
                          WIDTH="122"
                          VPOS="816"
                          HPOS="286"
                          CONTENT="quod"/>
                  <SP HEIGHT="38" WIDTH="15" VPOS="816" HPOS="408"/>
                  <String HEIGHT="38"
                          WIDTH="168"
                          VPOS="816"
                          HPOS="363"
                          CONTENT="patiens"/>
                  <SP HEIGHT="38" WIDTH="15" VPOS="816" HPOS="530"/>
                  <String HEIGHT="38"
                          WIDTH="198"
                          VPOS="816"
                          HPOS="485"
                          CONTENT="totaliter"/>
                  <SP HEIGHT="38" WIDTH="15" VPOS="816" HPOS="683"/>
                  <String HEIGHT="38" WIDTH="107" VPOS="816" HPOS="637" CONTENT="sit"/>
                  <SP HEIGHT="38" WIDTH="15" VPOS="816" HPOS="744"/>
                  <String HEIGHT="38"
                          WIDTH="213"
                          VPOS="816"
                          HPOS="698"
                          CONTENT="superatum,"/>
                  <SP HEIGHT="38" WIDTH="15" VPOS="816" HPOS="911"/>
                  <String HEIGHT="38" WIDTH="76" VPOS="816" HPOS="865" CONTENT="&amp;"/>
                  <SP HEIGHT="38" WIDTH="15" VPOS="816" HPOS="942"/>
                  <String HEIGHT="38" WIDTH="91" VPOS="816" HPOS="896" CONTENT="ad"/>
                  <SP HEIGHT="38" WIDTH="15" VPOS="816" HPOS="987"/>
                  <String HEIGHT="38"
                          WIDTH="168"
                          VPOS="816"
                          HPOS="926"
                          CONTENT="conformi"
                          SUBS_TYPE="HypPart1"
                          SUBS_CONTENT="conformitatem"/>
                  <HYP CONTENT="-"/>
               </TextLine>
               <TextLine ID="r3l16"
                         BASELINE="897"
                         HEIGHT="44"
                         WIDTH="849"
                         VPOS="853"
                         HPOS="251">
                  <String HEIGHT="44"
                          WIDTH="136"
                          VPOS="853"
                          HPOS="236"
                          CONTENT="tatem"
                          SUBS_TYPE="HypPart2"
                          SUBS_CONTENT="conformitatem"/>
                  <SP HEIGHT="44" WIDTH="15" VPOS="853" HPOS="372"/>
                  <String HEIGHT="44"
                          WIDTH="167"
                          VPOS="853"
                          HPOS="327"
                          CONTENT="agentis"/>
                  <SP HEIGHT="44" WIDTH="15" VPOS="853" HPOS="494"/>
                  <String HEIGHT="44" WIDTH="106" VPOS="853" HPOS="448" CONTENT="sit"/>
                  <SP HEIGHT="44" WIDTH="15" VPOS="853" HPOS="554"/>
                  <String HEIGHT="44"
                          WIDTH="258"
                          VPOS="853"
                          HPOS="509"
                          CONTENT="transmutatum."/>
                  <SP HEIGHT="44" WIDTH="15" VPOS="853" HPOS="766"/>
                  <String HEIGHT="44"
                          WIDTH="136"
                          VPOS="853"
                          HPOS="721"
                          CONTENT="iuxta"/>
                  <SP HEIGHT="44" WIDTH="15" VPOS="853" HPOS="857"/>
                  <String HEIGHT="44"
                          WIDTH="121"
                          VPOS="853"
                          HPOS="812"
                          CONTENT="quod"/>
                  <SP HEIGHT="44" WIDTH="15" VPOS="853" HPOS="933"/>
                  <String HEIGHT="44"
                          WIDTH="167"
                          VPOS="853"
                          HPOS="888"
                          CONTENT="dicitur"/>
                  <SP HEIGHT="44" WIDTH="15" VPOS="853" HPOS="1055"/>
                  <String HEIGHT="44" WIDTH="91" VPOS="853" HPOS="1009" CONTENT="in"/>
                  <SP HEIGHT="44" WIDTH="15" VPOS="853" HPOS="1100"/>
                  <String HEIGHT="44" WIDTH="61" VPOS="853" HPOS="1039" CONTENT="li"/>
               </TextLine>
               <TextLine ID="r3l17"
                         BASELINE="934"
                         HEIGHT="41"
                         WIDTH="841"
                         VPOS="893"
                         HPOS="256">
                  <String HEIGHT="41" WIDTH="103" VPOS="893" HPOS="241" CONTENT="bro"/>
                  <SP HEIGHT="41" WIDTH="15" VPOS="893" HPOS="345"/>
                  <String HEIGHT="41" WIDTH="89" VPOS="893" HPOS="300" CONTENT="de"/>
                  <SP HEIGHT="41" WIDTH="15" VPOS="893" HPOS="389"/>
                  <String HEIGHT="41"
                          WIDTH="236"
                          VPOS="893"
                          HPOS="345"
                          CONTENT="generatione."/>
                  <SP HEIGHT="41" WIDTH="15" VPOS="893" HPOS="581"/>
                  <String HEIGHT="41"
                          WIDTH="148"
                          VPOS="893"
                          HPOS="536"
                          CONTENT="Agens,"/>
                  <SP HEIGHT="41" WIDTH="15" VPOS="893" HPOS="684"/>
                  <String HEIGHT="41" WIDTH="74" VPOS="893" HPOS="640" CONTENT="&amp;"/>
                  <SP HEIGHT="41" WIDTH="15" VPOS="893" HPOS="713"/>
                  <String HEIGHT="41"
                          WIDTH="162"
                          VPOS="893"
                          HPOS="669"
                          CONTENT="patiens"/>
                  <SP HEIGHT="41" WIDTH="15" VPOS="893" HPOS="831"/>
                  <String HEIGHT="41" WIDTH="89" VPOS="893" HPOS="787" CONTENT="in"/>
                  <SP HEIGHT="41" WIDTH="15" VPOS="893" HPOS="876"/>
                  <String HEIGHT="41"
                          WIDTH="192"
                          VPOS="893"
                          HPOS="831"
                          CONTENT="principio"/>
                  <SP HEIGHT="41" WIDTH="15" VPOS="893" HPOS="1023"/>
                  <String HEIGHT="41"
                          WIDTH="148"
                          VPOS="893"
                          HPOS="979"
                          CONTENT="actio¬"/>
                  <SP HEIGHT="41" WIDTH="15" VPOS="893" HPOS="1127"/>
                  <String HEIGHT="41" WIDTH="30" VPOS="893" HPOS="1067" CONTENT=""/>
               </TextLine>
               <TextLine ID="r3l18"
                         BASELINE="974"
                         HEIGHT="42"
                         WIDTH="831"
                         VPOS="932"
                         HPOS="258">
                  <String HEIGHT="42" WIDTH="100" VPOS="932" HPOS="244" CONTENT="nis"/>
                  <SP HEIGHT="42" WIDTH="14" VPOS="932" HPOS="344"/>
                  <String HEIGHT="42"
                          WIDTH="115"
                          VPOS="932"
                          HPOS="301"
                          CONTENT="sunt"/>
                  <SP HEIGHT="42" WIDTH="14" VPOS="932" HPOS="416"/>
                  <String HEIGHT="42"
                          WIDTH="215"
                          VPOS="932"
                          HPOS="373"
                          CONTENT="dissimilia;"/>
                  <SP HEIGHT="42" WIDTH="14" VPOS="932" HPOS="588"/>
                  <String HEIGHT="42"
                          WIDTH="143"
                          VPOS="932"
                          HPOS="545"
                          CONTENT="infine"/>
                  <SP HEIGHT="42" WIDTH="14" VPOS="932" HPOS="688"/>
                  <String HEIGHT="42"
                          WIDTH="115"
                          VPOS="932"
                          HPOS="645"
                          CONTENT="vero"/>
                  <SP HEIGHT="42" WIDTH="14" VPOS="932" HPOS="759"/>
                  <String HEIGHT="42"
                          WIDTH="172"
                          VPOS="932"
                          HPOS="716"
                          CONTENT="similia:"/>
                  <SP HEIGHT="42" WIDTH="14" VPOS="932" HPOS="888"/>
                  <String HEIGHT="42"
                          WIDTH="143"
                          VPOS="932"
                          HPOS="845"
                          CONTENT="igitur"/>
                  <SP HEIGHT="42" WIDTH="14" VPOS="932" HPOS="989"/>
                  <String HEIGHT="42"
                          WIDTH="158"
                          VPOS="932"
                          HPOS="931"
                          CONTENT="imminente"/>
               </TextLine>
               <TextLine ID="r3l19"
                         BASELINE="1019"
                         HEIGHT="46"
                         WIDTH="830"
                         VPOS="973"
                         HPOS="261">
                  <String HEIGHT="46"
                          WIDTH="163"
                          VPOS="973"
                          HPOS="246"
                          CONTENT="istorum"/>
                  <SP HEIGHT="46" WIDTH="15" VPOS="973" HPOS="409"/>
                  <String HEIGHT="46"
                          WIDTH="222"
                          VPOS="973"
                          HPOS="365"
                          CONTENT="accidentium"/>
                  <SP HEIGHT="46" WIDTH="15" VPOS="973" HPOS="587"/>
                  <String HEIGHT="46"
                          WIDTH="237"
                          VPOS="973"
                          HPOS="543"
                          CONTENT="corruptione,"/>
                  <SP HEIGHT="46" WIDTH="15" VPOS="973" HPOS="780"/>
                  <String HEIGHT="46"
                          WIDTH="178"
                          VPOS="973"
                          HPOS="735"
                          CONTENT="qualitas"/>
                  <SP HEIGHT="46" WIDTH="15" VPOS="973" HPOS="913"/>
                  <String HEIGHT="46"
                          WIDTH="148"
                          VPOS="973"
                          HPOS="869"
                          CONTENT="actiua"/>
                  <SP HEIGHT="46" WIDTH="15" VPOS="973" HPOS="1017"/>
                  <String HEIGHT="46"
                          WIDTH="133"
                          VPOS="973"
                          HPOS="958"
                          CONTENT="istorum"/>
               </TextLine>
               <TextLine ID="r3l20"
                         BASELINE="1066"
                         HEIGHT="53"
                         WIDTH="859"
                         VPOS="1013"
                         HPOS="242">
                  <String HEIGHT="53"
                          WIDTH="226"
                          VPOS="1013"
                          HPOS="227"
                          CONTENT="accidentium"/>
                  <SP HEIGHT="53" WIDTH="15" VPOS="1013" HPOS="453"/>
                  <String HEIGHT="53"
                          WIDTH="105"
                          VPOS="1013"
                          HPOS="408"
                          CONTENT="non"/>
                  <SP HEIGHT="53" WIDTH="15" VPOS="1013" HPOS="513"/>
                  <String HEIGHT="53"
                          WIDTH="105"
                          VPOS="1013"
                          HPOS="468"
                          CONTENT="est"/>
                  <SP HEIGHT="53" WIDTH="15" VPOS="1013" HPOS="574"/>
                  <String HEIGHT="53"
                          WIDTH="151"
                          VPOS="1013"
                          HPOS="528"
                          CONTENT="tantae"/>
                  <SP HEIGHT="53" WIDTH="15" VPOS="1013" HPOS="679"/>
                  <String HEIGHT="53"
                          WIDTH="256"
                          VPOS="1013"
                          HPOS="634"
                          CONTENT="fortitudinis,"/>
                  <SP HEIGHT="53" WIDTH="15" VPOS="1013" HPOS="890"/>
                  <String HEIGHT="53"
                          WIDTH="121"
                          VPOS="1013"
                          HPOS="845"
                          CONTENT="quod"/>
                  <SP HEIGHT="53" WIDTH="15" VPOS="1013" HPOS="965"/>
                  <String HEIGHT="53" WIDTH="90" VPOS="1013" HPOS="920" CONTENT="de"/>
                  <SP HEIGHT="53" WIDTH="15" VPOS="1013" HPOS="1011"/>
                  <String HEIGHT="53"
                          WIDTH="121"
                          VPOS="1013"
                          HPOS="965"
                          CONTENT="aere"/>
                  <SP HEIGHT="53" WIDTH="15" VPOS="1013" HPOS="1086"/>
                  <String HEIGHT="53"
                          WIDTH="75"
                          VPOS="1013"
                          HPOS="1026"
                          CONTENT="pos"/>
               </TextLine>
               <TextLine ID="r3l21"
                         BASELINE="1090"
                         HEIGHT="37"
                         WIDTH="842"
                         VPOS="1053"
                         HPOS="253">
                  <String HEIGHT="37"
                          WIDTH="107"
                          VPOS="1053"
                          HPOS="238"
                          CONTENT="sit"/>
                  <SP HEIGHT="37" WIDTH="15" VPOS="1053" HPOS="345"/>
                  <String HEIGHT="37"
                          WIDTH="168"
                          VPOS="1053"
                          HPOS="299"
                          CONTENT="vermes,"/>
                  <SP HEIGHT="37" WIDTH="15" VPOS="1053" HPOS="467"/>
                  <String HEIGHT="37"
                          WIDTH="107"
                          VPOS="1053"
                          HPOS="421"
                          CONTENT="vel"/>
                  <SP HEIGHT="37" WIDTH="15" VPOS="1053" HPOS="529"/>
                  <String HEIGHT="37"
                          WIDTH="168"
                          VPOS="1053"
                          HPOS="483"
                          CONTENT="cineres"/>
                  <SP HEIGHT="37" WIDTH="15" VPOS="1053" HPOS="651"/>
                  <String HEIGHT="37"
                          WIDTH="199"
                          VPOS="1053"
                          HPOS="605"
                          CONTENT="generare,"/>
                  <SP HEIGHT="37" WIDTH="15" VPOS="1053" HPOS="804"/>
                  <String HEIGHT="37"
                          WIDTH="153"
                          VPOS="1053"
                          HPOS="758"
                          CONTENT="maxime"/>
                  <SP HEIGHT="37" WIDTH="15" VPOS="1053" HPOS="911"/>
                  <String HEIGHT="37"
                          WIDTH="107"
                          VPOS="1053"
                          HPOS="865"
                          CONTENT="cum"/>
                  <SP HEIGHT="37" WIDTH="15" VPOS="1053" HPOS="973"/>
                  <String HEIGHT="37"
                          WIDTH="107"
                          VPOS="1053"
                          HPOS="927"
                          CONTENT="hoc"/>
                  <SP HEIGHT="37" WIDTH="15" VPOS="1053" HPOS="1034"/>
                  <String HEIGHT="37"
                          WIDTH="107"
                          VPOS="1053"
                          HPOS="988"
                          CONTENT="non"/>
                  <SP HEIGHT="37" WIDTH="15" VPOS="1053" HPOS="1095"/>
                  <String HEIGHT="37" WIDTH="61" VPOS="1053" HPOS="1034" CONTENT="po"/>
               </TextLine>
               <TextLine ID="r3l22"
                         BASELINE="1147"
                         HEIGHT="53"
                         WIDTH="840"
                         VPOS="1094"
                         HPOS="254">
                  <String HEIGHT="53"
                          WIDTH="156"
                          VPOS="1094"
                          HPOS="238"
                          CONTENT="tuerit"/>
                  <SP HEIGHT="53" WIDTH="16" VPOS="1094" HPOS="394"/>
                  <String HEIGHT="53"
                          WIDTH="156"
                          VPOS="1094"
                          HPOS="347"
                          CONTENT="diebus"/>
                  <SP HEIGHT="53" WIDTH="16" VPOS="1094" HPOS="503"/>
                  <String HEIGHT="53"
                          WIDTH="156"
                          VPOS="1094"
                          HPOS="456"
                          CONTENT="multis"/>
                  <SP HEIGHT="53" WIDTH="16" VPOS="1094" HPOS="612"/>
                  <String HEIGHT="53"
                          WIDTH="296"
                          VPOS="1094"
                          HPOS="565"
                          CONTENT="praecedentibus,"/>
                  <SP HEIGHT="53" WIDTH="16" VPOS="1094" HPOS="861"/>
                  <String HEIGHT="53"
                          WIDTH="156"
                          VPOS="1094"
                          HPOS="814"
                          CONTENT="quibus"/>
                  <SP HEIGHT="53" WIDTH="16" VPOS="1094" HPOS="970"/>
                  <String HEIGHT="53"
                          WIDTH="171"
                          VPOS="1094"
                          HPOS="923"
                          CONTENT="illorum"/>
                  <SP HEIGHT="53" WIDTH="16" VPOS="1094" HPOS="1094"/>
                  <String HEIGHT="53" WIDTH="62" VPOS="1094" HPOS="1032" CONTENT="ac"/>
               </TextLine>
               <TextLine ID="r3l23"
                         BASELINE="1173"
                         HEIGHT="44"
                         WIDTH="572"
                         VPOS="1129"
                         HPOS="255">
                  <String HEIGHT="44"
                          WIDTH="196"
                          VPOS="1129"
                          HPOS="240"
                          CONTENT="cidentium"/>
                  <SP HEIGHT="44" WIDTH="15" VPOS="1129" HPOS="436"/>
                  <String HEIGHT="44"
                          WIDTH="196"
                          VPOS="1129"
                          HPOS="390"
                          CONTENT="actiuitas"/>
                  <SP HEIGHT="44" WIDTH="15" VPOS="1129" HPOS="586"/>
                  <String HEIGHT="44"
                          WIDTH="135"
                          VPOS="1129"
                          HPOS="541"
                          CONTENT="multo"/>
                  <SP HEIGHT="44" WIDTH="15" VPOS="1129" HPOS="676"/>
                  <String HEIGHT="44"
                          WIDTH="166"
                          VPOS="1129"
                          HPOS="631"
                          CONTENT="fortior"/>
                  <SP HEIGHT="44" WIDTH="15" VPOS="1129" HPOS="797"/>
                  <String HEIGHT="44"
                          WIDTH="90"
                          VPOS="1129"
                          HPOS="737"
                          CONTENT="fuit"/>
               </TextLine>
               <TextLine ID="r3l25"
                         BASELINE="1215"
                         HEIGHT="53"
                         WIDTH="795"
                         VPOS="1162"
                         HPOS="299">
                  <String HEIGHT="53" WIDTH="76" VPOS="1162" HPOS="284" CONTENT="3"/>
                  <SP HEIGHT="53" WIDTH="15" VPOS="1162" HPOS="360"/>
                  <String HEIGHT="53"
                          WIDTH="214"
                          VPOS="1162"
                          HPOS="314"
                          CONTENT="Praeterea,"/>
                  <SP HEIGHT="53" WIDTH="15" VPOS="1162" HPOS="528"/>
                  <String HEIGHT="53" WIDTH="92" VPOS="1162" HPOS="482" CONTENT="si"/>
                  <SP HEIGHT="53" WIDTH="15" VPOS="1162" HPOS="574"/>
                  <String HEIGHT="53" WIDTH="92" VPOS="1162" HPOS="528" CONTENT="ex"/>
                  <SP HEIGHT="53" WIDTH="15" VPOS="1162" HPOS="620"/>
                  <String HEIGHT="53"
                          WIDTH="122"
                          VPOS="1162"
                          HPOS="574"
                          CONTENT="aere"/>
                  <SP HEIGHT="53" WIDTH="15" VPOS="1162" HPOS="697"/>
                  <String HEIGHT="53"
                          WIDTH="168"
                          VPOS="1162"
                          HPOS="651"
                          CONTENT="hostiam"/>
                  <SP HEIGHT="53" WIDTH="15" VPOS="1162" HPOS="819"/>
                  <String HEIGHT="53"
                          WIDTH="245"
                          VPOS="1162"
                          HPOS="773"
                          CONTENT="circumstante"/>
                  <SP HEIGHT="53" WIDTH="15" VPOS="1162" HPOS="1018"/>
                  <String HEIGHT="53"
                          WIDTH="138"
                          VPOS="1162"
                          HPOS="956"
                          CONTENT="genera"
                          SUBS_TYPE="HypPart1"
                          SUBS_CONTENT="generarentur"/>
                  <HYP CONTENT="-"/>
               </TextLine>
               <TextLine ID="r3l26"
                         BASELINE="1257"
                         HEIGHT="42"
                         WIDTH="853"
                         VPOS="1215"
                         HPOS="247">
                  <String HEIGHT="42"
                          WIDTH="155"
                          VPOS="1215"
                          HPOS="231"
                          CONTENT="rentur"
                          SUBS_TYPE="HypPart2"
                          SUBS_CONTENT="generarentur"/>
                  <SP HEIGHT="42" WIDTH="16" VPOS="1215" HPOS="387"/>
                  <String HEIGHT="42"
                          WIDTH="202"
                          VPOS="1215"
                          HPOS="340"
                          CONTENT="huiusmodi"/>
                  <SP HEIGHT="42" WIDTH="16" VPOS="1215" HPOS="542"/>
                  <String HEIGHT="42"
                          WIDTH="186"
                          VPOS="1215"
                          HPOS="495"
                          CONTENT="cineres,"/>
                  <SP HEIGHT="42" WIDTH="16" VPOS="1215" HPOS="681"/>
                  <String HEIGHT="42"
                          WIDTH="124"
                          VPOS="1215"
                          HPOS="635"
                          CONTENT="tunc"/>
                  <SP HEIGHT="42" WIDTH="16" VPOS="1215" HPOS="759"/>
                  <String HEIGHT="42"
                          WIDTH="140"
                          VPOS="1215"
                          HPOS="712"
                          CONTENT="licet"/>
                  <SP HEIGHT="42" WIDTH="16" VPOS="1215" HPOS="852"/>
                  <String HEIGHT="42"
                          WIDTH="171"
                          VPOS="1215"
                          HPOS="805"
                          CONTENT="cineres"/>
                  <SP HEIGHT="42" WIDTH="16" VPOS="1215" HPOS="976"/>
                  <String HEIGHT="42"
                          WIDTH="186"
                          VPOS="1215"
                          HPOS="914"
                          CONTENT="inueniren"
                          SUBS_TYPE="HypPart1"
                          SUBS_CONTENT="inuenirentur"/>
                  <HYP CONTENT="-"/>
               </TextLine>
               <TextLine ID="r3l27"
                         BASELINE="1295"
                         HEIGHT="49"
                         WIDTH="835"
                         VPOS="1246"
                         HPOS="261">
                  <String HEIGHT="49"
                          WIDTH="106"
                          VPOS="1246"
                          HPOS="246"
                          CONTENT="tur"
                          SUBS_TYPE="HypPart2"
                          SUBS_CONTENT="inuenirentur"/>
                  <SP HEIGHT="49" WIDTH="15" VPOS="1246" HPOS="352"/>
                  <String HEIGHT="49"
                          WIDTH="137"
                          VPOS="1246"
                          HPOS="307"
                          CONTENT="circa"/>
                  <SP HEIGHT="49" WIDTH="15" VPOS="1246" HPOS="443"/>
                  <String HEIGHT="49"
                          WIDTH="137"
                          VPOS="1246"
                          HPOS="398"
                          CONTENT="locum"/>
                  <SP HEIGHT="49" WIDTH="15" VPOS="1246" HPOS="534"/>
                  <String HEIGHT="49"
                          WIDTH="182"
                          VPOS="1246"
                          HPOS="489"
                          CONTENT="hostiae:"/>
                  <SP HEIGHT="49" WIDTH="15" VPOS="1246" HPOS="671"/>
                  <String HEIGHT="49"
                          WIDTH="137"
                          VPOS="1246"
                          HPOS="625"
                          CONTENT="tamen"/>
                  <SP HEIGHT="49" WIDTH="15" VPOS="1246" HPOS="762"/>
                  <String HEIGHT="49"
                          WIDTH="106"
                          VPOS="1246"
                          HPOS="716"
                          CONTENT="non"/>
                  <SP HEIGHT="49" WIDTH="15" VPOS="1246" HPOS="823"/>
                  <String HEIGHT="49"
                          WIDTH="243"
                          VPOS="1246"
                          HPOS="777"
                          CONTENT="inuenirentur"/>
                  <SP HEIGHT="49" WIDTH="15" VPOS="1246" HPOS="1020"/>
                  <String HEIGHT="49"
                          WIDTH="137"
                          VPOS="1246"
                          HPOS="959"
                          CONTENT="directe"/>
               </TextLine>
               <TextLine ID="r3l28"
                         BASELINE="1329"
                         HEIGHT="42"
                         WIDTH="623"
                         VPOS="1287"
                         HPOS="255">
                  <String HEIGHT="42" WIDTH="89" VPOS="1287" HPOS="240" CONTENT="in"/>
                  <SP HEIGHT="42" WIDTH="15" VPOS="1287" HPOS="329"/>
                  <String HEIGHT="42"
                          WIDTH="119"
                          VPOS="1287"
                          HPOS="285"
                          CONTENT="loco"/>
                  <SP HEIGHT="42" WIDTH="15" VPOS="1287" HPOS="403"/>
                  <String HEIGHT="42"
                          WIDTH="178"
                          VPOS="1287"
                          HPOS="359"
                          CONTENT="hostiae:"/>
                  <SP HEIGHT="42" WIDTH="15" VPOS="1287" HPOS="537"/>
                  <String HEIGHT="42"
                          WIDTH="134"
                          VPOS="1287"
                          HPOS="492"
                          CONTENT="cuius"/>
                  <SP HEIGHT="42" WIDTH="15" VPOS="1287" HPOS="626"/>
                  <String HEIGHT="42"
                          WIDTH="193"
                          VPOS="1287"
                          HPOS="581"
                          CONTENT="oppositum"/>
                  <SP HEIGHT="42" WIDTH="15" VPOS="1287" HPOS="774"/>
                  <String HEIGHT="42"
                          WIDTH="163"
                          VPOS="1287"
                          HPOS="715"
                          CONTENT="contingit"/>
               </TextLine>
               <TextLine ID="r3l30"
                         BASELINE="1371"
                         HEIGHT="45"
                         WIDTH="805"
                         VPOS="1326"
                         HPOS="282">
                  <String HEIGHT="45" WIDTH="81" VPOS="1326" HPOS="266" CONTENT="4"/>
                  <SP HEIGHT="45" WIDTH="16" VPOS="1326" HPOS="346"/>
                  <String HEIGHT="45"
                          WIDTH="225"
                          VPOS="1326"
                          HPOS="298"
                          CONTENT="Praeterea,"/>
                  <SP HEIGHT="45" WIDTH="16" VPOS="1326" HPOS="523"/>
                  <String HEIGHT="45"
                          WIDTH="145"
                          VPOS="1326"
                          HPOS="475"
                          CONTENT="dato,"/>
                  <SP HEIGHT="45" WIDTH="16" VPOS="1326" HPOS="620"/>
                  <String HEIGHT="45"
                          WIDTH="129"
                          VPOS="1326"
                          HPOS="572"
                          CONTENT="quod"/>
                  <SP HEIGHT="45" WIDTH="16" VPOS="1326" HPOS="701"/>
                  <String HEIGHT="45"
                          WIDTH="161"
                          VPOS="1326"
                          HPOS="652"
                          CONTENT="hostia"/>
                  <SP HEIGHT="45" WIDTH="16" VPOS="1326" HPOS="813"/>
                  <String HEIGHT="45"
                          WIDTH="225"
                          VPOS="1326"
                          HPOS="765"
                          CONTENT="consecrata"/>
                  <SP HEIGHT="45" WIDTH="16" VPOS="1326" HPOS="990"/>
                  <String HEIGHT="45"
                          WIDTH="161"
                          VPOS="1326"
                          HPOS="926"
                          CONTENT="poneretu"/>
               </TextLine>
               <TextLine ID="r3l31"
                         BASELINE="1415"
                         HEIGHT="49"
                         WIDTH="838"
                         VPOS="1366"
                         HPOS="253">
                  <String HEIGHT="49"
                          WIDTH="137"
                          VPOS="1366"
                          HPOS="238"
                          CONTENT="inter"/>
                  <SP HEIGHT="49" WIDTH="15" VPOS="1366" HPOS="375"/>
                  <String HEIGHT="49"
                          WIDTH="122"
                          VPOS="1366"
                          HPOS="329"
                          CONTENT="duas"/>
                  <SP HEIGHT="49" WIDTH="15" VPOS="1366" HPOS="451"/>
                  <String HEIGHT="49"
                          WIDTH="168"
                          VPOS="1366"
                          HPOS="405"
                          CONTENT="laminas"/>
                  <SP HEIGHT="49" WIDTH="15" VPOS="1366" HPOS="573"/>
                  <String HEIGHT="49"
                          WIDTH="168"
                          VPOS="1366"
                          HPOS="527"
                          CONTENT="aureas,"/>
                  <SP HEIGHT="49" WIDTH="15" VPOS="1366" HPOS="695"/>
                  <String HEIGHT="49"
                          WIDTH="107"
                          VPOS="1366"
                          HPOS="649"
                          CONTENT="vel"/>
                  <SP HEIGHT="49" WIDTH="15" VPOS="1366" HPOS="756"/>
                  <String HEIGHT="49"
                          WIDTH="229"
                          VPOS="1366"
                          HPOS="710"
                          CONTENT="cuiuscumque"/>
                  <SP HEIGHT="49" WIDTH="15" VPOS="1366" HPOS="939"/>
                  <String HEIGHT="49"
                          WIDTH="183"
                          VPOS="1366"
                          HPOS="893"
                          CONTENT="alterius"/>
                  <SP HEIGHT="49" WIDTH="15" VPOS="1366" HPOS="1076"/>
                  <String HEIGHT="49"
                          WIDTH="76"
                          VPOS="1366"
                          HPOS="1015"
                          CONTENT="so"
                          SUBS_TYPE="HypPart1"
                          SUBS_CONTENT="solidi"/>
                  <HYP CONTENT="-"/>
               </TextLine>
               <TextLine ID="r3l32"
                         BASELINE="1447"
                         HEIGHT="42"
                         WIDTH="841"
                         VPOS="1405"
                         HPOS="253">
                  <String HEIGHT="42"
                          WIDTH="122"
                          VPOS="1405"
                          HPOS="238"
                          CONTENT="lidi"
                          SUBS_TYPE="HypPart2"
                          SUBS_CONTENT="solidi"/>
                  <SP HEIGHT="42" WIDTH="15" VPOS="1405" HPOS="360"/>
                  <String HEIGHT="42"
                          WIDTH="183"
                          VPOS="1405"
                          HPOS="314"
                          CONTENT="metalli,"/>
                  <SP HEIGHT="42" WIDTH="15" VPOS="1405" HPOS="498"/>
                  <String HEIGHT="42"
                          WIDTH="138"
                          VPOS="1405"
                          HPOS="452"
                          CONTENT="adhuc"/>
                  <SP HEIGHT="42" WIDTH="15" VPOS="1405" HPOS="589"/>
                  <String HEIGHT="42" WIDTH="92" VPOS="1405" HPOS="544" CONTENT="ex"/>
                  <SP HEIGHT="42" WIDTH="15" VPOS="1405" HPOS="635"/>
                  <String HEIGHT="42"
                          WIDTH="199"
                          VPOS="1405"
                          HPOS="589"
                          CONTENT="vetustate"/>
                  <SP HEIGHT="42" WIDTH="15" VPOS="1405" HPOS="788"/>
                  <String HEIGHT="42"
                          WIDTH="183"
                          VPOS="1405"
                          HPOS="742"
                          CONTENT="temporis"/>
                  <SP HEIGHT="42" WIDTH="15" VPOS="1405" HPOS="926"/>
                  <String HEIGHT="42"
                          WIDTH="199"
                          VPOS="1405"
                          HPOS="880"
                          CONTENT="huiusmodi"/>
                  <SP HEIGHT="42" WIDTH="15" VPOS="1405" HPOS="1079"/>
                  <String HEIGHT="42"
                          WIDTH="76"
                          VPOS="1405"
                          HPOS="1018"
                          CONTENT="ac"
                          SUBS_TYPE="HypPart1"
                          SUBS_CONTENT="accidentia"/>
                  <HYP CONTENT="-"/>
               </TextLine>
               <TextLine ID="r3l33"
                         BASELINE="1489"
                         HEIGHT="46"
                         WIDTH="846"
                         VPOS="1443"
                         HPOS="254">
                  <String HEIGHT="46"
                          WIDTH="178"
                          VPOS="1443"
                          HPOS="239"
                          CONTENT="cidentia"
                          SUBS_TYPE="HypPart2"
                          SUBS_CONTENT="accidentia"/>
                  <SP HEIGHT="46" WIDTH="15" VPOS="1443" HPOS="417"/>
                  <String HEIGHT="46"
                          WIDTH="208"
                          VPOS="1443"
                          HPOS="373"
                          CONTENT="mutarentur"/>
                  <SP HEIGHT="46" WIDTH="15" VPOS="1443" HPOS="581"/>
                  <String HEIGHT="46" WIDTH="89" VPOS="1443" HPOS="536" CONTENT="in"/>
                  <SP HEIGHT="46" WIDTH="15" VPOS="1443" HPOS="625"/>
                  <String HEIGHT="46"
                          WIDTH="178"
                          VPOS="1443"
                          HPOS="581"
                          CONTENT="cineres,"/>
                  <SP HEIGHT="46" WIDTH="15" VPOS="1443" HPOS="759"/>
                  <String HEIGHT="46"
                          WIDTH="104"
                          VPOS="1443"
                          HPOS="714"
                          CONTENT="vel"/>
                  <SP HEIGHT="46" WIDTH="15" VPOS="1443" HPOS="818"/>
                  <String HEIGHT="46" WIDTH="89" VPOS="1443" HPOS="773" CONTENT="in"/>
                  <SP HEIGHT="46" WIDTH="15" VPOS="1443" HPOS="863"/>
                  <String HEIGHT="46"
                          WIDTH="163"
                          VPOS="1443"
                          HPOS="818"
                          CONTENT="aliquam"/>
                  <SP HEIGHT="46" WIDTH="15" VPOS="1443" HPOS="981"/>
                  <String HEIGHT="46"
                          WIDTH="134"
                          VPOS="1443"
                          HPOS="937"
                          CONTENT="aliam"/>
                  <SP HEIGHT="46" WIDTH="15" VPOS="1443" HPOS="1070"/>
                  <String HEIGHT="46"
                          WIDTH="89"
                          VPOS="1443"
                          HPOS="1011"
                          CONTENT="sub"
                          SUBS_TYPE="HypPart1"
                          SUBS_CONTENT="substantiam,"/>
                  <HYP CONTENT="-"/>
               </TextLine>
               <TextLine ID="r3l34"
                         BASELINE="1533"
                         HEIGHT="50"
                         WIDTH="839"
                         VPOS="1483"
                         HPOS="252">
                  <String HEIGHT="50"
                          WIDTH="202"
                          VPOS="1483"
                          HPOS="236"
                          CONTENT="stantiam,"
                          SUBS_TYPE="HypPart2"
                          SUBS_CONTENT="substantiam,"/>
                  <SP HEIGHT="50" WIDTH="16" VPOS="1483" HPOS="438"/>
                  <String HEIGHT="50"
                          WIDTH="124"
                          VPOS="1483"
                          HPOS="392"
                          CONTENT="quod"/>
                  <SP HEIGHT="50" WIDTH="16" VPOS="1483" HPOS="516"/>
                  <String HEIGHT="50"
                          WIDTH="202"
                          VPOS="1483"
                          HPOS="470"
                          CONTENT="nequaquam"/>
                  <SP HEIGHT="50" WIDTH="16" VPOS="1483" HPOS="672"/>
                  <String HEIGHT="50"
                          WIDTH="155"
                          VPOS="1483"
                          HPOS="625"
                          CONTENT="posset"/>
                  <SP HEIGHT="50" WIDTH="16" VPOS="1483" HPOS="780"/>
                  <String HEIGHT="50"
                          WIDTH="171"
                          VPOS="1483"
                          HPOS="734"
                          CONTENT="saluari"/>
                  <SP HEIGHT="50" WIDTH="16" VPOS="1483" HPOS="905"/>
                  <String HEIGHT="50"
                          WIDTH="109"
                          VPOS="1483"
                          HPOS="858"
                          CONTENT="per"/>
                  <SP HEIGHT="50" WIDTH="16" VPOS="1483" HPOS="967"/>
                  <String HEIGHT="50"
                          WIDTH="186"
                          VPOS="1483"
                          HPOS="905"
                          CONTENT="corruptio"
                          SUBS_TYPE="HypPart1"
                          SUBS_CONTENT="corruptionem"/>
                  <HYP CONTENT="-"/>
               </TextLine>
               <TextLine ID="r3l35"
                         BASELINE="1570"
                         HEIGHT="48"
                         WIDTH="833"
                         VPOS="1522"
                         HPOS="255">
                  <String HEIGHT="48"
                          WIDTH="106"
                          VPOS="1522"
                          HPOS="240"
                          CONTENT="nem"
                          SUBS_TYPE="HypPart2"
                          SUBS_CONTENT="corruptionem"/>
                  <SP HEIGHT="48" WIDTH="15" VPOS="1522" HPOS="346"/>
                  <String HEIGHT="48"
                          WIDTH="182"
                          VPOS="1522"
                          HPOS="300"
                          CONTENT="corporis"/>
                  <SP HEIGHT="48" WIDTH="15" VPOS="1522" HPOS="482"/>
                  <String HEIGHT="48"
                          WIDTH="273"
                          VPOS="1522"
                          HPOS="437"
                          CONTENT="circumstantis,"/>
                  <SP HEIGHT="48" WIDTH="15" VPOS="1522" HPOS="709"/>
                  <String HEIGHT="48"
                          WIDTH="106"
                          VPOS="1522"
                          HPOS="664"
                          CONTENT="cum"/>
                  <SP HEIGHT="48" WIDTH="15" VPOS="1522" HPOS="770"/>
                  <String HEIGHT="48" WIDTH="91" VPOS="1522" HPOS="725" CONTENT="ho"/>
                  <SP HEIGHT="48" WIDTH="15" VPOS="1522" HPOS="815"/>
                  <String HEIGHT="48" WIDTH="76" VPOS="1522" HPOS="770" CONTENT="c"/>
                  <SP HEIGHT="48" WIDTH="15" VPOS="1522" HPOS="846"/>
                  <String HEIGHT="48"
                          WIDTH="212"
                          VPOS="1522"
                          HPOS="800"
                          CONTENT="supponatur"/>
                  <SP HEIGHT="48" WIDTH="15" VPOS="1522" HPOS="1012"/>
                  <String HEIGHT="48"
                          WIDTH="121"
                          VPOS="1522"
                          HPOS="967"
                          CONTENT="esse"/>
                  <SP HEIGHT="48" WIDTH="15" VPOS="1522" HPOS="1088"/>
                  <String HEIGHT="48" WIDTH="61" VPOS="1522" HPOS="1027" CONTENT="su"/>
               </TextLine>
               <TextLine ID="r3l36"
                         BASELINE="1607"
                         HEIGHT="49"
                         WIDTH="830"
                         VPOS="1558"
                         HPOS="258">
                  <String HEIGHT="49"
                          WIDTH="215"
                          VPOS="1558"
                          HPOS="243"
                          CONTENT="lidissimum"/>
                  <SP HEIGHT="49" WIDTH="15" VPOS="1558" HPOS="458"/>
                  <String HEIGHT="49" WIDTH="77" VPOS="1558" HPOS="412" CONTENT="&amp;"/>
                  <SP HEIGHT="49" WIDTH="15" VPOS="1558" HPOS="489"/>
                  <String HEIGHT="49" WIDTH="92" VPOS="1558" HPOS="442" CONTENT="in"/>
                  <SP HEIGHT="49" WIDTH="15" VPOS="1558" HPOS="535"/>
                  <String HEIGHT="49"
                          WIDTH="138"
                          VPOS="1558"
                          HPOS="489"
                          CONTENT="nulla"/>
                  <SP HEIGHT="49" WIDTH="15" VPOS="1558" HPOS="627"/>
                  <String HEIGHT="49"
                          WIDTH="108"
                          VPOS="1558"
                          HPOS="581"
                          CONTENT="sui"/>
                  <SP HEIGHT="49" WIDTH="15" VPOS="1558" HPOS="688"/>
                  <String HEIGHT="49"
                          WIDTH="138"
                          VPOS="1558"
                          HPOS="642"
                          CONTENT="parte"/>
                  <SP HEIGHT="49" WIDTH="15" VPOS="1558" HPOS="781"/>
                  <String HEIGHT="49"
                          WIDTH="200"
                          VPOS="1558"
                          HPOS="734"
                          CONTENT="corruptum"/>
                  <SP HEIGHT="49" WIDTH="15" VPOS="1558" HPOS="934"/>
                  <String HEIGHT="49"
                          WIDTH="200"
                          VPOS="1558"
                          HPOS="888"
                          CONTENT="appareat:"/>
                  <SP HEIGHT="49" WIDTH="15" VPOS="1558" HPOS="1088"/>
                  <String HEIGHT="49" WIDTH="61" VPOS="1558" HPOS="1027" CONTENT="es"/>
               </TextLine>
               <TextLine ID="r3l37"
                         BASELINE="1649"
                         HEIGHT="49"
                         WIDTH="831"
                         VPOS="1600"
                         HPOS="261">
                  <String HEIGHT="49" WIDTH="96" VPOS="1600" HPOS="245" CONTENT="go"/>
                  <SP HEIGHT="49" WIDTH="16" VPOS="1600" HPOS="341"/>
                  <String HEIGHT="49"
                          WIDTH="176"
                          VPOS="1600"
                          HPOS="293"
                          CONTENT="oportet"/>
                  <SP HEIGHT="49" WIDTH="16" VPOS="1600" HPOS="469"/>
                  <String HEIGHT="49"
                          WIDTH="176"
                          VPOS="1600"
                          HPOS="421"
                          CONTENT="dicere,"/>
                  <SP HEIGHT="49" WIDTH="16" VPOS="1600" HPOS="597"/>
                  <String HEIGHT="49"
                          WIDTH="128"
                          VPOS="1600"
                          HPOS="549"
                          CONTENT="quod"/>
                  <SP HEIGHT="49" WIDTH="16" VPOS="1600" HPOS="677"/>
                  <String HEIGHT="49"
                          WIDTH="208"
                          VPOS="1600"
                          HPOS="629"
                          CONTENT="huiusmodi"/>
                  <SP HEIGHT="49" WIDTH="16" VPOS="1600" HPOS="836"/>
                  <String HEIGHT="49"
                          WIDTH="176"
                          VPOS="1600"
                          HPOS="788"
                          CONTENT="cineres"/>
                  <SP HEIGHT="49" WIDTH="16" VPOS="1600" HPOS="964"/>
                  <String HEIGHT="49"
                          WIDTH="192"
                          VPOS="1600"
                          HPOS="900"
                          CONTENT="generentui"/>
               </TextLine>
               <TextLine ID="r3l38"
                         BASELINE="1689"
                         HEIGHT="49"
                         WIDTH="631"
                         VPOS="1640"
                         HPOS="260">
                  <String HEIGHT="49" WIDTH="97" VPOS="1640" HPOS="244" CONTENT="ex"/>
                  <SP HEIGHT="49" WIDTH="16" VPOS="1640" HPOS="341"/>
                  <String HEIGHT="49"
                          WIDTH="243"
                          VPOS="1640"
                          HPOS="292"
                          CONTENT="corruptione"/>
                  <SP HEIGHT="49" WIDTH="16" VPOS="1640" HPOS="535"/>
                  <String HEIGHT="49"
                          WIDTH="259"
                          VPOS="1640"
                          HPOS="487"
                          CONTENT="praedictorum"/>
                  <SP HEIGHT="49" WIDTH="16" VPOS="1640" HPOS="745"/>
                  <String HEIGHT="49"
                          WIDTH="210"
                          VPOS="1640"
                          HPOS="681"
                          CONTENT="accidentium"/>
               </TextLine>
               <TextLine ID="r3l39"
                         BASELINE="1732"
                         HEIGHT="60"
                         WIDTH="834"
                         VPOS="1672"
                         HPOS="263">
                  <String HEIGHT="60"
                          WIDTH="124"
                          VPOS="1672"
                          HPOS="248"
                          CONTENT="Alij"/>
                  <SP HEIGHT="60" WIDTH="15" VPOS="1672" HPOS="371"/>
                  <String HEIGHT="60"
                          WIDTH="170"
                          VPOS="1672"
                          HPOS="325"
                          CONTENT="dicunt,"/>
                  <SP HEIGHT="60" WIDTH="15" VPOS="1672" HPOS="495"/>
                  <String HEIGHT="60"
                          WIDTH="124"
                          VPOS="1672"
                          HPOS="448"
                          CONTENT="quod"/>
                  <SP HEIGHT="60" WIDTH="15" VPOS="1672" HPOS="572"/>
                  <String HEIGHT="60"
                          WIDTH="201"
                          VPOS="1672"
                          HPOS="526"
                          CONTENT="corruptis"/>
                  <SP HEIGHT="60" WIDTH="15" VPOS="1672" HPOS="726"/>
                  <String HEIGHT="60"
                          WIDTH="139"
                          VPOS="1672"
                          HPOS="680"
                          CONTENT="istis"/>
                  <SP HEIGHT="60" WIDTH="15" VPOS="1672" HPOS="819"/>
                  <String HEIGHT="60"
                          WIDTH="247"
                          VPOS="1672"
                          HPOS="773"
                          CONTENT="accidentibus"/>
                  <SP HEIGHT="60" WIDTH="15" VPOS="1672" HPOS="1020"/>
                  <String HEIGHT="60"
                          WIDTH="124"
                          VPOS="1672"
                          HPOS="973"
                          CONTENT="bene"/>
                  <SP HEIGHT="60" WIDTH="15" VPOS="1672" HPOS="1097"/>
                  <String HEIGHT="60" WIDTH="62" VPOS="1672" HPOS="1035" CONTENT="ge"/>
               </TextLine>
               <TextLine ID="r3l40"
                         BASELINE="1764"
                         HEIGHT="44"
                         WIDTH="855"
                         VPOS="1720"
                         HPOS="249">
                  <String HEIGHT="44"
                          WIDTH="165"
                          VPOS="1720"
                          HPOS="234"
                          CONTENT="neretur"/>
                  <SP HEIGHT="44" WIDTH="15" VPOS="1720" HPOS="399"/>
                  <String HEIGHT="44"
                          WIDTH="150"
                          VPOS="1720"
                          HPOS="354"
                          CONTENT="aliqua"/>
                  <SP HEIGHT="44" WIDTH="15" VPOS="1720" HPOS="504"/>
                  <String HEIGHT="44"
                          WIDTH="225"
                          VPOS="1720"
                          HPOS="459"
                          CONTENT="substantia,"/>
                  <SP HEIGHT="44" WIDTH="15" VPOS="1720" HPOS="684"/>
                  <String HEIGHT="44"
                          WIDTH="105"
                          VPOS="1720"
                          HPOS="639"
                          CONTENT="sed"/>
                  <SP HEIGHT="44" WIDTH="15" VPOS="1720" HPOS="744"/>
                  <String HEIGHT="44"
                          WIDTH="105"
                          VPOS="1720"
                          HPOS="699"
                          CONTENT="non"/>
                  <SP HEIGHT="44" WIDTH="15" VPOS="1720" HPOS="804"/>
                  <String HEIGHT="44"
                          WIDTH="195"
                          VPOS="1720"
                          HPOS="759"
                          CONTENT="generatur"/>
                  <SP HEIGHT="44" WIDTH="15" VPOS="1720" HPOS="954"/>
                  <String HEIGHT="44" WIDTH="90" VPOS="1720" HPOS="909" CONTENT="ex"/>
                  <SP HEIGHT="44" WIDTH="15" VPOS="1720" HPOS="999"/>
                  <String HEIGHT="44"
                          WIDTH="165"
                          VPOS="1720"
                          HPOS="939"
                          CONTENT="accidenti"/>
               </TextLine>
               <TextLine ID="r3l41"
                         BASELINE="1810"
                         HEIGHT="49"
                         WIDTH="833"
                         VPOS="1761"
                         HPOS="258">
                  <String HEIGHT="49"
                          WIDTH="119"
                          VPOS="1761"
                          HPOS="243"
                          CONTENT="bus,"/>
                  <SP HEIGHT="49" WIDTH="15" VPOS="1761" HPOS="362"/>
                  <String HEIGHT="49"
                          WIDTH="104"
                          VPOS="1761"
                          HPOS="318"
                          CONTENT="sed"/>
                  <SP HEIGHT="49" WIDTH="15" VPOS="1761" HPOS="422"/>
                  <String HEIGHT="49"
                          WIDTH="149"
                          VPOS="1761"
                          HPOS="377"
                          CONTENT="potius"/>
                  <SP HEIGHT="49" WIDTH="15" VPOS="1761" HPOS="526"/>
                  <String HEIGHT="49" WIDTH="89" VPOS="1761" HPOS="481" CONTENT="ex"/>
                  <SP HEIGHT="49" WIDTH="15" VPOS="1761" HPOS="570"/>
                  <String HEIGHT="49"
                          WIDTH="208"
                          VPOS="1761"
                          HPOS="526"
                          CONTENT="substantia"/>
                  <SP HEIGHT="49" WIDTH="15" VPOS="1761" HPOS="734"/>
                  <String HEIGHT="49"
                          WIDTH="149"
                          VPOS="1761"
                          HPOS="689"
                          CONTENT="panis,"/>
                  <SP HEIGHT="49" WIDTH="15" VPOS="1761" HPOS="838"/>
                  <String HEIGHT="49"
                          WIDTH="208"
                          VPOS="1761"
                          HPOS="794"
                          CONTENT="quenumquam"/>
                  <SP HEIGHT="49" WIDTH="15" VPOS="1761" HPOS="1002"/>
                  <String HEIGHT="49"
                          WIDTH="119"
                          VPOS="1761"
                          HPOS="957"
                          CONTENT="fuit"/>
                  <SP HEIGHT="49" WIDTH="15" VPOS="1761" HPOS="1076"/>
                  <String HEIGHT="49"
                          WIDTH="74"
                          VPOS="1761"
                          HPOS="1017"
                          CONTENT="se"
                          SUBS_TYPE="HypPart1"
                          SUBS_CONTENT="separata,"/>
                  <HYP CONTENT="-"/>
               </TextLine>
               <TextLine ID="r3l42"
                         BASELINE="1841"
                         HEIGHT="44"
                         WIDTH="826"
                         VPOS="1797"
                         HPOS="259">
                  <String HEIGHT="44"
                          WIDTH="159"
                          VPOS="1797"
                          HPOS="245"
                          CONTENT="parata,"
                          SUBS_TYPE="HypPart2"
                          SUBS_CONTENT="separata,"/>
                  <SP HEIGHT="44" WIDTH="14" VPOS="1797" HPOS="404"/>
                  <String HEIGHT="44"
                          WIDTH="101"
                          VPOS="1797"
                          HPOS="360"
                          CONTENT="vel"/>
                  <SP HEIGHT="44" WIDTH="14" VPOS="1797" HPOS="462"/>
                  <String HEIGHT="44"
                          WIDTH="174"
                          VPOS="1797"
                          HPOS="418"
                          CONTENT="seiuncta"/>
                  <SP HEIGHT="44" WIDTH="14" VPOS="1797" HPOS="592"/>
                  <String HEIGHT="44" WIDTH="87" VPOS="1797" HPOS="549" CONTENT="ab"/>
                  <SP HEIGHT="44" WIDTH="14" VPOS="1797" HPOS="636"/>
                  <String HEIGHT="44"
                          WIDTH="232"
                          VPOS="1797"
                          HPOS="592"
                          CONTENT="accidentibus"/>
                  <SP HEIGHT="44" WIDTH="14" VPOS="1797" HPOS="824"/>
                  <String HEIGHT="44"
                          WIDTH="145"
                          VPOS="1797"
                          HPOS="781"
                          CONTENT="Ponunt"/>
                  <SP HEIGHT="44" WIDTH="14" VPOS="1797" HPOS="926"/>
                  <String HEIGHT="44"
                          WIDTH="116"
                          VPOS="1797"
                          HPOS="882"
                          CONTENT="enim"/>
                  <SP HEIGHT="44" WIDTH="14" VPOS="1797" HPOS="998"/>
                  <String HEIGHT="44"
                          WIDTH="116"
                          VPOS="1797"
                          HPOS="955"
                          CONTENT="isti"/>
                  <SP HEIGHT="44" WIDTH="14" VPOS="1797" HPOS="1071"/>
                  <String HEIGHT="44"
                          WIDTH="72"
                          VPOS="1797"
                          HPOS="1013"
                          CONTENT="sul"/>
               </TextLine>
               <TextLine ID="r3l43"
                         BASELINE="1889"
                         HEIGHT="44"
                         WIDTH="833"
                         VPOS="1845"
                         HPOS="255">
                  <String HEIGHT="44"
                          WIDTH="182"
                          VPOS="1845"
                          HPOS="240"
                          CONTENT="stantiam"/>
                  <SP HEIGHT="44" WIDTH="15" VPOS="1845" HPOS="422"/>
                  <String HEIGHT="44"
                          WIDTH="136"
                          VPOS="1845"
                          HPOS="376"
                          CONTENT="panis"/>
                  <SP HEIGHT="44" WIDTH="15" VPOS="1845" HPOS="512"/>
                  <String HEIGHT="44"
                          WIDTH="106"
                          VPOS="1845"
                          HPOS="467"
                          CONTENT="non"/>
                  <SP HEIGHT="44" WIDTH="15" VPOS="1845" HPOS="573"/>
                  <String HEIGHT="44"
                          WIDTH="182"
                          VPOS="1845"
                          HPOS="528"
                          CONTENT="conuerti"/>
                  <SP HEIGHT="44" WIDTH="15" VPOS="1845" HPOS="709"/>
                  <String HEIGHT="44" WIDTH="91" VPOS="1845" HPOS="664" CONTENT="in"/>
                  <SP HEIGHT="44" WIDTH="15" VPOS="1845" HPOS="755"/>
                  <String HEIGHT="44"
                          WIDTH="151"
                          VPOS="1845"
                          HPOS="709"
                          CONTENT="corpus"/>
                  <SP HEIGHT="44" WIDTH="15" VPOS="1845" HPOS="861"/>
                  <String HEIGHT="44"
                          WIDTH="182"
                          VPOS="1845"
                          HPOS="815"
                          CONTENT="Christi,"/>
                  <SP HEIGHT="44" WIDTH="15" VPOS="1845" HPOS="997"/>
                  <String HEIGHT="44"
                          WIDTH="106"
                          VPOS="1845"
                          HPOS="952"
                          CONTENT="sed"/>
                  <SP HEIGHT="44" WIDTH="15" VPOS="1845" HPOS="1058"/>
                  <String HEIGHT="44"
                          WIDTH="91"
                          VPOS="1845"
                          HPOS="997"
                          CONTENT="mane"/>
               </TextLine>
               <TextLine ID="r3l44"
                         BASELINE="1923"
                         HEIGHT="47"
                         WIDTH="841"
                         VPOS="1876"
                         HPOS="252">
                  <String HEIGHT="47" WIDTH="89" VPOS="1876" HPOS="237" CONTENT="re"/>
                  <SP HEIGHT="47" WIDTH="15" VPOS="1876" HPOS="326"/>
                  <String HEIGHT="47"
                          WIDTH="103"
                          VPOS="1876"
                          HPOS="282"
                          CONTENT="cum"/>
                  <SP HEIGHT="47" WIDTH="15" VPOS="1876" HPOS="385"/>
                  <String HEIGHT="47"
                          WIDTH="133"
                          VPOS="1876"
                          HPOS="341"
                          CONTENT="istis"/>
                  <SP HEIGHT="47" WIDTH="15" VPOS="1876" HPOS="473"/>
                  <String HEIGHT="47"
                          WIDTH="236"
                          VPOS="1876"
                          HPOS="429"
                          CONTENT="accidentibus"/>
                  <SP HEIGHT="47" WIDTH="15" VPOS="1876" HPOS="665"/>
                  <String HEIGHT="47" WIDTH="89" VPOS="1876" HPOS="621" CONTENT="in"/>
                  <SP HEIGHT="47" WIDTH="15" VPOS="1876" HPOS="709"/>
                  <String HEIGHT="47"
                          WIDTH="221"
                          VPOS="1876"
                          HPOS="665"
                          CONTENT="sacramento."/>
                  <SP HEIGHT="47" WIDTH="15" VPOS="1876" HPOS="886"/>
                  <String HEIGHT="47" WIDTH="89" VPOS="1876" HPOS="842" CONTENT="De"/>
                  <SP HEIGHT="47" WIDTH="15" VPOS="1876" HPOS="931"/>
                  <String HEIGHT="47"
                          WIDTH="118"
                          VPOS="1876"
                          HPOS="886"
                          CONTENT="ista"/>
                  <SP HEIGHT="47" WIDTH="15" VPOS="1876" HPOS="1004"/>
                  <String HEIGHT="47"
                          WIDTH="148"
                          VPOS="1876"
                          HPOS="945"
                          CONTENT="opinione"/>
               </TextLine>
               <TextLine ID="r3l45"
                         BASELINE="1969"
                         HEIGHT="52"
                         WIDTH="841"
                         VPOS="1917"
                         HPOS="259">
                  <String HEIGHT="52" WIDTH="93" VPOS="1917" HPOS="243" CONTENT="ad"/>
                  <SP HEIGHT="52" WIDTH="16" VPOS="1917" HPOS="337"/>
                  <String HEIGHT="52"
                          WIDTH="187"
                          VPOS="1917"
                          HPOS="290"
                          CONTENT="praesens"/>
                  <SP HEIGHT="52" WIDTH="16" VPOS="1917" HPOS="477"/>
                  <String HEIGHT="52"
                          WIDTH="140"
                          VPOS="1917"
                          HPOS="430"
                          CONTENT="nihil"/>
                  <SP HEIGHT="52" WIDTH="16" VPOS="1917" HPOS="570"/>
                  <String HEIGHT="52"
                          WIDTH="156"
                          VPOS="1917"
                          HPOS="524"
                          CONTENT="dicam:"/>
                  <SP HEIGHT="52" WIDTH="16" VPOS="1917" HPOS="680"/>
                  <String HEIGHT="52"
                          WIDTH="125"
                          VPOS="1917"
                          HPOS="633"
                          CONTENT="quia"/>
                  <SP HEIGHT="52" WIDTH="16" VPOS="1917" HPOS="757"/>
                  <String HEIGHT="52"
                          WIDTH="140"
                          VPOS="1917"
                          HPOS="711"
                          CONTENT="ipsam"/>
                  <SP HEIGHT="52" WIDTH="16" VPOS="1917" HPOS="851"/>
                  <String HEIGHT="52"
                          WIDTH="187"
                          VPOS="1917"
                          HPOS="804"
                          CONTENT="superius"/>
                  <SP HEIGHT="52" WIDTH="16" VPOS="1917" HPOS="991"/>
                  <String HEIGHT="52"
                          WIDTH="171"
                          VPOS="1917"
                          HPOS="929"
                          CONTENT="improbaui"/>
               </TextLine>
               <TextLine ID="r3l46"
                         BASELINE="2001"
                         HEIGHT="48"
                         WIDTH="542"
                         VPOS="1953"
                         HPOS="258">
                  <String HEIGHT="48"
                          WIDTH="241"
                          VPOS="1953"
                          HPOS="243"
                          CONTENT="distinctione"/>
                  <SP HEIGHT="48" WIDTH="15" VPOS="1953" HPOS="484"/>
                  <String HEIGHT="48"
                          WIDTH="136"
                          VPOS="1953"
                          HPOS="439"
                          CONTENT="prima"/>
                  <SP HEIGHT="48" WIDTH="15" VPOS="1953" HPOS="574"/>
                  <String HEIGHT="48"
                          WIDTH="181"
                          VPOS="1953"
                          HPOS="529"
                          CONTENT="articulo"/>
                  <SP HEIGHT="48" WIDTH="15" VPOS="1953" HPOS="710"/>
                  <String HEIGHT="48"
                          WIDTH="151"
                          VPOS="1953"
                          HPOS="649"
                          CONTENT="secundo."/>
               </TextLine>
               <TextLine ID="r3l48"
                         BASELINE="2040"
                         HEIGHT="47"
                         WIDTH="809"
                         VPOS="1993"
                         HPOS="291">
                  <String HEIGHT="47"
                          WIDTH="116"
                          VPOS="1993"
                          HPOS="277"
                          CONTENT="Alij"/>
                  <SP HEIGHT="47" WIDTH="14" VPOS="1993" HPOS="392"/>
                  <String HEIGHT="47"
                          WIDTH="159"
                          VPOS="1993"
                          HPOS="349"
                          CONTENT="dicunt,"/>
                  <SP HEIGHT="47" WIDTH="14" VPOS="1993" HPOS="508"/>
                  <String HEIGHT="47"
                          WIDTH="116"
                          VPOS="1993"
                          HPOS="464"
                          CONTENT="quod"/>
                  <SP HEIGHT="47" WIDTH="14" VPOS="1993" HPOS="580"/>
                  <String HEIGHT="47"
                          WIDTH="202"
                          VPOS="1993"
                          HPOS="537"
                          CONTENT="substantia"/>
                  <SP HEIGHT="47" WIDTH="14" VPOS="1993" HPOS="739"/>
                  <String HEIGHT="47"
                          WIDTH="144"
                          VPOS="1993"
                          HPOS="696"
                          CONTENT="panis,"/>
                  <SP HEIGHT="47" WIDTH="14" VPOS="1993" HPOS="840"/>
                  <String HEIGHT="47"
                          WIDTH="116"
                          VPOS="1993"
                          HPOS="797"
                          CONTENT="quae"/>
                  <SP HEIGHT="47" WIDTH="14" VPOS="1993" HPOS="912"/>
                  <String HEIGHT="47"
                          WIDTH="173"
                          VPOS="1993"
                          HPOS="869"
                          CONTENT="conuersa"/>
                  <SP HEIGHT="47" WIDTH="14" VPOS="1993" HPOS="1042"/>
                  <String HEIGHT="47"
                          WIDTH="101"
                          VPOS="1993"
                          HPOS="999"
                          CONTENT="est"/>
                  <SP HEIGHT="47" WIDTH="14" VPOS="1993" HPOS="1100"/>
                  <String HEIGHT="47" WIDTH="58" VPOS="1993" HPOS="1042" CONTENT="in"/>
               </TextLine>
               <TextLine ID="r3l49"
                         BASELINE="2085"
                         HEIGHT="50"
                         WIDTH="838"
                         VPOS="2035"
                         HPOS="262">
                  <String HEIGHT="50"
                          WIDTH="142"
                          VPOS="2035"
                          HPOS="248"
                          CONTENT="rorpus"/>
                  <SP HEIGHT="50" WIDTH="14" VPOS="2035" HPOS="390"/>
                  <String HEIGHT="50"
                          WIDTH="170"
                          VPOS="2035"
                          HPOS="347"
                          CONTENT="Christi,"/>
                  <SP HEIGHT="50" WIDTH="14" VPOS="2035" HPOS="518"/>
                  <String HEIGHT="50"
                          WIDTH="213"
                          VPOS="2035"
                          HPOS="475"
                          CONTENT="reuertitur,"/>
                  <SP HEIGHT="50" WIDTH="14" VPOS="2035" HPOS="688"/>
                  <String HEIGHT="50" WIDTH="71" VPOS="2035" HPOS="645" CONTENT="&amp;"/>
                  <SP HEIGHT="50" WIDTH="14" VPOS="2035" HPOS="717"/>
                  <String HEIGHT="50" WIDTH="85" VPOS="2035" HPOS="674" CONTENT="ex"/>
                  <SP HEIGHT="50" WIDTH="14" VPOS="2035" HPOS="759"/>
                  <String HEIGHT="50"
                          WIDTH="114"
                          VPOS="2035"
                          HPOS="717"
                          CONTENT="illa"/>
                  <SP HEIGHT="50" WIDTH="14" VPOS="2035" HPOS="830"/>
                  <String HEIGHT="50"
                          WIDTH="185"
                          VPOS="2035"
                          HPOS="788"
                          CONTENT="generatur"/>
                  <SP HEIGHT="50" WIDTH="14" VPOS="2035" HPOS="972"/>
                  <String HEIGHT="50"
                          WIDTH="142"
                          VPOS="2035"
                          HPOS="930"
                          CONTENT="illud,"/>
                  <SP HEIGHT="50" WIDTH="14" VPOS="2035" HPOS="1072"/>
                  <String HEIGHT="50"
                          WIDTH="85"
                          VPOS="2035"
                          HPOS="1015"
                          CONTENT="quod"/>
               </TextLine>
               <TextLine ID="r3l50"
                         BASELINE="2119"
                         HEIGHT="47"
                         WIDTH="619"
                         VPOS="2072"
                         HPOS="253">
                  <String HEIGHT="47"
                          WIDTH="121"
                          VPOS="2072"
                          HPOS="238"
                          CONTENT="fit,"/>
                  <SP HEIGHT="47" WIDTH="15" VPOS="2072" HPOS="359"/>
                  <String HEIGHT="47"
                          WIDTH="151"
                          VPOS="2072"
                          HPOS="313"
                          CONTENT="quando"/>
                  <SP HEIGHT="47" WIDTH="15" VPOS="2072" HPOS="464"/>
                  <String HEIGHT="47"
                          WIDTH="121"
                          VPOS="2072"
                          HPOS="419"
                          CONTENT="ista"/>
                  <SP HEIGHT="47" WIDTH="15" VPOS="2072" HPOS="540"/>
                  <String HEIGHT="47"
                          WIDTH="211"
                          VPOS="2072"
                          HPOS="495"
                          CONTENT="accidentia"/>
                  <SP HEIGHT="47" WIDTH="15" VPOS="2072" HPOS="706"/>
                  <String HEIGHT="47"
                          WIDTH="226"
                          VPOS="2072"
                          HPOS="646"
                          CONTENT="corrumpuntur."/>
               </TextLine>
               <TextLine ID="r3l51"
                         BASELINE="2158"
                         HEIGHT="44"
                         WIDTH="534"
                         VPOS="2114"
                         HPOS="292">
                  <String HEIGHT="44" WIDTH="98" VPOS="2114" HPOS="278" CONTENT="Sed"/>
                  <SP HEIGHT="44" WIDTH="14" VPOS="2114" HPOS="376"/>
                  <String HEIGHT="44" WIDTH="98" VPOS="2114" HPOS="334" CONTENT="nec"/>
                  <SP HEIGHT="44" WIDTH="14" VPOS="2114" HPOS="433"/>
                  <String HEIGHT="44"
                          WIDTH="126"
                          VPOS="2114"
                          HPOS="390"
                          CONTENT="istud"/>
                  <SP HEIGHT="44" WIDTH="14" VPOS="2114" HPOS="517"/>
                  <String HEIGHT="44"
                          WIDTH="141"
                          VPOS="2114"
                          HPOS="475"
                          CONTENT="valet,"/>
                  <SP HEIGHT="44" WIDTH="14" VPOS="2114" HPOS="615"/>
                  <String HEIGHT="44" WIDTH="98" VPOS="2114" HPOS="573" CONTENT="nec"/>
                  <SP HEIGHT="44" WIDTH="14" VPOS="2114" HPOS="671"/>
                  <String HEIGHT="44"
                          WIDTH="126"
                          VPOS="2114"
                          HPOS="629"
                          CONTENT="stare"/>
                  <SP HEIGHT="44" WIDTH="14" VPOS="2114" HPOS="756"/>
                  <String HEIGHT="44"
                          WIDTH="126"
                          VPOS="2114"
                          HPOS="700"
                          CONTENT="potest."/>
               </TextLine>
               <TextLine ID="r3l52"
                         BASELINE="2199"
                         HEIGHT="43"
                         WIDTH="838"
                         VPOS="2156"
                         HPOS="253">
                  <String HEIGHT="43" WIDTH="84" VPOS="2156" HPOS="236" CONTENT="1"/>
                  <SP HEIGHT="43" WIDTH="17" VPOS="2156" HPOS="320"/>
                  <String HEIGHT="43"
                          WIDTH="134"
                          VPOS="2156"
                          HPOS="270"
                          CONTENT="Quia"/>
                  <SP HEIGHT="43" WIDTH="17" VPOS="2156" HPOS="404"/>
                  <String HEIGHT="43"
                          WIDTH="134"
                          VPOS="2156"
                          HPOS="354"
                          CONTENT="tunc"/>
                  <SP HEIGHT="43" WIDTH="17" VPOS="2156" HPOS="488"/>
                  <String HEIGHT="43"
                          WIDTH="251"
                          VPOS="2156"
                          HPOS="437"
                          CONTENT="sequeretur,"/>
                  <SP HEIGHT="43" WIDTH="17" VPOS="2156" HPOS="689"/>
                  <String HEIGHT="43"
                          WIDTH="134"
                          VPOS="2156"
                          HPOS="638"
                          CONTENT="quod"/>
                  <SP HEIGHT="43" WIDTH="17" VPOS="2156" HPOS="773"/>
                  <String HEIGHT="43"
                          WIDTH="168"
                          VPOS="2156"
                          HPOS="722"
                          CONTENT="corpus"/>
                  <SP HEIGHT="43" WIDTH="17" VPOS="2156" HPOS="890"/>
                  <String HEIGHT="43"
                          WIDTH="184"
                          VPOS="2156"
                          HPOS="840"
                          CONTENT="Christi"/>
                  <SP HEIGHT="43" WIDTH="17" VPOS="2156" HPOS="1024"/>
                  <String HEIGHT="43"
                          WIDTH="134"
                          VPOS="2156"
                          HPOS="957"
                          CONTENT="conuer"/>
               </TextLine>
               <TextLine ID="r3l53"
                         BASELINE="2235"
                         HEIGHT="42"
                         WIDTH="845"
                         VPOS="2193"
                         HPOS="255">
                  <String HEIGHT="42"
                          WIDTH="172"
                          VPOS="2193"
                          HPOS="239"
                          CONTENT="teretur"/>
                  <SP HEIGHT="42" WIDTH="16" VPOS="2193" HPOS="411"/>
                  <String HEIGHT="42" WIDTH="94" VPOS="2193" HPOS="365" CONTENT="in"/>
                  <SP HEIGHT="42" WIDTH="16" VPOS="2193" HPOS="458"/>
                  <String HEIGHT="42"
                          WIDTH="235"
                          VPOS="2193"
                          HPOS="411"
                          CONTENT="substantiam"/>
                  <SP HEIGHT="42" WIDTH="16" VPOS="2193" HPOS="646"/>
                  <String HEIGHT="42"
                          WIDTH="156"
                          VPOS="2193"
                          HPOS="599"
                          CONTENT="panis."/>
                  <SP HEIGHT="42" WIDTH="16" VPOS="2193" HPOS="756"/>
                  <String HEIGHT="42"
                          WIDTH="219"
                          VPOS="2193"
                          HPOS="709"
                          CONTENT="Consequens"/>
                  <SP HEIGHT="42" WIDTH="16" VPOS="2193" HPOS="928"/>
                  <String HEIGHT="42"
                          WIDTH="110"
                          VPOS="2193"
                          HPOS="881"
                          CONTENT="est"/>
                  <SP HEIGHT="42" WIDTH="16" VPOS="2193" HPOS="990"/>
                  <String HEIGHT="42"
                          WIDTH="172"
                          VPOS="2193"
                          HPOS="928"
                          CONTENT="inconue"
                          SUBS_TYPE="HypPart1"
                          SUBS_CONTENT="inconueniens:"/>
                  <HYP CONTENT="-"/>
               </TextLine>
               <TextLine ID="r3l54"
                         BASELINE="2280"
                         HEIGHT="50"
                         WIDTH="836"
                         VPOS="2230"
                         HPOS="258">
                  <String HEIGHT="50"
                          WIDTH="142"
                          VPOS="2230"
                          HPOS="244"
                          CONTENT="niens:"
                          SUBS_TYPE="HypPart2"
                          SUBS_CONTENT="inconueniens:"/>
                  <SP HEIGHT="50" WIDTH="14" VPOS="2230" HPOS="386"/>
                  <String HEIGHT="50"
                          WIDTH="113"
                          VPOS="2230"
                          HPOS="343"
                          CONTENT="quia"/>
                  <SP HEIGHT="50" WIDTH="14" VPOS="2230" HPOS="456"/>
                  <String HEIGHT="50" WIDTH="85" VPOS="2230" HPOS="414" CONTENT="si"/>
                  <SP HEIGHT="50" WIDTH="14" VPOS="2230" HPOS="499"/>
                  <String HEIGHT="50" WIDTH="99" VPOS="2230" HPOS="456" CONTENT="hoc"/>
                  <SP HEIGHT="50" WIDTH="14" VPOS="2230" HPOS="556"/>
                  <String HEIGHT="50"
                          WIDTH="156"
                          VPOS="2230"
                          HPOS="513"
                          CONTENT="fieret,"/>
                  <SP HEIGHT="50" WIDTH="14" VPOS="2230" HPOS="669"/>
                  <String HEIGHT="50"
                          WIDTH="113"
                          VPOS="2230"
                          HPOS="626"
                          CONTENT="tunc"/>
                  <SP HEIGHT="50" WIDTH="14" VPOS="2230" HPOS="740"/>
                  <String HEIGHT="50"
                          WIDTH="142"
                          VPOS="2230"
                          HPOS="697"
                          CONTENT="corpus"/>
                  <SP HEIGHT="50" WIDTH="14" VPOS="2230" HPOS="839"/>
                  <String HEIGHT="50"
                          WIDTH="156"
                          VPOS="2230"
                          HPOS="796"
                          CONTENT="Christi"/>
                  <SP HEIGHT="50" WIDTH="14" VPOS="2230" HPOS="952"/>
                  <String HEIGHT="50"
                          WIDTH="170"
                          VPOS="2230"
                          HPOS="910"
                          CONTENT="mediante"/>
                  <SP HEIGHT="50" WIDTH="14" VPOS="2230" HPOS="1080"/>
                  <String HEIGHT="50"
                          WIDTH="71"
                          VPOS="2230"
                          HPOS="1023"
                          CONTENT="sub"/>
               </TextLine>
               <TextLine ID="r3l55"
                         BASELINE="2312"
                         HEIGHT="42"
                         WIDTH="837"
                         VPOS="2270"
                         HPOS="254">
                  <String HEIGHT="42"
                          WIDTH="167"
                          VPOS="2270"
                          HPOS="239"
                          CONTENT="stantia"/>
                  <SP HEIGHT="42" WIDTH="15" VPOS="2270" HPOS="406"/>
                  <String HEIGHT="42"
                          WIDTH="152"
                          VPOS="2270"
                          HPOS="361"
                          CONTENT="panis,"/>
                  <SP HEIGHT="42" WIDTH="15" VPOS="2270" HPOS="513"/>
                  <String HEIGHT="42" WIDTH="91" VPOS="2270" HPOS="467" CONTENT="in"/>
                  <SP HEIGHT="42" WIDTH="15" VPOS="2270" HPOS="558"/>
                  <String HEIGHT="42"
                          WIDTH="122"
                          VPOS="2270"
                          HPOS="513"
                          CONTENT="quam"/>
                  <SP HEIGHT="42" WIDTH="15" VPOS="2270" HPOS="634"/>
                  <String HEIGHT="42"
                          WIDTH="198"
                          VPOS="2270"
                          HPOS="589"
                          CONTENT="conuersum"/>
                  <SP HEIGHT="42" WIDTH="15" VPOS="2270" HPOS="787"/>
                  <String HEIGHT="42"
                          WIDTH="152"
                          VPOS="2270"
                          HPOS="741"
                          CONTENT="esset,"/>
                  <SP HEIGHT="42" WIDTH="15" VPOS="2270" HPOS="893"/>
                  <String HEIGHT="42"
                          WIDTH="259"
                          VPOS="2270"
                          HPOS="848"
                          CONTENT="conuerteretur"/>
                  <SP HEIGHT="42" WIDTH="15" VPOS="2270" HPOS="1106"/>
                  <String HEIGHT="42" WIDTH="46" VPOS="2270" HPOS="1045" CONTENT="v"/>
               </TextLine>
               <TextLine ID="r3l56"
                         BASELINE="2361"
                         HEIGHT="48"
                         WIDTH="842"
                         VPOS="2313"
                         HPOS="261">
                  <String HEIGHT="48"
                          WIDTH="162"
                          VPOS="2313"
                          HPOS="245"
                          CONTENT="terius"/>
                  <SP HEIGHT="48" WIDTH="16" VPOS="2313" HPOS="407"/>
                  <String HEIGHT="48" WIDTH="97" VPOS="2313" HPOS="358" CONTENT="in"/>
                  <SP HEIGHT="48" WIDTH="16" VPOS="2313" HPOS="455"/>
                  <String HEIGHT="48"
                          WIDTH="178"
                          VPOS="2313"
                          HPOS="407"
                          CONTENT="vermes,"/>
                  <SP HEIGHT="48" WIDTH="16" VPOS="2313" HPOS="585"/>
                  <String HEIGHT="48" WIDTH="81" VPOS="2313" HPOS="536" CONTENT="&amp;"/>
                  <SP HEIGHT="48" WIDTH="16" VPOS="2313" HPOS="617"/>
                  <String HEIGHT="48" WIDTH="97" VPOS="2313" HPOS="569" CONTENT="in"/>
                  <SP HEIGHT="48" WIDTH="16" VPOS="2313" HPOS="666"/>
                  <String HEIGHT="48"
                          WIDTH="194"
                          VPOS="2313"
                          HPOS="617"
                          CONTENT="cineres."/>
                  <SP HEIGHT="48" WIDTH="16" VPOS="2313" HPOS="812"/>
                  <String HEIGHT="48"
                          WIDTH="275"
                          VPOS="2313"
                          HPOS="763"
                          CONTENT="Consequentiam"/>
                  <SP HEIGHT="48" WIDTH="16" VPOS="2313" HPOS="1038"/>
                  <String HEIGHT="48"
                          WIDTH="130"
                          VPOS="2313"
                          HPOS="973"
                          CONTENT="probo:"/>
               </TextLine>
               <TextLine ID="r3l57"
                         BASELINE="2397"
                         HEIGHT="46"
                         WIDTH="851"
                         VPOS="2351"
                         HPOS="256">
                  <String HEIGHT="46"
                          WIDTH="112"
                          VPOS="2351"
                          HPOS="242"
                          CONTENT="quia"/>
                  <SP HEIGHT="46" WIDTH="14" VPOS="2351" HPOS="354"/>
                  <String HEIGHT="46"
                          WIDTH="126"
                          VPOS="2351"
                          HPOS="312"
                          CONTENT="sicut"/>
                  <SP HEIGHT="46" WIDTH="14" VPOS="2351" HPOS="437"/>
                  <String HEIGHT="46" WIDTH="84" VPOS="2351" HPOS="396" CONTENT="si"/>
                  <SP HEIGHT="46" WIDTH="14" VPOS="2351" HPOS="479"/>
                  <String HEIGHT="46"
                          WIDTH="126"
                          VPOS="2351"
                          HPOS="437"
                          CONTENT="lapis"/>
                  <SP HEIGHT="46" WIDTH="14" VPOS="2351" HPOS="563"/>
                  <String HEIGHT="46"
                          WIDTH="126"
                          VPOS="2351"
                          HPOS="521"
                          CONTENT="esset"/>
                  <SP HEIGHT="46" WIDTH="14" VPOS="2351" HPOS="647"/>
                  <String HEIGHT="46"
                          WIDTH="181"
                          VPOS="2351"
                          HPOS="605"
                          CONTENT="conuersus"/>
                  <SP HEIGHT="46" WIDTH="14" VPOS="2351" HPOS="786"/>
                  <String HEIGHT="46" WIDTH="84" VPOS="2351" HPOS="744" CONTENT="in"/>
                  <SP HEIGHT="46" WIDTH="14" VPOS="2351" HPOS="828"/>
                  <String HEIGHT="46"
                          WIDTH="153"
                          VPOS="2351"
                          HPOS="786"
                          CONTENT="lignum,"/>
                  <SP HEIGHT="46" WIDTH="14" VPOS="2351" HPOS="940"/>
                  <String HEIGHT="46"
                          WIDTH="112"
                          VPOS="2351"
                          HPOS="898"
                          CONTENT="tunc"/>
                  <SP HEIGHT="46" WIDTH="14" VPOS="2351" HPOS="1009"/>
                  <String HEIGHT="46"
                          WIDTH="126"
                          VPOS="2351"
                          HPOS="967"
                          CONTENT="lapis"/>
                  <SP HEIGHT="46" WIDTH="14" VPOS="2351" HPOS="1093"/>
                  <String HEIGHT="46"
                          WIDTH="70"
                          VPOS="2351"
                          HPOS="1037"
                          CONTENT="nun"/>
               </TextLine>
               <TextLine ID="r3l58"
                         BASELINE="2439"
                         HEIGHT="50"
                         WIDTH="833"
                         VPOS="2389"
                         HPOS="256">
                  <String HEIGHT="50"
                          WIDTH="119"
                          VPOS="2389"
                          HPOS="241"
                          CONTENT="quam"/>
                  <SP HEIGHT="50" WIDTH="15" VPOS="2389" HPOS="360"/>
                  <String HEIGHT="50"
                          WIDTH="149"
                          VPOS="2389"
                          HPOS="316"
                          CONTENT="posset"/>
                  <SP HEIGHT="50" WIDTH="15" VPOS="2389" HPOS="464"/>
                  <String HEIGHT="50"
                          WIDTH="164"
                          VPOS="2389"
                          HPOS="420"
                          CONTENT="redire,"/>
                  <SP HEIGHT="50" WIDTH="15" VPOS="2389" HPOS="583"/>
                  <String HEIGHT="50"
                          WIDTH="119"
                          VPOS="2389"
                          HPOS="539"
                          CONTENT="nisi"/>
                  <SP HEIGHT="50" WIDTH="15" VPOS="2389" HPOS="658"/>
                  <String HEIGHT="50"
                          WIDTH="149"
                          VPOS="2389"
                          HPOS="613"
                          CONTENT="lignum"/>
                  <SP HEIGHT="50" WIDTH="15" VPOS="2389" HPOS="762"/>
                  <String HEIGHT="50"
                          WIDTH="253"
                          VPOS="2389"
                          HPOS="717"
                          CONTENT="conuerteretur"/>
                  <SP HEIGHT="50" WIDTH="15" VPOS="2389" HPOS="970"/>
                  <String HEIGHT="50" WIDTH="89" VPOS="2389" HPOS="925" CONTENT="in"/>
                  <SP HEIGHT="50" WIDTH="15" VPOS="2389" HPOS="1015"/>
                  <String HEIGHT="50"
                          WIDTH="134"
                          VPOS="2389"
                          HPOS="955"
                          CONTENT="lapiden"/>
               </TextLine>
               <TextLine ID="r3l59"
                         BASELINE="2473"
                         HEIGHT="46"
                         WIDTH="840"
                         VPOS="2427"
                         HPOS="257">
                  <String HEIGHT="46"
                          WIDTH="105"
                          VPOS="2427"
                          HPOS="242"
                          CONTENT="sic"/>
                  <SP HEIGHT="46" WIDTH="15" VPOS="2427" HPOS="347"/>
                  <String HEIGHT="46" WIDTH="90" VPOS="2427" HPOS="302" CONTENT="in"/>
                  <SP HEIGHT="46" WIDTH="15" VPOS="2427" HPOS="392"/>
                  <String HEIGHT="46"
                          WIDTH="210"
                          VPOS="2427"
                          HPOS="347"
                          CONTENT="proposito,"/>
                  <SP HEIGHT="46" WIDTH="15" VPOS="2427" HPOS="557"/>
                  <String HEIGHT="46"
                          WIDTH="180"
                          VPOS="2427"
                          HPOS="512"
                          CONTENT="postquam"/>
                  <SP HEIGHT="46" WIDTH="15" VPOS="2427" HPOS="692"/>
                  <String HEIGHT="46"
                          WIDTH="210"
                          VPOS="2427"
                          HPOS="647"
                          CONTENT="substantia"/>
                  <SP HEIGHT="46" WIDTH="15" VPOS="2427" HPOS="857"/>
                  <String HEIGHT="46"
                          WIDTH="135"
                          VPOS="2427"
                          HPOS="812"
                          CONTENT="panis"/>
                  <SP HEIGHT="46" WIDTH="15" VPOS="2427" HPOS="947"/>
                  <String HEIGHT="46"
                          WIDTH="180"
                          VPOS="2427"
                          HPOS="902"
                          CONTENT="conuersa"/>
                  <SP HEIGHT="46" WIDTH="15" VPOS="2427" HPOS="1082"/>
                  <String HEIGHT="46"
                          WIDTH="75"
                          VPOS="2427"
                          HPOS="1022"
                          CONTENT="ess"/>
               </TextLine>
               <TextLine ID="r3l60"
                         BASELINE="2517"
                         HEIGHT="50"
                         WIDTH="846"
                         VPOS="2467"
                         HPOS="258">
                  <String HEIGHT="50" WIDTH="88" VPOS="2467" HPOS="243" CONTENT="in"/>
                  <SP HEIGHT="50" WIDTH="15" VPOS="2467" HPOS="331"/>
                  <String HEIGHT="50"
                          WIDTH="146"
                          VPOS="2467"
                          HPOS="287"
                          CONTENT="corpus"/>
                  <SP HEIGHT="50" WIDTH="15" VPOS="2467" HPOS="433"/>
                  <String HEIGHT="50"
                          WIDTH="175"
                          VPOS="2467"
                          HPOS="389"
                          CONTENT="Christi,"/>
                  <SP HEIGHT="50" WIDTH="15" VPOS="2467" HPOS="564"/>
                  <String HEIGHT="50"
                          WIDTH="117"
                          VPOS="2467"
                          HPOS="521"
                          CONTENT="tunc"/>
                  <SP HEIGHT="50" WIDTH="15" VPOS="2467" HPOS="637"/>
                  <String HEIGHT="50"
                          WIDTH="102"
                          VPOS="2467"
                          HPOS="593"
                          CONTENT="non"/>
                  <SP HEIGHT="50" WIDTH="15" VPOS="2467" HPOS="696"/>
                  <String HEIGHT="50"
                          WIDTH="175"
                          VPOS="2467"
                          HPOS="652"
                          CONTENT="videtur,"/>
                  <SP HEIGHT="50" WIDTH="15" VPOS="2467" HPOS="827"/>
                  <String HEIGHT="50"
                          WIDTH="117"
                          VPOS="2467"
                          HPOS="783"
                          CONTENT="quod"/>
                  <SP HEIGHT="50" WIDTH="15" VPOS="2467" HPOS="900"/>
                  <String HEIGHT="50"
                          WIDTH="131"
                          VPOS="2467"
                          HPOS="856"
                          CONTENT="talis"/>
                  <SP HEIGHT="50" WIDTH="15" VPOS="2467" HPOS="987"/>
                  <String HEIGHT="50"
                          WIDTH="175"
                          VPOS="2467"
                          HPOS="929"
                          CONTENT="substantia"/>
               </TextLine>
               <TextLine ID="r3l61"
                         BASELINE="2559"
                         HEIGHT="60"
                         WIDTH="836"
                         VPOS="2499"
                         HPOS="269">
                  <String HEIGHT="60"
                          WIDTH="145"
                          VPOS="2499"
                          HPOS="253"
                          CONTENT="panis"/>
                  <SP HEIGHT="60" WIDTH="16" VPOS="2499" HPOS="398"/>
                  <String HEIGHT="60"
                          WIDTH="161"
                          VPOS="2499"
                          HPOS="349"
                          CONTENT="possit"/>
                  <SP HEIGHT="60" WIDTH="16" VPOS="2499" HPOS="510"/>
                  <String HEIGHT="60"
                          WIDTH="177"
                          VPOS="2499"
                          HPOS="462"
                          CONTENT="redire,"/>
                  <SP HEIGHT="60" WIDTH="16" VPOS="2499" HPOS="639"/>
                  <String HEIGHT="60"
                          WIDTH="129"
                          VPOS="2499"
                          HPOS="591"
                          CONTENT="nisi"/>
                  <SP HEIGHT="60" WIDTH="16" VPOS="2499" HPOS="719"/>
                  <String HEIGHT="60"
                          WIDTH="161"
                          VPOS="2499"
                          HPOS="671"
                          CONTENT="corpus"/>
                  <SP HEIGHT="60" WIDTH="16" VPOS="2499" HPOS="832"/>
                  <String HEIGHT="60"
                          WIDTH="177"
                          VPOS="2499"
                          HPOS="783"
                          CONTENT="Christi"/>
                  <SP HEIGHT="60" WIDTH="16" VPOS="2499" HPOS="960"/>
                  <String HEIGHT="60"
                          WIDTH="209"
                          VPOS="2499"
                          HPOS="896"
                          CONTENT="conuertatur"/>
               </TextLine>
               <TextLine ID="r3l62"
                         BASELINE="2592"
                         HEIGHT="45"
                         WIDTH="116"
                         VPOS="2547"
                         HPOS="264">
                  <String HEIGHT="45" WIDTH="99" VPOS="2547" HPOS="247" CONTENT="an"/>
                  <SP HEIGHT="45" WIDTH="17" VPOS="2547" HPOS="347"/>
                  <String HEIGHT="45"
                          WIDTH="99"
                          VPOS="2547"
                          HPOS="281"
                          CONTENT="eam."/>
               </TextLine>
               <TextLine ID="r3l63"
                         BASELINE="2633"
                         HEIGHT="57"
                         WIDTH="827"
                         VPOS="2576"
                         HPOS="264">
                  <String HEIGHT="57" WIDTH="74" VPOS="2576" HPOS="249" CONTENT="2"/>
                  <SP HEIGHT="57" WIDTH="15" VPOS="2576" HPOS="323"/>
                  <String HEIGHT="57"
                          WIDTH="207"
                          VPOS="2576"
                          HPOS="279"
                          CONTENT="Praeterea,"/>
                  <SP HEIGHT="57" WIDTH="15" VPOS="2576" HPOS="486"/>
                  <String HEIGHT="57" WIDTH="89" VPOS="2576" HPOS="441" CONTENT="si"/>
                  <SP HEIGHT="57" WIDTH="15" VPOS="2576" HPOS="530"/>
                  <String HEIGHT="57"
                          WIDTH="207"
                          VPOS="2576"
                          HPOS="486"
                          CONTENT="reuertitur"/>
                  <SP HEIGHT="57" WIDTH="15" VPOS="2576" HPOS="692"/>
                  <String HEIGHT="57"
                          WIDTH="207"
                          VPOS="2576"
                          HPOS="648"
                          CONTENT="substantia"/>
                  <SP HEIGHT="57" WIDTH="15" VPOS="2576" HPOS="855"/>
                  <String HEIGHT="57"
                          WIDTH="148"
                          VPOS="2576"
                          HPOS="810"
                          CONTENT="panis,"/>
                  <SP HEIGHT="57" WIDTH="15" VPOS="2576" HPOS="958"/>
                  <String HEIGHT="57"
                          WIDTH="103"
                          VPOS="2576"
                          HPOS="914"
                          CONTENT="vel"/>
                  <SP HEIGHT="57" WIDTH="15" VPOS="2576" HPOS="1017"/>
                  <String HEIGHT="57"
                          WIDTH="133"
                          VPOS="2576"
                          HPOS="958"
                          CONTENT="reuerti"/>
               </TextLine>
               <TextLine ID="r3l64"
                         BASELINE="2671"
                         HEIGHT="38"
                         WIDTH="842"
                         VPOS="2633"
                         HPOS="258">
                  <String HEIGHT="38"
                          WIDTH="103"
                          VPOS="2633"
                          HPOS="243"
                          CONTENT="tur"/>
                  <SP HEIGHT="38" WIDTH="15" VPOS="2633" HPOS="347"/>
                  <String HEIGHT="38" WIDTH="89" VPOS="2633" HPOS="302" CONTENT="in"/>
                  <SP HEIGHT="38" WIDTH="15" VPOS="2633" HPOS="391"/>
                  <String HEIGHT="38"
                          WIDTH="118"
                          VPOS="2633"
                          HPOS="347"
                          CONTENT="ipso"/>
                  <SP HEIGHT="38" WIDTH="15" VPOS="2633" HPOS="465"/>
                  <String HEIGHT="38"
                          WIDTH="192"
                          VPOS="2633"
                          HPOS="420"
                          CONTENT="instanti,"/>
                  <SP HEIGHT="38" WIDTH="15" VPOS="2633" HPOS="613"/>
                  <String HEIGHT="38"
                          WIDTH="103"
                          VPOS="2633"
                          HPOS="568"
                          CONTENT="quo"/>
                  <SP HEIGHT="38" WIDTH="15" VPOS="2633" HPOS="672"/>
                  <String HEIGHT="38"
                          WIDTH="236"
                          VPOS="2633"
                          HPOS="627"
                          CONTENT="corrumpuntur"/>
                  <SP HEIGHT="38" WIDTH="15" VPOS="2633" HPOS="864"/>
                  <String HEIGHT="38"
                          WIDTH="222"
                          VPOS="2633"
                          HPOS="819"
                          CONTENT="accidentia,"/>
                  <SP HEIGHT="38" WIDTH="15" VPOS="2633" HPOS="1041"/>
                  <String HEIGHT="38"
                          WIDTH="103"
                          VPOS="2633"
                          HPOS="997"
                          CONTENT="vel"/>
                  <SP HEIGHT="38" WIDTH="15" VPOS="2633" HPOS="1100"/>
                  <String HEIGHT="38" WIDTH="59" VPOS="2633" HPOS="1041" CONTENT="an"/>
               </TextLine>
               <TextLine ID="r3l65"
                         BASELINE="2708"
                         HEIGHT="44"
                         WIDTH="826"
                         VPOS="2664"
                         HPOS="268">
                  <String HEIGHT="44" WIDTH="81" VPOS="2664" HPOS="254" CONTENT="te"/>
                  <SP HEIGHT="44" WIDTH="14" VPOS="2664" HPOS="336"/>
                  <String HEIGHT="44"
                          WIDTH="122"
                          VPOS="2664"
                          HPOS="295"
                          CONTENT="illud"/>
                  <SP HEIGHT="44" WIDTH="14" VPOS="2664" HPOS="417"/>
                  <String HEIGHT="44"
                          WIDTH="162"
                          VPOS="2664"
                          HPOS="376"
                          CONTENT="instans,"/>
                  <SP HEIGHT="44" WIDTH="14" VPOS="2664" HPOS="539"/>
                  <String HEIGHT="44" WIDTH="95" VPOS="2664" HPOS="498" CONTENT="vel"/>
                  <SP HEIGHT="44" WIDTH="14" VPOS="2664" HPOS="593"/>
                  <String HEIGHT="44"
                          WIDTH="108"
                          VPOS="2664"
                          HPOS="552"
                          CONTENT="post"/>
                  <SP HEIGHT="44" WIDTH="14" VPOS="2664" HPOS="661"/>
                  <String HEIGHT="44"
                          WIDTH="176"
                          VPOS="2664"
                          HPOS="620"
                          CONTENT="huiusmodi"/>
                  <SP HEIGHT="44" WIDTH="14" VPOS="2664" HPOS="796"/>
                  <String HEIGHT="44"
                          WIDTH="162"
                          VPOS="2664"
                          HPOS="755"
                          CONTENT="instans."/>
                  <SP HEIGHT="44" WIDTH="14" VPOS="2664" HPOS="918"/>
                  <String HEIGHT="44" WIDTH="81" VPOS="2664" HPOS="877" CONTENT="Si"/>
                  <SP HEIGHT="44" WIDTH="14" VPOS="2664" HPOS="959"/>
                  <String HEIGHT="44"
                          WIDTH="162"
                          VPOS="2664"
                          HPOS="918"
                          CONTENT="dicitur,"/>
                  <SP HEIGHT="44" WIDTH="14" VPOS="2664" HPOS="1080"/>
                  <String HEIGHT="44"
                          WIDTH="68"
                          VPOS="2664"
                          HPOS="1026"
                          CONTENT="quo"/>
               </TextLine>
               <TextLine ID="r3l66"
                         BASELINE="2746"
                         HEIGHT="50"
                         WIDTH="833"
                         VPOS="2696"
                         HPOS="261">
                  <String HEIGHT="50" WIDTH="82" VPOS="2696" HPOS="247" CONTENT="in"/>
                  <SP HEIGHT="50" WIDTH="14" VPOS="2696" HPOS="329"/>
                  <String HEIGHT="50"
                          WIDTH="109"
                          VPOS="2696"
                          HPOS="288"
                          CONTENT="ipso"/>
                  <SP HEIGHT="50" WIDTH="14" VPOS="2696" HPOS="398"/>
                  <String HEIGHT="50"
                          WIDTH="178"
                          VPOS="2696"
                          HPOS="357"
                          CONTENT="instanti,"/>
                  <SP HEIGHT="50" WIDTH="14" VPOS="2696" HPOS="534"/>
                  <String HEIGHT="50" WIDTH="96" VPOS="2696" HPOS="493" CONTENT="hoc"/>
                  <SP HEIGHT="50" WIDTH="14" VPOS="2696" HPOS="589"/>
                  <String HEIGHT="50" WIDTH="96" VPOS="2696" HPOS="548" CONTENT="est"/>
                  <SP HEIGHT="50" WIDTH="14" VPOS="2696" HPOS="643"/>
                  <String HEIGHT="50"
                          WIDTH="218"
                          VPOS="2696"
                          HPOS="602"
                          CONTENT="impossibile:"/>
                  <SP HEIGHT="50" WIDTH="14" VPOS="2696" HPOS="821"/>
                  <String HEIGHT="50"
                          WIDTH="109"
                          VPOS="2696"
                          HPOS="780"
                          CONTENT="quia"/>
                  <SP HEIGHT="50" WIDTH="14" VPOS="2696" HPOS="889"/>
                  <String HEIGHT="50"
                          WIDTH="123"
                          VPOS="2696"
                          HPOS="848"
                          CONTENT="sicut"/>
                  <SP HEIGHT="50" WIDTH="14" VPOS="2696" HPOS="971"/>
                  <String HEIGHT="50"
                          WIDTH="178"
                          VPOS="2696"
                          HPOS="916"
                          CONTENT="impossibili"/>
               </TextLine>
               <TextLine ID="r3l67"
                         BASELINE="2785"
                         HEIGHT="48"
                         WIDTH="835"
                         VPOS="2737"
                         HPOS="272">
                  <String HEIGHT="48"
                          WIDTH="101"
                          VPOS="2737"
                          HPOS="258"
                          CONTENT="est"/>
                  <SP HEIGHT="48" WIDTH="14" VPOS="2737" HPOS="358"/>
                  <String HEIGHT="48"
                          WIDTH="101"
                          VPOS="2737"
                          HPOS="315"
                          CONTENT="rem"/>
                  <SP HEIGHT="48" WIDTH="14" VPOS="2737" HPOS="416"/>
                  <String HEIGHT="48"
                          WIDTH="173"
                          VPOS="2737"
                          HPOS="373"
                          CONTENT="corrumpi"/>
                  <SP HEIGHT="48" WIDTH="14" VPOS="2737" HPOS="546"/>
                  <String HEIGHT="48" WIDTH="86" VPOS="2737" HPOS="502" CONTENT="in"/>
                  <SP HEIGHT="48" WIDTH="14" VPOS="2737" HPOS="589"/>
                  <String HEIGHT="48"
                          WIDTH="130"
                          VPOS="2737"
                          HPOS="546"
                          CONTENT="eodem"/>
                  <SP HEIGHT="48" WIDTH="14" VPOS="2737" HPOS="675"/>
                  <String HEIGHT="48"
                          WIDTH="187"
                          VPOS="2737"
                          HPOS="632"
                          CONTENT="instanti,"/>
                  <SP HEIGHT="48" WIDTH="14" VPOS="2737" HPOS="819"/>
                  <String HEIGHT="48"
                          WIDTH="101"
                          VPOS="2737"
                          HPOS="776"
                          CONTENT="quo"/>
                  <SP HEIGHT="48" WIDTH="14" VPOS="2737" HPOS="877"/>
                  <String HEIGHT="48"
                          WIDTH="158"
                          VPOS="2737"
                          HPOS="833"
                          CONTENT="incipit"/>
                  <SP HEIGHT="48" WIDTH="14" VPOS="2737" HPOS="992"/>
                  <String HEIGHT="48"
                          WIDTH="130"
                          VPOS="2737"
                          HPOS="949"
                          CONTENT="esse:"/>
                  <SP HEIGHT="48" WIDTH="14" VPOS="2737" HPOS="1078"/>
                  <String HEIGHT="48"
                          WIDTH="86"
                          VPOS="2737"
                          HPOS="1021"
                          CONTENT="quia"/>
               </TextLine>
               <TextLine ID="r3l68"
                         BASELINE="2828"
                         HEIGHT="48"
                         WIDTH="846"
                         VPOS="2780"
                         HPOS="260">
                  <String HEIGHT="48" WIDTH="82" VPOS="2780" HPOS="246" CONTENT="si"/>
                  <SP HEIGHT="48" WIDTH="14" VPOS="2780" HPOS="328"/>
                  <String HEIGHT="48"
                          WIDTH="109"
                          VPOS="2780"
                          HPOS="287"
                          CONTENT="sic,"/>
                  <SP HEIGHT="48" WIDTH="14" VPOS="2780" HPOS="396"/>
                  <String HEIGHT="48"
                          WIDTH="109"
                          VPOS="2780"
                          HPOS="356"
                          CONTENT="tunc"/>
                  <SP HEIGHT="48" WIDTH="14" VPOS="2780" HPOS="465"/>
                  <String HEIGHT="48"
                          WIDTH="123"
                          VPOS="2780"
                          HPOS="424"
                          CONTENT="simul"/>
                  <SP HEIGHT="48" WIDTH="14" VPOS="2780" HPOS="547"/>
                  <String HEIGHT="48"
                          WIDTH="136"
                          VPOS="2780"
                          HPOS="506"
                          CONTENT="esset,"/>
                  <SP HEIGHT="48" WIDTH="14" VPOS="2780" HPOS="642"/>
                  <String HEIGHT="48" WIDTH="68" VPOS="2780" HPOS="601" CONTENT="&amp;"/>
                  <SP HEIGHT="48" WIDTH="14" VPOS="2780" HPOS="669"/>
                  <String HEIGHT="48" WIDTH="96" VPOS="2780" HPOS="628" CONTENT="non"/>
                  <SP HEIGHT="48" WIDTH="14" VPOS="2780" HPOS="724"/>
                  <String HEIGHT="48"
                          WIDTH="136"
                          VPOS="2780"
                          HPOS="683"
                          CONTENT="esset,"/>
                  <SP HEIGHT="48" WIDTH="14" VPOS="2780" HPOS="819"/>
                  <String HEIGHT="48" WIDTH="96" VPOS="2780" HPOS="779" CONTENT="sic"/>
                  <SP HEIGHT="48" WIDTH="14" VPOS="2780" HPOS="874"/>
                  <String HEIGHT="48"
                          WIDTH="205"
                          VPOS="2780"
                          HPOS="833"
                          CONTENT="impossibile"/>
                  <SP HEIGHT="48" WIDTH="14" VPOS="2780" HPOS="1038"/>
                  <String HEIGHT="48" WIDTH="96" VPOS="2780" HPOS="997" CONTENT="est"/>
                  <SP HEIGHT="48" WIDTH="14" VPOS="2780" HPOS="1092"/>
                  <String HEIGHT="48"
                          WIDTH="68"
                          VPOS="2780"
                          HPOS="1038"
                          CONTENT="rem"/>
               </TextLine>
               <TextLine ID="r3l69"
                         BASELINE="2865"
                         HEIGHT="37"
                         WIDTH="829"
                         VPOS="2828"
                         HPOS="276">
                  <String HEIGHT="37"
                          WIDTH="175"
                          VPOS="2828"
                          HPOS="261"
                          CONTENT="corrumpi"/>
                  <SP HEIGHT="37" WIDTH="15" VPOS="2828" HPOS="436"/>
                  <String HEIGHT="37" WIDTH="87" VPOS="2828" HPOS="392" CONTENT="in"/>
                  <SP HEIGHT="37" WIDTH="15" VPOS="2828" HPOS="480"/>
                  <String HEIGHT="37"
                          WIDTH="131"
                          VPOS="2828"
                          HPOS="436"
                          CONTENT="eodem"/>
                  <SP HEIGHT="37" WIDTH="15" VPOS="2828" HPOS="567"/>
                  <String HEIGHT="37"
                          WIDTH="189"
                          VPOS="2828"
                          HPOS="523"
                          CONTENT="instanti,"/>
                  <SP HEIGHT="37" WIDTH="15" VPOS="2828" HPOS="712"/>
                  <String HEIGHT="37"
                          WIDTH="102"
                          VPOS="2828"
                          HPOS="669"
                          CONTENT="quo"/>
                  <SP HEIGHT="37" WIDTH="15" VPOS="2828" HPOS="770"/>
                  <String HEIGHT="37"
                          WIDTH="131"
                          VPOS="2828"
                          HPOS="727"
                          CONTENT="redit"/>
                  <SP HEIGHT="37" WIDTH="15" VPOS="2828" HPOS="858"/>
                  <String HEIGHT="37" WIDTH="87" VPOS="2828" HPOS="814" CONTENT="ad"/>
                  <SP HEIGHT="37" WIDTH="15" VPOS="2828" HPOS="901"/>
                  <String HEIGHT="37"
                          WIDTH="131"
                          VPOS="2828"
                          HPOS="858"
                          CONTENT="esse;"/>
                  <SP HEIGHT="37" WIDTH="15" VPOS="2828" HPOS="989"/>
                  <String HEIGHT="37"
                          WIDTH="131"
                          VPOS="2828"
                          HPOS="945"
                          CONTENT="simul"/>
                  <SP HEIGHT="37" WIDTH="15" VPOS="2828" HPOS="1076"/>
                  <String HEIGHT="37"
                          WIDTH="87"
                          VPOS="2828"
                          HPOS="1018"
                          CONTENT="enim"/>
               </TextLine>
               <TextLine ID="r3l70"
                         BASELINE="2905"
                         HEIGHT="42"
                         WIDTH="839"
                         VPOS="2863"
                         HPOS="267">
                  <String HEIGHT="42"
                          WIDTH="142"
                          VPOS="2863"
                          HPOS="253"
                          CONTENT="esset,"/>
                  <SP HEIGHT="42" WIDTH="14" VPOS="2863" HPOS="395"/>
                  <String HEIGHT="42" WIDTH="71" VPOS="2863" HPOS="352" CONTENT="&amp;"/>
                  <SP HEIGHT="42" WIDTH="14" VPOS="2863" HPOS="423"/>
                  <String HEIGHT="42"
                          WIDTH="100"
                          VPOS="2863"
                          HPOS="381"
                          CONTENT="non"/>
                  <SP HEIGHT="42" WIDTH="14" VPOS="2863" HPOS="480"/>
                  <String HEIGHT="42"
                          WIDTH="142"
                          VPOS="2863"
                          HPOS="438"
                          CONTENT="esset."/>
                  <SP HEIGHT="42" WIDTH="14" VPOS="2863" HPOS="580"/>
                  <String HEIGHT="42"
                          WIDTH="128"
                          VPOS="2863"
                          HPOS="537"
                          CONTENT="esset"/>
                  <SP HEIGHT="42" WIDTH="14" VPOS="2863" HPOS="665"/>
                  <String HEIGHT="42"
                          WIDTH="156"
                          VPOS="2863"
                          HPOS="623"
                          CONTENT="quidem,"/>
                  <SP HEIGHT="42" WIDTH="14" VPOS="2863" HPOS="779"/>
                  <String HEIGHT="42"
                          WIDTH="114"
                          VPOS="2863"
                          HPOS="736"
                          CONTENT="quia"/>
                  <SP HEIGHT="42" WIDTH="14" VPOS="2863" HPOS="850"/>
                  <String HEIGHT="42"
                          WIDTH="156"
                          VPOS="2863"
                          HPOS="807"
                          CONTENT="ponitur"/>
                  <SP HEIGHT="42" WIDTH="14" VPOS="2863" HPOS="964"/>
                  <String HEIGHT="42"
                          WIDTH="142"
                          VPOS="2863"
                          HPOS="921"
                          CONTENT="redire"/>
                  <SP HEIGHT="42" WIDTH="14" VPOS="2863" HPOS="1063"/>
                  <String HEIGHT="42" WIDTH="85" VPOS="2863" HPOS="1021" CONTENT="ad"/>
                  <SP HEIGHT="42" WIDTH="14" VPOS="2863" HPOS="1106"/>
                  <String HEIGHT="42" WIDTH="57" VPOS="2863" HPOS="1049" CONTENT="es"/>
               </TextLine>
               <TextLine ID="r3l71"
                         BASELINE="2944"
                         HEIGHT="41"
                         WIDTH="848"
                         VPOS="2903"
                         HPOS="258">
                  <String HEIGHT="41"
                          WIDTH="106"
                          VPOS="2903"
                          HPOS="243"
                          CONTENT="se."/>
                  <SP HEIGHT="41" WIDTH="15" VPOS="2903" HPOS="349"/>
                  <String HEIGHT="41"
                          WIDTH="106"
                          VPOS="2903"
                          HPOS="303"
                          CONTENT="Non"/>
                  <SP HEIGHT="41" WIDTH="15" VPOS="2903" HPOS="409"/>
                  <String HEIGHT="41"
                          WIDTH="151"
                          VPOS="2903"
                          HPOS="364"
                          CONTENT="esset:"/>
                  <SP HEIGHT="41" WIDTH="15" VPOS="2903" HPOS="515"/>
                  <String HEIGHT="41"
                          WIDTH="121"
                          VPOS="2903"
                          HPOS="470"
                          CONTENT="quia"/>
                  <SP HEIGHT="41" WIDTH="15" VPOS="2903" HPOS="591"/>
                  <String HEIGHT="41"
                          WIDTH="167"
                          VPOS="2903"
                          HPOS="546"
                          CONTENT="haberet"/>
                  <SP HEIGHT="41" WIDTH="15" VPOS="2903" HPOS="712"/>
                  <String HEIGHT="41"
                          WIDTH="197"
                          VPOS="2903"
                          HPOS="667"
                          CONTENT="corruptum"/>
                  <SP HEIGHT="41" WIDTH="15" VPOS="2903" HPOS="864"/>
                  <String HEIGHT="41"
                          WIDTH="136"
                          VPOS="2903"
                          HPOS="818"
                          CONTENT="esse:"/>
                  <SP HEIGHT="41" WIDTH="15" VPOS="2903" HPOS="955"/>
                  <String HEIGHT="41"
                          WIDTH="106"
                          VPOS="2903"
                          HPOS="909"
                          CONTENT="nam"/>
                  <SP HEIGHT="41" WIDTH="15" VPOS="2903" HPOS="1015"/>
                  <String HEIGHT="41"
                          WIDTH="106"
                          VPOS="2903"
                          HPOS="970"
                          CONTENT="cum"/>
                  <SP HEIGHT="41" WIDTH="15" VPOS="2903" HPOS="1076"/>
                  <String HEIGHT="41"
                          WIDTH="91"
                          VPOS="2903"
                          HPOS="1015"
                          CONTENT="cor"
                          SUBS_TYPE="HypPart1"
                          SUBS_CONTENT="corruptio"/>
                  <HYP CONTENT="-"/>
               </TextLine>
               <TextLine ID="r3l72"
                         BASELINE="2989"
                         HEIGHT="45"
                         WIDTH="833"
                         VPOS="2944"
                         HPOS="267">
                  <String HEIGHT="45"
                          WIDTH="149"
                          VPOS="2944"
                          HPOS="252"
                          CONTENT="ruptio"
                          SUBS_TYPE="HypPart2"
                          SUBS_CONTENT="corruptio"/>
                  <SP HEIGHT="45" WIDTH="15" VPOS="2944" HPOS="401"/>
                  <String HEIGHT="45"
                          WIDTH="104"
                          VPOS="2944"
                          HPOS="356"
                          CONTENT="sit"/>
                  <SP HEIGHT="45" WIDTH="15" VPOS="2944" HPOS="460"/>
                  <String HEIGHT="45"
                          WIDTH="223"
                          VPOS="2944"
                          HPOS="416"
                          CONTENT="instantanea"/>
                  <SP HEIGHT="45" WIDTH="15" VPOS="2944" HPOS="639"/>
                  <String HEIGHT="45"
                          WIDTH="179"
                          VPOS="2944"
                          HPOS="594"
                          CONTENT="mutatio:"/>
                  <SP HEIGHT="45" WIDTH="15" VPOS="2944" HPOS="773"/>
                  <String HEIGHT="45"
                          WIDTH="119"
                          VPOS="2944"
                          HPOS="728"
                          CONTENT="ergo"/>
                  <SP HEIGHT="45" WIDTH="15" VPOS="2944" HPOS="847"/>
                  <String HEIGHT="45"
                          WIDTH="208"
                          VPOS="2944"
                          HPOS="803"
                          CONTENT="corruptio,"/>
                  <SP HEIGHT="45" WIDTH="15" VPOS="2944" HPOS="1011"/>
                  <String HEIGHT="45" WIDTH="74" VPOS="2944" HPOS="966" CONTENT="&amp;"/>
                  <SP HEIGHT="45" WIDTH="15" VPOS="2944" HPOS="1041"/>
                  <String HEIGHT="45"
                          WIDTH="119"
                          VPOS="2944"
                          HPOS="981"
                          CONTENT="corru"
                          SUBS_TYPE="HypPart1"
                          SUBS_CONTENT="corruptum"/>
                  <HYP CONTENT="-"/>
               </TextLine>
               <TextLine ID="r3l73"
                         BASELINE="3026"
                         HEIGHT="48"
                         WIDTH="823"
                         VPOS="2978"
                         HPOS="270">
                  <String HEIGHT="48"
                          WIDTH="116"
                          VPOS="2978"
                          HPOS="256"
                          CONTENT="ptum"
                          SUBS_TYPE="HypPart2"
                          SUBS_CONTENT="corruptum"/>
                  <SP HEIGHT="48" WIDTH="14" VPOS="2978" HPOS="371"/>
                  <String HEIGHT="48"
                          WIDTH="116"
                          VPOS="2978"
                          HPOS="328"
                          CONTENT="esse"/>
                  <SP HEIGHT="48" WIDTH="14" VPOS="2978" HPOS="443"/>
                  <String HEIGHT="48"
                          WIDTH="116"
                          VPOS="2978"
                          HPOS="400"
                          CONTENT="sunt"/>
                  <SP HEIGHT="48" WIDTH="14" VPOS="2978" HPOS="515"/>
                  <String HEIGHT="48"
                          WIDTH="130"
                          VPOS="2978"
                          HPOS="472"
                          CONTENT="simul"/>
                  <SP HEIGHT="48" WIDTH="14" VPOS="2978" HPOS="602"/>
                  <String HEIGHT="48" WIDTH="87" VPOS="2978" HPOS="559" CONTENT="in"/>
                  <SP HEIGHT="48" WIDTH="14" VPOS="2978" HPOS="645"/>
                  <String HEIGHT="48"
                          WIDTH="130"
                          VPOS="2978"
                          HPOS="602"
                          CONTENT="eodem"/>
                  <SP HEIGHT="48" WIDTH="14" VPOS="2978" HPOS="732"/>
                  <String HEIGHT="48"
                          WIDTH="173"
                          VPOS="2978"
                          HPOS="689"
                          CONTENT="istanti."/>
                  <SP HEIGHT="48" WIDTH="14" VPOS="2978" HPOS="862"/>
                  <String HEIGHT="48"
                          WIDTH="101"
                          VPOS="2978"
                          HPOS="819"
                          CONTENT="Sed"/>
                  <SP HEIGHT="48" WIDTH="14" VPOS="2978" HPOS="920"/>
                  <String HEIGHT="48" WIDTH="87" VPOS="2978" HPOS="876" CONTENT="si"/>
                  <SP HEIGHT="48" WIDTH="14" VPOS="2978" HPOS="963"/>
                  <String HEIGHT="48"
                          WIDTH="159"
                          VPOS="2978"
                          HPOS="920"
                          CONTENT="rediret"/>
                  <SP HEIGHT="48" WIDTH="14" VPOS="2978" HPOS="1079"/>
                  <String HEIGHT="48"
                          WIDTH="72"
                          VPOS="2978"
                          HPOS="1021"
                          CONTENT="sub"/>
               </TextLine>
               <TextLine ID="r3l74"
                         BASELINE="3065"
                         HEIGHT="44"
                         WIDTH="832"
                         VPOS="3021"
                         HPOS="267">
                  <String HEIGHT="44"
                          WIDTH="163"
                          VPOS="3021"
                          HPOS="252"
                          CONTENT="stantia"/>
                  <SP HEIGHT="44" WIDTH="15" VPOS="3021" HPOS="416"/>
                  <String HEIGHT="44"
                          WIDTH="149"
                          VPOS="3021"
                          HPOS="371"
                          CONTENT="panis,"/>
                  <SP HEIGHT="44" WIDTH="15" VPOS="3021" HPOS="520"/>
                  <String HEIGHT="44"
                          WIDTH="119"
                          VPOS="3021"
                          HPOS="475"
                          CONTENT="tunc"/>
                  <SP HEIGHT="44" WIDTH="15" VPOS="3021" HPOS="594"/>
                  <String HEIGHT="44"
                          WIDTH="253"
                          VPOS="3021"
                          HPOS="549"
                          CONTENT="corrumperetur"/>
                  <SP HEIGHT="44" WIDTH="15" VPOS="3021" HPOS="802"/>
                  <String HEIGHT="44"
                          WIDTH="223"
                          VPOS="3021"
                          HPOS="757"
                          CONTENT="ininstanti,"/>
                  <SP HEIGHT="44" WIDTH="15" VPOS="3021" HPOS="980"/>
                  <String HEIGHT="44"
                          WIDTH="104"
                          VPOS="3021"
                          HPOS="936"
                          CONTENT="quo"/>
                  <SP HEIGHT="44" WIDTH="15" VPOS="3021" HPOS="1040"/>
                  <String HEIGHT="44"
                          WIDTH="119"
                          VPOS="3021"
                          HPOS="980"
                          CONTENT="corrun"/>
               </TextLine>
               <TextLine ID="r3l75"
                         BASELINE="3107"
                         HEIGHT="46"
                         WIDTH="829"
                         VPOS="3061"
                         HPOS="273">
                  <String HEIGHT="46"
                          WIDTH="143"
                          VPOS="3061"
                          HPOS="259"
                          CONTENT="puntur"/>
                  <SP HEIGHT="46" WIDTH="14" VPOS="3061" HPOS="402"/>
                  <String HEIGHT="46"
                          WIDTH="214"
                          VPOS="3061"
                          HPOS="359"
                          CONTENT="accidentia;"/>
                  <SP HEIGHT="46" WIDTH="14" VPOS="3061" HPOS="573"/>
                  <String HEIGHT="46"
                          WIDTH="129"
                          VPOS="3061"
                          HPOS="530"
                          CONTENT="alias"/>
                  <SP HEIGHT="46" WIDTH="14" VPOS="3061" HPOS="659"/>
                  <String HEIGHT="46"
                          WIDTH="172"
                          VPOS="3061"
                          HPOS="616"
                          CONTENT="cineres,"/>
                  <SP HEIGHT="46" WIDTH="14" VPOS="3061" HPOS="788"/>
                  <String HEIGHT="46"
                          WIDTH="100"
                          VPOS="3061"
                          HPOS="745"
                          CONTENT="qui"/>
                  <SP HEIGHT="46" WIDTH="14" VPOS="3061" HPOS="845"/>
                  <String HEIGHT="46"
                          WIDTH="172"
                          VPOS="3061"
                          HPOS="802"
                          CONTENT="videntur"/>
                  <SP HEIGHT="46" WIDTH="14" VPOS="3061" HPOS="973"/>
                  <String HEIGHT="46"
                          WIDTH="172"
                          VPOS="3061"
                          HPOS="930"
                          CONTENT="generari"/>
                  <SP HEIGHT="46" WIDTH="14" VPOS="3061" HPOS="1102"/>
                  <String HEIGHT="46" WIDTH="57" VPOS="3061" HPOS="1045" CONTENT="ex"/>
               </TextLine>
               <TextLine ID="r3l76"
                         BASELINE="3141"
                         HEIGHT="40"
                         WIDTH="835"
                         VPOS="3101"
                         HPOS="276">
                  <String HEIGHT="40"
                          WIDTH="249"
                          VPOS="3101"
                          HPOS="261"
                          CONTENT="accidentibus,"/>
                  <SP HEIGHT="40" WIDTH="15" VPOS="3101" HPOS="510"/>
                  <String HEIGHT="40"
                          WIDTH="103"
                          VPOS="3101"
                          HPOS="466"
                          CONTENT="non"/>
                  <SP HEIGHT="40" WIDTH="15" VPOS="3101" HPOS="569"/>
                  <String HEIGHT="40"
                          WIDTH="234"
                          VPOS="3101"
                          HPOS="525"
                          CONTENT="generarentur"/>
                  <SP HEIGHT="40" WIDTH="15" VPOS="3101" HPOS="759"/>
                  <String HEIGHT="40" WIDTH="88" VPOS="3101" HPOS="715" CONTENT="ex"/>
                  <SP HEIGHT="40" WIDTH="15" VPOS="3101" HPOS="803"/>
                  <String HEIGHT="40"
                          WIDTH="117"
                          VPOS="3101"
                          HPOS="759"
                          CONTENT="tali"/>
                  <SP HEIGHT="40" WIDTH="15" VPOS="3101" HPOS="877"/>
                  <String HEIGHT="40"
                          WIDTH="205"
                          VPOS="3101"
                          HPOS="833"
                          CONTENT="substantia"/>
                  <SP HEIGHT="40" WIDTH="15" VPOS="3101" HPOS="1038"/>
                  <String HEIGHT="40"
                          WIDTH="146"
                          VPOS="3101"
                          HPOS="994"
                          CONTENT="panis,"/>
                  <SP HEIGHT="40" WIDTH="15" VPOS="3101" HPOS="1140"/>
                  <String HEIGHT="40" WIDTH="29" VPOS="3101" HPOS="1082" CONTENT=""/>
               </TextLine>
               <TextLine ID="r3l77"
                         BASELINE="3181"
                         HEIGHT="49"
                         WIDTH="842"
                         VPOS="3132"
                         HPOS="273">
                  <String HEIGHT="49"
                          WIDTH="109"
                          VPOS="3132"
                          HPOS="257"
                          CONTENT="cum"/>
                  <SP HEIGHT="49" WIDTH="16" VPOS="3132" HPOS="367"/>
                  <String HEIGHT="49"
                          WIDTH="203"
                          VPOS="3132"
                          HPOS="320"
                          CONTENT="huiusmodi"/>
                  <SP HEIGHT="49" WIDTH="16" VPOS="3132" HPOS="522"/>
                  <String HEIGHT="49"
                          WIDTH="172"
                          VPOS="3132"
                          HPOS="476"
                          CONTENT="cineres"/>
                  <SP HEIGHT="49" WIDTH="16" VPOS="3132" HPOS="647"/>
                  <String HEIGHT="49"
                          WIDTH="218"
                          VPOS="3132"
                          HPOS="600"
                          CONTENT="generentur"/>
                  <SP HEIGHT="49" WIDTH="16" VPOS="3132" HPOS="819"/>
                  <String HEIGHT="49" WIDTH="94" VPOS="3132" HPOS="772" CONTENT="in"/>
                  <SP HEIGHT="49" WIDTH="16" VPOS="3132" HPOS="866"/>
                  <String HEIGHT="49"
                          WIDTH="140"
                          VPOS="3132"
                          HPOS="819"
                          CONTENT="eodem"/>
                  <SP HEIGHT="49" WIDTH="16" VPOS="3132" HPOS="959"/>
                  <String HEIGHT="49"
                          WIDTH="203"
                          VPOS="3132"
                          HPOS="912"
                          CONTENT="instanti,"/>
                  <SP HEIGHT="49" WIDTH="16" VPOS="3132" HPOS="1115"/>
                  <String HEIGHT="49" WIDTH="62" VPOS="3132" HPOS="1053" CONTENT="in"/>
               </TextLine>
               <TextLine ID="r3l78"
                         BASELINE="3232"
                         HEIGHT="60"
                         WIDTH="830"
                         VPOS="3172"
                         HPOS="278">
                  <String HEIGHT="60"
                          WIDTH="108"
                          VPOS="3172"
                          HPOS="263"
                          CONTENT="quo"/>
                  <SP HEIGHT="60" WIDTH="15" VPOS="3172" HPOS="370"/>
                  <String HEIGHT="60"
                          WIDTH="215"
                          VPOS="3172"
                          HPOS="324"
                          CONTENT="accidentia"/>
                  <SP HEIGHT="60" WIDTH="15" VPOS="3172" HPOS="539"/>
                  <String HEIGHT="60"
                          WIDTH="246"
                          VPOS="3172"
                          HPOS="493"
                          CONTENT="corrumpuntur"/>
                  <SP HEIGHT="60" WIDTH="15" VPOS="3172" HPOS="739"/>
                  <String HEIGHT="60" WIDTH="77" VPOS="3172" HPOS="693" CONTENT=":"/>
                  <SP HEIGHT="60" WIDTH="15" VPOS="3172" HPOS="770"/>
                  <String HEIGHT="60"
                          WIDTH="123"
                          VPOS="3172"
                          HPOS="724"
                          CONTENT="ergo"/>
                  <SP HEIGHT="60" WIDTH="15" VPOS="3172" HPOS="847"/>
                  <String HEIGHT="60" WIDTH="92" VPOS="3172" HPOS="801" CONTENT="si"/>
                  <SP HEIGHT="60" WIDTH="15" VPOS="3172" HPOS="893"/>
                  <String HEIGHT="60"
                          WIDTH="215"
                          VPOS="3172"
                          HPOS="847"
                          CONTENT="substantia"/>
                  <SP HEIGHT="60" WIDTH="15" VPOS="3172" HPOS="1062"/>
                  <String HEIGHT="60"
                          WIDTH="108"
                          VPOS="3172"
                          HPOS="1000"
                          CONTENT="panis"/>
               </TextLine>
            </TextBlock>
            <TextBlock ID="r4" HEIGHT="2972" WIDTH="864" VPOS="287" HPOS="1136">
               <Shape>
                  <Polygon POINTS="1136,287 1136,3259 2000,3259 2000,287"/>
               </Shape>
               <TextLine ID="r4l4"
                         BASELINE="394"
                         HEIGHT="55"
                         WIDTH="848"
                         VPOS="339"
                         HPOS="1140">
                  <String HEIGHT="55"
                          WIDTH="170"
                          VPOS="339"
                          HPOS="1126"
                          CONTENT="praecise"/>
                  <SP HEIGHT="55" WIDTH="14" VPOS="339" HPOS="1295"/>
                  <String HEIGHT="55" WIDTH="85" VPOS="339" HPOS="1253" CONTENT="in"/>
                  <SP HEIGHT="55" WIDTH="14" VPOS="339" HPOS="1338"/>
                  <String HEIGHT="55"
                          WIDTH="184"
                          VPOS="339"
                          HPOS="1295"
                          CONTENT="praedicto"/>
                  <SP HEIGHT="55" WIDTH="14" VPOS="339" HPOS="1479"/>
                  <String HEIGHT="55"
                          WIDTH="170"
                          VPOS="339"
                          HPOS="1437"
                          CONTENT="instanti"/>
                  <SP HEIGHT="55" WIDTH="14" VPOS="339" HPOS="1606"/>
                  <String HEIGHT="55"
                          WIDTH="170"
                          VPOS="339"
                          HPOS="1564"
                          CONTENT="rediret,"/>
                  <SP HEIGHT="55" WIDTH="14" VPOS="339" HPOS="1734"/>
                  <String HEIGHT="55"
                          WIDTH="113"
                          VPOS="339"
                          HPOS="1691"
                          CONTENT="tunc"/>
                  <SP HEIGHT="55" WIDTH="14" VPOS="339" HPOS="1804"/>
                  <String HEIGHT="55"
                          WIDTH="127"
                          VPOS="339"
                          HPOS="1762"
                          CONTENT="simul"/>
                  <SP HEIGHT="55" WIDTH="14" VPOS="339" HPOS="1889"/>
                  <String HEIGHT="55"
                          WIDTH="141"
                          VPOS="339"
                          HPOS="1847"
                          CONTENT="esset,"/>
                  <SP HEIGHT="55" WIDTH="14" VPOS="339" HPOS="1988"/>
                  <String HEIGHT="55" WIDTH="71" VPOS="339" HPOS="1946" CONTENT="&amp;"/>
                  <SP HEIGHT="55" WIDTH="14" VPOS="339" HPOS="2016"/>
                  <String HEIGHT="55" WIDTH="28" VPOS="339" HPOS="1960" CONTENT=""/>
               </TextLine>
               <TextLine ID="r4l5"
                         BASELINE="436"
                         HEIGHT="48"
                         WIDTH="844"
                         VPOS="388"
                         HPOS="1147">
                  <String HEIGHT="48"
                          WIDTH="104"
                          VPOS="388"
                          HPOS="1132"
                          CONTENT="non"/>
                  <SP HEIGHT="48" WIDTH="15" VPOS="388" HPOS="1236"/>
                  <String HEIGHT="48"
                          WIDTH="148"
                          VPOS="388"
                          HPOS="1191"
                          CONTENT="esset."/>
                  <SP HEIGHT="48" WIDTH="15" VPOS="388" HPOS="1339"/>
                  <String HEIGHT="48" WIDTH="89" VPOS="388" HPOS="1295" CONTENT="Et"/>
                  <SP HEIGHT="48" WIDTH="15" VPOS="388" HPOS="1384"/>
                  <String HEIGHT="48"
                          WIDTH="222"
                          VPOS="388"
                          HPOS="1339"
                          CONTENT="confirmatur"/>
                  <SP HEIGHT="48" WIDTH="15" VPOS="388" HPOS="1562"/>
                  <String HEIGHT="48"
                          WIDTH="118"
                          VPOS="388"
                          HPOS="1517"
                          CONTENT="quia"/>
                  <SP HEIGHT="48" WIDTH="15" VPOS="388" HPOS="1636"/>
                  <String HEIGHT="48"
                          WIDTH="148"
                          VPOS="388"
                          HPOS="1591"
                          CONTENT="redire"/>
                  <SP HEIGHT="48" WIDTH="15" VPOS="388" HPOS="1739"/>
                  <String HEIGHT="48" WIDTH="89" VPOS="388" HPOS="1695" CONTENT="ad"/>
                  <SP HEIGHT="48" WIDTH="15" VPOS="388" HPOS="1784"/>
                  <String HEIGHT="48"
                          WIDTH="118"
                          VPOS="388"
                          HPOS="1739"
                          CONTENT="esse"/>
                  <SP HEIGHT="48" WIDTH="15" VPOS="388" HPOS="1858"/>
                  <String HEIGHT="48"
                          WIDTH="104"
                          VPOS="388"
                          HPOS="1813"
                          CONTENT="est"/>
                  <SP HEIGHT="48" WIDTH="15" VPOS="388" HPOS="1917"/>
                  <String HEIGHT="48"
                          WIDTH="133"
                          VPOS="388"
                          HPOS="1858"
                          CONTENT="tendere"/>
               </TextLine>
               <TextLine ID="r4l6"
                         BASELINE="481"
                         HEIGHT="56"
                         WIDTH="828"
                         VPOS="425"
                         HPOS="1145">
                  <String HEIGHT="56" WIDTH="89" VPOS="425" HPOS="1130" CONTENT="id"/>
                  <SP HEIGHT="56" WIDTH="15" VPOS="425" HPOS="1219"/>
                  <String HEIGHT="56"
                          WIDTH="133"
                          VPOS="425"
                          HPOS="1175"
                          CONTENT="esse,"/>
                  <SP HEIGHT="56" WIDTH="15" VPOS="425" HPOS="1308"/>
                  <String HEIGHT="56"
                          WIDTH="177"
                          VPOS="425"
                          HPOS="1263"
                          CONTENT="corrumpi"/>
                  <SP HEIGHT="56" WIDTH="15" VPOS="425" HPOS="1441"/>
                  <String HEIGHT="56"
                          WIDTH="104"
                          VPOS="425"
                          HPOS="1396"
                          CONTENT="est"/>
                  <SP HEIGHT="56" WIDTH="15" VPOS="425" HPOS="1500"/>
                  <String HEIGHT="56"
                          WIDTH="163"
                          VPOS="425"
                          HPOS="1456"
                          CONTENT="tendere"/>
                  <SP HEIGHT="56" WIDTH="15" VPOS="425" HPOS="1618"/>
                  <String HEIGHT="56" WIDTH="89" VPOS="425" HPOS="1574" CONTENT="ad"/>
                  <SP HEIGHT="56" WIDTH="15" VPOS="425" HPOS="1663"/>
                  <String HEIGHT="56"
                          WIDTH="104"
                          VPOS="425"
                          HPOS="1618"
                          CONTENT="non"/>
                  <SP HEIGHT="56" WIDTH="15" VPOS="425" HPOS="1722"/>
                  <String HEIGHT="56"
                          WIDTH="133"
                          VPOS="425"
                          HPOS="1677"
                          CONTENT="esse:"/>
                  <SP HEIGHT="56" WIDTH="15" VPOS="425" HPOS="1810"/>
                  <String HEIGHT="56"
                          WIDTH="118"
                          VPOS="425"
                          HPOS="1766"
                          CONTENT="ergo"/>
                  <SP HEIGHT="56" WIDTH="15" VPOS="425" HPOS="1884"/>
                  <String HEIGHT="56" WIDTH="89" VPOS="425" HPOS="1840" CONTENT="in"/>
                  <SP HEIGHT="56" WIDTH="15" VPOS="425" HPOS="1929"/>
                  <String HEIGHT="56"
                          WIDTH="104"
                          VPOS="425"
                          HPOS="1870"
                          CONTENT="eodem"/>
               </TextLine>
               <TextLine ID="r4l7"
                         BASELINE="509"
                         HEIGHT="48"
                         WIDTH="842"
                         VPOS="461"
                         HPOS="1140">
                  <String HEIGHT="48"
                          WIDTH="168"
                          VPOS="461"
                          HPOS="1126"
                          CONTENT="instanti"/>
                  <SP HEIGHT="48" WIDTH="14" VPOS="461" HPOS="1294"/>
                  <String HEIGHT="48"
                          WIDTH="126"
                          VPOS="461"
                          HPOS="1252"
                          CONTENT="simul"/>
                  <SP HEIGHT="48" WIDTH="14" VPOS="461" HPOS="1379"/>
                  <String HEIGHT="48"
                          WIDTH="168"
                          VPOS="461"
                          HPOS="1336"
                          CONTENT="tenderet"/>
                  <SP HEIGHT="48" WIDTH="14" VPOS="461" HPOS="1505"/>
                  <String HEIGHT="48" WIDTH="84" VPOS="461" HPOS="1463" CONTENT="ad"/>
                  <SP HEIGHT="48" WIDTH="14" VPOS="461" HPOS="1547"/>
                  <String HEIGHT="48"
                          WIDTH="126"
                          VPOS="461"
                          HPOS="1505"
                          CONTENT="esse,"/>
                  <SP HEIGHT="48" WIDTH="14" VPOS="461" HPOS="1631"/>
                  <String HEIGHT="48" WIDTH="70" VPOS="461" HPOS="1589" CONTENT="&amp;"/>
                  <SP HEIGHT="48" WIDTH="14" VPOS="461" HPOS="1659"/>
                  <String HEIGHT="48" WIDTH="84" VPOS="461" HPOS="1617" CONTENT="ad"/>
                  <SP HEIGHT="48" WIDTH="14" VPOS="461" HPOS="1701"/>
                  <String HEIGHT="48" WIDTH="98" VPOS="461" HPOS="1659" CONTENT="non"/>
                  <SP HEIGHT="48" WIDTH="14" VPOS="461" HPOS="1757"/>
                  <String HEIGHT="48"
                          WIDTH="126"
                          VPOS="461"
                          HPOS="1715"
                          CONTENT="esse."/>
                  <SP HEIGHT="48" WIDTH="14" VPOS="461" HPOS="1842"/>
                  <String HEIGHT="48" WIDTH="84" VPOS="461" HPOS="1800" CONTENT="Si"/>
                  <SP HEIGHT="48" WIDTH="14" VPOS="461" HPOS="1884"/>
                  <String HEIGHT="48"
                          WIDTH="126"
                          VPOS="461"
                          HPOS="1842"
                          CONTENT="redit"/>
                  <SP HEIGHT="48" WIDTH="14" VPOS="461" HPOS="1968"/>
                  <String HEIGHT="48"
                          WIDTH="70"
                          VPOS="461"
                          HPOS="1912"
                          CONTENT="an"
                          SUBS_TYPE="HypPart1"
                          SUBS_CONTENT="ante"/>
                  <HYP CONTENT="-"/>
               </TextLine>
               <TextLine ID="r4l8"
                         BASELINE="558"
                         HEIGHT="53"
                         WIDTH="845"
                         VPOS="505"
                         HPOS="1137">
                  <String HEIGHT="53"
                          WIDTH="87"
                          VPOS="505"
                          HPOS="1122"
                          CONTENT="te"
                          SUBS_TYPE="HypPart2"
                          SUBS_CONTENT="ante"/>
                  <SP HEIGHT="53" WIDTH="15" VPOS="505" HPOS="1210"/>
                  <String HEIGHT="53"
                          WIDTH="131"
                          VPOS="505"
                          HPOS="1166"
                          CONTENT="illud"/>
                  <SP HEIGHT="53" WIDTH="15" VPOS="505" HPOS="1297"/>
                  <String HEIGHT="53"
                          WIDTH="175"
                          VPOS="505"
                          HPOS="1254"
                          CONTENT="instans,"/>
                  <SP HEIGHT="53" WIDTH="15" VPOS="505" HPOS="1428"/>
                  <String HEIGHT="53"
                          WIDTH="117"
                          VPOS="505"
                          HPOS="1385"
                          CONTENT="tunc"/>
                  <SP HEIGHT="53" WIDTH="15" VPOS="505" HPOS="1501"/>
                  <String HEIGHT="53"
                          WIDTH="117"
                          VPOS="505"
                          HPOS="1458"
                          CONTENT="quia"/>
                  <SP HEIGHT="53" WIDTH="15" VPOS="505" HPOS="1574"/>
                  <String HEIGHT="53"
                          WIDTH="146"
                          VPOS="505"
                          HPOS="1530"
                          CONTENT="corpus"/>
                  <SP HEIGHT="53" WIDTH="15" VPOS="505" HPOS="1676"/>
                  <String HEIGHT="53"
                          WIDTH="160"
                          VPOS="505"
                          HPOS="1632"
                          CONTENT="Christi"/>
                  <SP HEIGHT="53" WIDTH="15" VPOS="505" HPOS="1793"/>
                  <String HEIGHT="53"
                          WIDTH="102"
                          VPOS="505"
                          HPOS="1749"
                          CONTENT="non"/>
                  <SP HEIGHT="53" WIDTH="15" VPOS="505" HPOS="1851"/>
                  <String HEIGHT="53"
                          WIDTH="160"
                          VPOS="505"
                          HPOS="1807"
                          CONTENT="desinit"/>
                  <SP HEIGHT="53" WIDTH="15" VPOS="505" HPOS="1967"/>
                  <String HEIGHT="53" WIDTH="73" VPOS="505" HPOS="1909" CONTENT="ibi"/>
               </TextLine>
               <TextLine ID="r4l9"
                         BASELINE="599"
                         HEIGHT="55"
                         WIDTH="850"
                         VPOS="544"
                         HPOS="1143">
                  <String HEIGHT="55"
                          WIDTH="126"
                          VPOS="544"
                          HPOS="1127"
                          CONTENT="esse"/>
                  <SP HEIGHT="55" WIDTH="16" VPOS="544" HPOS="1253"/>
                  <String HEIGHT="55"
                          WIDTH="126"
                          VPOS="544"
                          HPOS="1206"
                          CONTENT="ante"/>
                  <SP HEIGHT="55" WIDTH="16" VPOS="544" HPOS="1332"/>
                  <String HEIGHT="55"
                          WIDTH="252"
                          VPOS="544"
                          HPOS="1285"
                          CONTENT="corruptionem"/>
                  <SP HEIGHT="55" WIDTH="16" VPOS="544" HPOS="1537"/>
                  <String HEIGHT="55"
                          WIDTH="252"
                          VPOS="544"
                          HPOS="1489"
                          CONTENT="praedictorum"/>
                  <SP HEIGHT="55" WIDTH="16" VPOS="544" HPOS="1741"/>
                  <String HEIGHT="55"
                          WIDTH="252"
                          VPOS="544"
                          HPOS="1694"
                          CONTENT="accidentium:"/>
                  <SP HEIGHT="55" WIDTH="16" VPOS="544" HPOS="1946"/>
                  <String HEIGHT="55"
                          WIDTH="110"
                          VPOS="544"
                          HPOS="1883"
                          CONTENT="sequi"/>
               </TextLine>
               <TextLine ID="r4l10"
                         BASELINE="620"
                         HEIGHT="40"
                         WIDTH="856"
                         VPOS="580"
                         HPOS="1133">
                  <String HEIGHT="40"
                          WIDTH="118"
                          VPOS="580"
                          HPOS="1118"
                          CONTENT="tur,"/>
                  <SP HEIGHT="40" WIDTH="15" VPOS="580" HPOS="1236"/>
                  <String HEIGHT="40"
                          WIDTH="118"
                          VPOS="580"
                          HPOS="1192"
                          CONTENT="quod"/>
                  <SP HEIGHT="40" WIDTH="15" VPOS="580" HPOS="1310"/>
                  <String HEIGHT="40"
                          WIDTH="133"
                          VPOS="580"
                          HPOS="1266"
                          CONTENT="simul"/>
                  <SP HEIGHT="40" WIDTH="15" VPOS="580" HPOS="1399"/>
                  <String HEIGHT="40"
                          WIDTH="103"
                          VPOS="580"
                          HPOS="1354"
                          CONTENT="sit"/>
                  <SP HEIGHT="40" WIDTH="15" VPOS="580" HPOS="1458"/>
                  <String HEIGHT="40"
                          WIDTH="103"
                          VPOS="580"
                          HPOS="1413"
                          CONTENT="ibi"/>
                  <SP HEIGHT="40" WIDTH="15" VPOS="580" HPOS="1517"/>
                  <String HEIGHT="40"
                          WIDTH="207"
                          VPOS="580"
                          HPOS="1472"
                          CONTENT="substantia"/>
                  <SP HEIGHT="40" WIDTH="15" VPOS="580" HPOS="1679"/>
                  <String HEIGHT="40"
                          WIDTH="133"
                          VPOS="580"
                          HPOS="1635"
                          CONTENT="panis"/>
                  <SP HEIGHT="40" WIDTH="15" VPOS="580" HPOS="1768"/>
                  <String HEIGHT="40"
                          WIDTH="103"
                          VPOS="580"
                          HPOS="1723"
                          CONTENT="cum"/>
                  <SP HEIGHT="40" WIDTH="15" VPOS="580" HPOS="1827"/>
                  <String HEIGHT="40"
                          WIDTH="162"
                          VPOS="580"
                          HPOS="1782"
                          CONTENT="corpore"/>
                  <SP HEIGHT="40" WIDTH="15" VPOS="580" HPOS="1945"/>
                  <String HEIGHT="40"
                          WIDTH="103"
                          VPOS="580"
                          HPOS="1886"
                          CONTENT="Chri"
                          SUBS_TYPE="HypPart1"
                          SUBS_CONTENT="Christi,"/>
                  <HYP CONTENT="-"/>
               </TextLine>
               <TextLine ID="r4l11"
                         BASELINE="674"
                         HEIGHT="57"
                         WIDTH="847"
                         VPOS="617"
                         HPOS="1141">
                  <String HEIGHT="57"
                          WIDTH="119"
                          VPOS="617"
                          HPOS="1126"
                          CONTENT="sti,"
                          SUBS_TYPE="HypPart2"
                          SUBS_CONTENT="Christi,"/>
                  <SP HEIGHT="57" WIDTH="15" VPOS="617" HPOS="1245"/>
                  <String HEIGHT="57"
                          WIDTH="119"
                          VPOS="617"
                          HPOS="1200"
                          CONTENT="quod"/>
                  <SP HEIGHT="57" WIDTH="15" VPOS="617" HPOS="1319"/>
                  <String HEIGHT="57"
                          WIDTH="178"
                          VPOS="617"
                          HPOS="1275"
                          CONTENT="superius"/>
                  <SP HEIGHT="57" WIDTH="15" VPOS="617" HPOS="1453"/>
                  <String HEIGHT="57"
                          WIDTH="104"
                          VPOS="617"
                          HPOS="1408"
                          CONTENT="est"/>
                  <SP HEIGHT="57" WIDTH="15" VPOS="617" HPOS="1512"/>
                  <String HEIGHT="57"
                          WIDTH="223"
                          VPOS="617"
                          HPOS="1468"
                          CONTENT="improbatum."/>
                  <SP HEIGHT="57" WIDTH="15" VPOS="617" HPOS="1691"/>
                  <String HEIGHT="57" WIDTH="89" VPOS="617" HPOS="1646" CONTENT="Si"/>
                  <SP HEIGHT="57" WIDTH="15" VPOS="617" HPOS="1735"/>
                  <String HEIGHT="57"
                          WIDTH="134"
                          VPOS="617"
                          HPOS="1691"
                          CONTENT="autem"/>
                  <SP HEIGHT="57" WIDTH="15" VPOS="617" HPOS="1825"/>
                  <String HEIGHT="57"
                          WIDTH="134"
                          VPOS="617"
                          HPOS="1780"
                          CONTENT="redit"/>
                  <SP HEIGHT="57" WIDTH="15" VPOS="617" HPOS="1914"/>
                  <String HEIGHT="57"
                          WIDTH="119"
                          VPOS="617"
                          HPOS="1869"
                          CONTENT="post"/>
                  <SP HEIGHT="57" WIDTH="15" VPOS="617" HPOS="1988"/>
                  <String HEIGHT="57" WIDTH="59" VPOS="617" HPOS="1929" CONTENT="il"/>
               </TextLine>
               <TextLine ID="r4l12"
                         BASELINE="712"
                         HEIGHT="52"
                         WIDTH="853"
                         VPOS="660"
                         HPOS="1134">
                  <String HEIGHT="52" WIDTH="98" VPOS="660" HPOS="1120" CONTENT="lud"/>
                  <SP HEIGHT="52" WIDTH="14" VPOS="660" HPOS="1218"/>
                  <String HEIGHT="52"
                          WIDTH="168"
                          VPOS="660"
                          HPOS="1176"
                          CONTENT="instans,"/>
                  <SP HEIGHT="52" WIDTH="14" VPOS="660" HPOS="1344"/>
                  <String HEIGHT="52"
                          WIDTH="112"
                          VPOS="660"
                          HPOS="1302"
                          CONTENT="tunc"/>
                  <SP HEIGHT="52" WIDTH="14" VPOS="660" HPOS="1414"/>
                  <String HEIGHT="52"
                          WIDTH="154"
                          VPOS="660"
                          HPOS="1372"
                          CONTENT="frustra"/>
                  <SP HEIGHT="52" WIDTH="14" VPOS="660" HPOS="1526"/>
                  <String HEIGHT="52"
                          WIDTH="168"
                          VPOS="660"
                          HPOS="1484"
                          CONTENT="rediret,"/>
                  <SP HEIGHT="52" WIDTH="14" VPOS="660" HPOS="1651"/>
                  <String HEIGHT="52"
                          WIDTH="112"
                          VPOS="660"
                          HPOS="1609"
                          CONTENT="quia"/>
                  <SP HEIGHT="52" WIDTH="14" VPOS="660" HPOS="1721"/>
                  <String HEIGHT="52"
                          WIDTH="112"
                          VPOS="660"
                          HPOS="1679"
                          CONTENT="tunc"/>
                  <SP HEIGHT="52" WIDTH="14" VPOS="660" HPOS="1791"/>
                  <String HEIGHT="52"
                          WIDTH="126"
                          VPOS="660"
                          HPOS="1749"
                          CONTENT="nihil"/>
                  <SP HEIGHT="52" WIDTH="14" VPOS="660" HPOS="1875"/>
                  <String HEIGHT="52"
                          WIDTH="154"
                          VPOS="660"
                          HPOS="1833"
                          CONTENT="faceret"/>
                  <SP HEIGHT="52" WIDTH="14" VPOS="660" HPOS="1987"/>
                  <String HEIGHT="52" WIDTH="56" VPOS="660" HPOS="1931" CONTENT="ad"/>
               </TextLine>
               <TextLine ID="r4l13"
                         BASELINE="743"
                         HEIGHT="44"
                         WIDTH="827"
                         VPOS="699"
                         HPOS="1154">
                  <String HEIGHT="44"
                          WIDTH="234"
                          VPOS="699"
                          HPOS="1138"
                          CONTENT="enetationem"/>
                  <SP HEIGHT="44" WIDTH="16" VPOS="699" HPOS="1372"/>
                  <String HEIGHT="44"
                          WIDTH="156"
                          VPOS="699"
                          HPOS="1326"
                          CONTENT="talium"/>
                  <SP HEIGHT="44" WIDTH="16" VPOS="699" HPOS="1482"/>
                  <String HEIGHT="44"
                          WIDTH="156"
                          VPOS="699"
                          HPOS="1435"
                          CONTENT="rerum,"/>
                  <SP HEIGHT="44" WIDTH="16" VPOS="699" HPOS="1591"/>
                  <String HEIGHT="44"
                          WIDTH="125"
                          VPOS="699"
                          HPOS="1544"
                          CONTENT="quae"/>
                  <SP HEIGHT="44" WIDTH="16" VPOS="699" HPOS="1669"/>
                  <String HEIGHT="44"
                          WIDTH="187"
                          VPOS="699"
                          HPOS="1622"
                          CONTENT="videntur"/>
                  <SP HEIGHT="44" WIDTH="16" VPOS="699" HPOS="1809"/>
                  <String HEIGHT="44" WIDTH="94" VPOS="699" HPOS="1763" CONTENT="ex"/>
                  <SP HEIGHT="44" WIDTH="16" VPOS="699" HPOS="1856"/>
                  <String HEIGHT="44"
                          WIDTH="187"
                          VPOS="699"
                          HPOS="1794"
                          CONTENT="accidenti"
                          SUBS_TYPE="HypPart1"
                          SUBS_CONTENT="accidentius"/>
                  <HYP CONTENT="-"/>
               </TextLine>
               <TextLine ID="r4l14"
                         BASELINE="796"
                         HEIGHT="60"
                         WIDTH="835"
                         VPOS="736"
                         HPOS="1150">
                  <String HEIGHT="60"
                          WIDTH="88"
                          VPOS="736"
                          HPOS="1135"
                          CONTENT="us"
                          SUBS_TYPE="HypPart2"
                          SUBS_CONTENT="accidentius"/>
                  <SP HEIGHT="60" WIDTH="15" VPOS="736" HPOS="1223"/>
                  <String HEIGHT="60"
                          WIDTH="190"
                          VPOS="736"
                          HPOS="1179"
                          CONTENT="generati,"/>
                  <SP HEIGHT="60" WIDTH="15" VPOS="736" HPOS="1370"/>
                  <String HEIGHT="60"
                          WIDTH="117"
                          VPOS="736"
                          HPOS="1326"
                          CONTENT="cum,"/>
                  <SP HEIGHT="60" WIDTH="15" VPOS="736" HPOS="1443"/>
                  <String HEIGHT="60" WIDTH="88" VPOS="736" HPOS="1399" CONTENT="vt"/>
                  <SP HEIGHT="60" WIDTH="15" VPOS="736" HPOS="1487"/>
                  <String HEIGHT="60"
                          WIDTH="146"
                          VPOS="736"
                          HPOS="1443"
                          CONTENT="dictum"/>
                  <SP HEIGHT="60" WIDTH="15" VPOS="736" HPOS="1589"/>
                  <String HEIGHT="60"
                          WIDTH="117"
                          VPOS="736"
                          HPOS="1546"
                          CONTENT="est,"/>
                  <SP HEIGHT="60" WIDTH="15" VPOS="736" HPOS="1663"/>
                  <String HEIGHT="60"
                          WIDTH="117"
                          VPOS="736"
                          HPOS="1619"
                          CONTENT="illa"/>
                  <SP HEIGHT="60" WIDTH="15" VPOS="736" HPOS="1736"/>
                  <String HEIGHT="60"
                          WIDTH="205"
                          VPOS="736"
                          HPOS="1692"
                          CONTENT="generentur"/>
                  <SP HEIGHT="60" WIDTH="15" VPOS="736" HPOS="1897"/>
                  <String HEIGHT="60" WIDTH="88" VPOS="736" HPOS="1853" CONTENT="in"/>
                  <SP HEIGHT="60" WIDTH="15" VPOS="736" HPOS="1941"/>
                  <String HEIGHT="60"
                          WIDTH="103"
                          VPOS="736"
                          HPOS="1882"
                          CONTENT="eodem"/>
               </TextLine>
               <TextLine ID="r4l15"
                         BASELINE="826"
                         HEIGHT="40"
                         WIDTH="623"
                         VPOS="786"
                         HPOS="1140">
                  <String HEIGHT="40"
                          WIDTH="198"
                          VPOS="786"
                          HPOS="1125"
                          CONTENT="instanti,"/>
                  <SP HEIGHT="40" WIDTH="15" VPOS="786" HPOS="1322"/>
                  <String HEIGHT="40" WIDTH="91" VPOS="786" HPOS="1277" CONTENT="in"/>
                  <SP HEIGHT="40" WIDTH="15" VPOS="786" HPOS="1368"/>
                  <String HEIGHT="40"
                          WIDTH="106"
                          VPOS="786"
                          HPOS="1322"
                          CONTENT="quo"/>
                  <SP HEIGHT="40" WIDTH="15" VPOS="786" HPOS="1429"/>
                  <String HEIGHT="40"
                          WIDTH="213"
                          VPOS="786"
                          HPOS="1383"
                          CONTENT="accidentia"/>
                  <SP HEIGHT="40" WIDTH="15" VPOS="786" HPOS="1596"/>
                  <String HEIGHT="40"
                          WIDTH="228"
                          VPOS="786"
                          HPOS="1535"
                          CONTENT="corrumpuntur."/>
               </TextLine>
               <TextLine ID="r4l16"
                         BASELINE="871"
                         HEIGHT="78"
                         WIDTH="812"
                         VPOS="793"
                         HPOS="1180">
                  <String HEIGHT="78"
                          WIDTH="118"
                          VPOS="793"
                          HPOS="1165"
                          CONTENT="Alij"/>
                  <SP HEIGHT="78" WIDTH="15" VPOS="793" HPOS="1283"/>
                  <String HEIGHT="78"
                          WIDTH="133"
                          VPOS="793"
                          HPOS="1239"
                          CONTENT="sunt,"/>
                  <SP HEIGHT="78" WIDTH="15" VPOS="793" HPOS="1372"/>
                  <String HEIGHT="78"
                          WIDTH="103"
                          VPOS="793"
                          HPOS="1328"
                          CONTENT="qui"/>
                  <SP HEIGHT="78" WIDTH="15" VPOS="793" HPOS="1431"/>
                  <String HEIGHT="78"
                          WIDTH="148"
                          VPOS="793"
                          HPOS="1387"
                          CONTENT="dicunt"/>
                  <SP HEIGHT="78" WIDTH="15" VPOS="793" HPOS="1534"/>
                  <String HEIGHT="78"
                          WIDTH="133"
                          VPOS="793"
                          HPOS="1490"
                          CONTENT="idem,"/>
                  <SP HEIGHT="78" WIDTH="15" VPOS="793" HPOS="1623"/>
                  <String HEIGHT="78"
                          WIDTH="118"
                          VPOS="793"
                          HPOS="1579"
                          CONTENT="quod"/>
                  <SP HEIGHT="78" WIDTH="15" VPOS="793" HPOS="1697"/>
                  <String HEIGHT="78"
                          WIDTH="133"
                          VPOS="793"
                          HPOS="1652"
                          CONTENT="isti,"/>
                  <SP HEIGHT="78" WIDTH="15" VPOS="793" HPOS="1785"/>
                  <String HEIGHT="78"
                          WIDTH="118"
                          VPOS="793"
                          HPOS="1741"
                          CONTENT="nisi"/>
                  <SP HEIGHT="78" WIDTH="15" VPOS="793" HPOS="1859"/>
                  <String HEIGHT="78"
                          WIDTH="118"
                          VPOS="793"
                          HPOS="1815"
                          CONTENT="quod"/>
                  <SP HEIGHT="78" WIDTH="15" VPOS="793" HPOS="1933"/>
                  <String HEIGHT="78"
                          WIDTH="118"
                          VPOS="793"
                          HPOS="1874"
                          CONTENT="magis."/>
               </TextLine>
               <TextLine ID="r4l17"
                         BASELINE="913"
                         HEIGHT="57"
                         WIDTH="843"
                         VPOS="856"
                         HPOS="1140">
                  <String HEIGHT="57"
                          WIDTH="239"
                          VPOS="856"
                          HPOS="1124"
                          CONTENT="determinate"/>
                  <SP HEIGHT="57" WIDTH="16" VPOS="856" HPOS="1363"/>
                  <String HEIGHT="57"
                          WIDTH="207"
                          VPOS="856"
                          HPOS="1315"
                          CONTENT="loquuntur"/>
                  <SP HEIGHT="57" WIDTH="16" VPOS="856" HPOS="1522"/>
                  <String HEIGHT="57"
                          WIDTH="207"
                          VPOS="856"
                          HPOS="1474"
                          CONTENT="dicentes,"/>
                  <SP HEIGHT="57" WIDTH="16" VPOS="856" HPOS="1681"/>
                  <String HEIGHT="57"
                          WIDTH="127"
                          VPOS="856"
                          HPOS="1633"
                          CONTENT="quod"/>
                  <SP HEIGHT="57" WIDTH="16" VPOS="856" HPOS="1760"/>
                  <String HEIGHT="57"
                          WIDTH="223"
                          VPOS="856"
                          HPOS="1713"
                          CONTENT="substantia"/>
                  <SP HEIGHT="57" WIDTH="16" VPOS="856" HPOS="1935"/>
                  <String HEIGHT="57"
                          WIDTH="111"
                          VPOS="856"
                          HPOS="1872"
                          CONTENT="redit"/>
               </TextLine>
               <TextLine ID="r4l18"
                         BASELINE="944"
                         HEIGHT="45"
                         WIDTH="837"
                         VPOS="899"
                         HPOS="1145">
                  <String HEIGHT="45" WIDTH="91" VPOS="899" HPOS="1130" CONTENT="in"/>
                  <SP HEIGHT="45" WIDTH="15" VPOS="899" HPOS="1221"/>
                  <String HEIGHT="45"
                          WIDTH="122"
                          VPOS="899"
                          HPOS="1175"
                          CONTENT="ipso"/>
                  <SP HEIGHT="45" WIDTH="15" VPOS="899" HPOS="1297"/>
                  <String HEIGHT="45"
                          WIDTH="183"
                          VPOS="899"
                          HPOS="1252"
                          CONTENT="instanti"/>
                  <SP HEIGHT="45" WIDTH="15" VPOS="899" HPOS="1434"/>
                  <String HEIGHT="45"
                          WIDTH="243"
                          VPOS="899"
                          HPOS="1388"
                          CONTENT="corruptionis"/>
                  <SP HEIGHT="45" WIDTH="15" VPOS="899" HPOS="1632"/>
                  <String HEIGHT="45"
                          WIDTH="243"
                          VPOS="899"
                          HPOS="1586"
                          CONTENT="praedictorum"/>
                  <SP HEIGHT="45" WIDTH="15" VPOS="899" HPOS="1830"/>
                  <String HEIGHT="45"
                          WIDTH="213"
                          VPOS="899"
                          HPOS="1769"
                          CONTENT="accidentium:"/>
               </TextLine>
               <TextLine ID="r4l19"
                         BASELINE="986"
                         HEIGHT="52"
                         WIDTH="846"
                         VPOS="934"
                         HPOS="1133">
                  <String HEIGHT="52"
                          WIDTH="112"
                          VPOS="934"
                          HPOS="1117"
                          CONTENT="hoc"/>
                  <SP HEIGHT="52" WIDTH="16" VPOS="934" HPOS="1229"/>
                  <String HEIGHT="52"
                          WIDTH="144"
                          VPOS="934"
                          HPOS="1181"
                          CONTENT="tamen"/>
                  <SP HEIGHT="52" WIDTH="16" VPOS="934" HPOS="1325"/>
                  <String HEIGHT="52"
                          WIDTH="112"
                          VPOS="934"
                          HPOS="1277"
                          CONTENT="non"/>
                  <SP HEIGHT="52" WIDTH="16" VPOS="934" HPOS="1388"/>
                  <String HEIGHT="52"
                          WIDTH="192"
                          VPOS="934"
                          HPOS="1341"
                          CONTENT="requirit"/>
                  <SP HEIGHT="52" WIDTH="16" VPOS="934" HPOS="1532"/>
                  <String HEIGHT="52"
                          WIDTH="223"
                          VPOS="934"
                          HPOS="1484"
                          CONTENT="necessario"/>
                  <SP HEIGHT="52" WIDTH="16" VPOS="934" HPOS="1708"/>
                  <String HEIGHT="52"
                          WIDTH="144"
                          VPOS="934"
                          HPOS="1660"
                          CONTENT="ipsum"/>
                  <SP HEIGHT="52" WIDTH="16" VPOS="934" HPOS="1803"/>
                  <String HEIGHT="52"
                          WIDTH="144"
                          VPOS="934"
                          HPOS="1756"
                          CONTENT="agens"/>
                  <SP HEIGHT="52" WIDTH="16" VPOS="934" HPOS="1899"/>
                  <String HEIGHT="52"
                          WIDTH="144"
                          VPOS="934"
                          HPOS="1835"
                          CONTENT="natura"
                          SUBS_TYPE="HypPart1"
                          SUBS_CONTENT="naturase"/>
                  <HYP CONTENT="-"/>
               </TextLine>
               <TextLine ID="r4l20"
                         BASELINE="1019"
                         HEIGHT="44"
                         WIDTH="564"
                         VPOS="975"
                         HPOS="1145">
                  <String HEIGHT="44"
                          WIDTH="97"
                          VPOS="975"
                          HPOS="1129"
                          CONTENT="se"
                          SUBS_TYPE="HypPart2"
                          SUBS_CONTENT="naturase"/>
                  <SP HEIGHT="44" WIDTH="16" VPOS="975" HPOS="1226"/>
                  <String HEIGHT="44"
                          WIDTH="226"
                          VPOS="975"
                          HPOS="1177"
                          CONTENT="corrumpens"/>
                  <SP HEIGHT="44" WIDTH="16" VPOS="975" HPOS="1403"/>
                  <String HEIGHT="44"
                          WIDTH="209"
                          VPOS="975"
                          HPOS="1354"
                          CONTENT="huiusmodi"/>
                  <SP HEIGHT="44" WIDTH="16" VPOS="975" HPOS="1564"/>
                  <String HEIGHT="44"
                          WIDTH="209"
                          VPOS="975"
                          HPOS="1500"
                          CONTENT="accidentia."/>
               </TextLine>
               <TextLine ID="r4l22"
                         BASELINE="1059"
                         HEIGHT="50"
                         WIDTH="805"
                         VPOS="1009"
                         HPOS="1173">
                  <String HEIGHT="50"
                          WIDTH="106"
                          VPOS="1009"
                          HPOS="1158"
                          CONTENT="Sed"/>
                  <SP HEIGHT="50" WIDTH="15" VPOS="1009" HPOS="1264"/>
                  <String HEIGHT="50"
                          WIDTH="152"
                          VPOS="1009"
                          HPOS="1219"
                          CONTENT="contra"/>
                  <SP HEIGHT="50" WIDTH="15" VPOS="1009" HPOS="1370"/>
                  <String HEIGHT="50"
                          WIDTH="137"
                          VPOS="1009"
                          HPOS="1325"
                          CONTENT="istud"/>
                  <SP HEIGHT="50" WIDTH="15" VPOS="1009" HPOS="1462"/>
                  <String HEIGHT="50"
                          WIDTH="152"
                          VPOS="1009"
                          HPOS="1416"
                          CONTENT="potest"/>
                  <SP HEIGHT="50" WIDTH="15" VPOS="1009" HPOS="1568"/>
                  <String HEIGHT="50"
                          WIDTH="137"
                          VPOS="1009"
                          HPOS="1522"
                          CONTENT="argui"/>
                  <SP HEIGHT="50" WIDTH="15" VPOS="1009" HPOS="1659"/>
                  <String HEIGHT="50" WIDTH="91" VPOS="1009" HPOS="1613" CONTENT="ex"/>
                  <SP HEIGHT="50" WIDTH="15" VPOS="1009" HPOS="1705"/>
                  <String HEIGHT="50"
                          WIDTH="122"
                          VPOS="1009"
                          HPOS="1659"
                          CONTENT="his,"/>
                  <SP HEIGHT="50" WIDTH="15" VPOS="1009" HPOS="1781"/>
                  <String HEIGHT="50"
                          WIDTH="122"
                          VPOS="1009"
                          HPOS="1735"
                          CONTENT="quae"/>
                  <SP HEIGHT="50" WIDTH="15" VPOS="1009" HPOS="1856"/>
                  <String HEIGHT="50"
                          WIDTH="106"
                          VPOS="1009"
                          HPOS="1811"
                          CONTENT="iam"/>
                  <SP HEIGHT="50" WIDTH="15" VPOS="1009" HPOS="1917"/>
                  <String HEIGHT="50"
                          WIDTH="122"
                          VPOS="1009"
                          HPOS="1856"
                          CONTENT="adduxi"/>
               </TextLine>
               <TextLine ID="r4l23"
                         BASELINE="1107"
                         HEIGHT="50"
                         WIDTH="846"
                         VPOS="1057"
                         HPOS="1140">
                  <String HEIGHT="50"
                          WIDTH="160"
                          VPOS="1057"
                          HPOS="1124"
                          CONTENT="contra"/>
                  <SP HEIGHT="50" WIDTH="16" VPOS="1057" HPOS="1284"/>
                  <String HEIGHT="50"
                          WIDTH="208"
                          VPOS="1057"
                          HPOS="1236"
                          CONTENT="opinionem"/>
                  <SP HEIGHT="50" WIDTH="16" VPOS="1057" HPOS="1443"/>
                  <String HEIGHT="50"
                          WIDTH="176"
                          VPOS="1057"
                          HPOS="1395"
                          CONTENT="proxime"/>
                  <SP HEIGHT="50" WIDTH="16" VPOS="1057" HPOS="1571"/>
                  <String HEIGHT="50"
                          WIDTH="271"
                          VPOS="1057"
                          HPOS="1523"
                          CONTENT="praecedentem."/>
                  <SP HEIGHT="50" WIDTH="16" VPOS="1057" HPOS="1794"/>
                  <String HEIGHT="50"
                          WIDTH="223"
                          VPOS="1057"
                          HPOS="1747"
                          CONTENT="Praeterea,"/>
                  <SP HEIGHT="50" WIDTH="16" VPOS="1057" HPOS="1970"/>
                  <String HEIGHT="50"
                          WIDTH="80"
                          VPOS="1057"
                          HPOS="1906"
                          CONTENT="nul"/>
               </TextLine>
               <TextLine ID="r4l24"
                         BASELINE="1147"
                         HEIGHT="58"
                         WIDTH="838"
                         VPOS="1089"
                         HPOS="1138">
                  <String HEIGHT="58" WIDTH="87" VPOS="1089" HPOS="1124" CONTENT="la"/>
                  <SP HEIGHT="58" WIDTH="14" VPOS="1089" HPOS="1210"/>
                  <String HEIGHT="58"
                          WIDTH="130"
                          VPOS="1089"
                          HPOS="1167"
                          CONTENT="actio"/>
                  <SP HEIGHT="58" WIDTH="14" VPOS="1089" HPOS="1297"/>
                  <String HEIGHT="58"
                          WIDTH="202"
                          VPOS="1089"
                          HPOS="1254"
                          CONTENT="corruptiua"/>
                  <SP HEIGHT="58" WIDTH="14" VPOS="1089" HPOS="1456"/>
                  <String HEIGHT="58"
                          WIDTH="231"
                          VPOS="1089"
                          HPOS="1413"
                          CONTENT="eucharistiae"/>
                  <SP HEIGHT="58" WIDTH="14" VPOS="1089" HPOS="1644"/>
                  <String HEIGHT="58"
                          WIDTH="173"
                          VPOS="1089"
                          HPOS="1600"
                          CONTENT="requirit"/>
                  <SP HEIGHT="58" WIDTH="14" VPOS="1089" HPOS="1774"/>
                  <String HEIGHT="58"
                          WIDTH="217"
                          VPOS="1089"
                          HPOS="1730"
                          CONTENT="substantiam"/>
                  <SP HEIGHT="58" WIDTH="14" VPOS="1089" HPOS="1947"/>
                  <String HEIGHT="58"
                          WIDTH="87"
                          VPOS="1089"
                          HPOS="1889"
                          CONTENT="redi"/>
               </TextLine>
               <TextLine ID="r4l25"
                         BASELINE="1180"
                         HEIGHT="44"
                         WIDTH="838"
                         VPOS="1136"
                         HPOS="1147">
                  <String HEIGHT="44"
                          WIDTH="103"
                          VPOS="1136"
                          HPOS="1132"
                          CONTENT="re:"/>
                  <SP HEIGHT="44" WIDTH="15" VPOS="1136" HPOS="1235"/>
                  <String HEIGHT="44"
                          WIDTH="118"
                          VPOS="1136"
                          HPOS="1191"
                          CONTENT="ergo"/>
                  <SP HEIGHT="44" WIDTH="15" VPOS="1136" HPOS="1309"/>
                  <String HEIGHT="44"
                          WIDTH="191"
                          VPOS="1136"
                          HPOS="1265"
                          CONTENT="huiusmodi"/>
                  <SP HEIGHT="44" WIDTH="15" VPOS="1136" HPOS="1456"/>
                  <String HEIGHT="44"
                          WIDTH="206"
                          VPOS="1136"
                          HPOS="1412"
                          CONTENT="substantia"/>
                  <SP HEIGHT="44" WIDTH="15" VPOS="1136" HPOS="1617"/>
                  <String HEIGHT="44" WIDTH="88" VPOS="1136" HPOS="1573" CONTENT="in"/>
                  <SP HEIGHT="44" WIDTH="15" VPOS="1136" HPOS="1662"/>
                  <String HEIGHT="44"
                          WIDTH="235"
                          VPOS="1136"
                          HPOS="1617"
                          CONTENT="destructione"/>
                  <SP HEIGHT="44" WIDTH="15" VPOS="1136" HPOS="1853"/>
                  <String HEIGHT="44"
                          WIDTH="191"
                          VPOS="1136"
                          HPOS="1794"
                          CONTENT="accidentium"/>
               </TextLine>
               <TextLine ID="r4l26"
                         BASELINE="1216"
                         HEIGHT="43"
                         WIDTH="832"
                         VPOS="1173"
                         HPOS="1137">
                  <String HEIGHT="43"
                          WIDTH="247"
                          VPOS="1173"
                          HPOS="1122"
                          CONTENT="cucharistiae"/>
                  <SP HEIGHT="43" WIDTH="15" VPOS="1173" HPOS="1368"/>
                  <String HEIGHT="43"
                          WIDTH="108"
                          VPOS="1173"
                          HPOS="1322"
                          CONTENT="non"/>
                  <SP HEIGHT="43" WIDTH="15" VPOS="1173" HPOS="1430"/>
                  <String HEIGHT="43"
                          WIDTH="185"
                          VPOS="1173"
                          HPOS="1384"
                          CONTENT="redibit."/>
                  <SP HEIGHT="43" WIDTH="15" VPOS="1173" HPOS="1568"/>
                  <String HEIGHT="43"
                          WIDTH="216"
                          VPOS="1173"
                          HPOS="1522"
                          CONTENT="Antecedens"/>
                  <SP HEIGHT="43" WIDTH="15" VPOS="1173" HPOS="1738"/>
                  <String HEIGHT="43"
                          WIDTH="154"
                          VPOS="1173"
                          HPOS="1692"
                          CONTENT="patet:"/>
                  <SP HEIGHT="43" WIDTH="15" VPOS="1173" HPOS="1846"/>
                  <String HEIGHT="43"
                          WIDTH="123"
                          VPOS="1173"
                          HPOS="1800"
                          CONTENT="quia"/>
                  <SP HEIGHT="43" WIDTH="15" VPOS="1173" HPOS="1923"/>
                  <String HEIGHT="43"
                          WIDTH="108"
                          VPOS="1173"
                          HPOS="1861"
                          CONTENT="omni"
                          SUBS_TYPE="HypPart1"
                          SUBS_CONTENT="omniactio"/>
                  <HYP CONTENT="-"/>
               </TextLine>
               <TextLine ID="r4l27"
                         BASELINE="1255"
                         HEIGHT="44"
                         WIDTH="835"
                         VPOS="1211"
                         HPOS="1147">
                  <String HEIGHT="44"
                          WIDTH="145"
                          VPOS="1211"
                          HPOS="1131"
                          CONTENT="actio"
                          SUBS_TYPE="HypPart2"
                          SUBS_CONTENT="omniactio"/>
                  <SP HEIGHT="44" WIDTH="16" VPOS="1211" HPOS="1275"/>
                  <String HEIGHT="44"
                          WIDTH="225"
                          VPOS="1211"
                          HPOS="1227"
                          CONTENT="concurrens"/>
                  <SP HEIGHT="44" WIDTH="16" VPOS="1211" HPOS="1452"/>
                  <String HEIGHT="44" WIDTH="96" VPOS="1211" HPOS="1404" CONTENT="ad"/>
                  <SP HEIGHT="44" WIDTH="16" VPOS="1211" HPOS="1500"/>
                  <String HEIGHT="44"
                          WIDTH="225"
                          VPOS="1211"
                          HPOS="1452"
                          CONTENT="praedictam"/>
                  <SP HEIGHT="44" WIDTH="16" VPOS="1211" HPOS="1677"/>
                  <String HEIGHT="44"
                          WIDTH="273"
                          VPOS="1211"
                          HPOS="1629"
                          CONTENT="corruptionem,"/>
                  <SP HEIGHT="44" WIDTH="16" VPOS="1211" HPOS="1902"/>
                  <String HEIGHT="44"
                          WIDTH="112"
                          VPOS="1211"
                          HPOS="1854"
                          CONTENT="vel"/>
                  <SP HEIGHT="44" WIDTH="16" VPOS="1211" HPOS="1966"/>
                  <String HEIGHT="44"
                          WIDTH="80"
                          VPOS="1211"
                          HPOS="1902"
                          CONTENT="est"/>
               </TextLine>
               <TextLine ID="r4l28"
                         BASELINE="1306"
                         HEIGHT="56"
                         WIDTH="851"
                         VPOS="1250"
                         HPOS="1149">
                  <String HEIGHT="56"
                          WIDTH="128"
                          VPOS="1250"
                          HPOS="1135"
                          CONTENT="ictio"/>
                  <SP HEIGHT="56" WIDTH="14" VPOS="1250" HPOS="1262"/>
                  <String HEIGHT="56"
                          WIDTH="113"
                          VPOS="1250"
                          HPOS="1220"
                          CONTENT="Dei,"/>
                  <SP HEIGHT="56" WIDTH="14" VPOS="1250" HPOS="1333"/>
                  <String HEIGHT="56"
                          WIDTH="99"
                          VPOS="1250"
                          HPOS="1291"
                          CONTENT="vel"/>
                  <SP HEIGHT="56" WIDTH="14" VPOS="1250" HPOS="1390"/>
                  <String HEIGHT="56"
                          WIDTH="128"
                          VPOS="1250"
                          HPOS="1348"
                          CONTENT="actio"/>
                  <SP HEIGHT="56" WIDTH="14" VPOS="1250" HPOS="1475"/>
                  <String HEIGHT="56"
                          WIDTH="184"
                          VPOS="1250"
                          HPOS="1433"
                          CONTENT="naturalis"/>
                  <SP HEIGHT="56" WIDTH="14" VPOS="1250" HPOS="1617"/>
                  <String HEIGHT="56"
                          WIDTH="170"
                          VPOS="1250"
                          HPOS="1575"
                          CONTENT="agentis:"/>
                  <SP HEIGHT="56" WIDTH="14" VPOS="1250" HPOS="1745"/>
                  <String HEIGHT="56"
                          WIDTH="99"
                          VPOS="1250"
                          HPOS="1702"
                          CONTENT="Sed"/>
                  <SP HEIGHT="56" WIDTH="14" VPOS="1250" HPOS="1801"/>
                  <String HEIGHT="56"
                          WIDTH="128"
                          VPOS="1250"
                          HPOS="1759"
                          CONTENT="actio"/>
                  <SP HEIGHT="56" WIDTH="14" VPOS="1250" HPOS="1887"/>
                  <String HEIGHT="56"
                          WIDTH="170"
                          VPOS="1250"
                          HPOS="1830"
                          CONTENT="naturalis."/>
               </TextLine>
               <TextLine ID="r4l29"
                         BASELINE="1345"
                         HEIGHT="51"
                         WIDTH="848"
                         VPOS="1294"
                         HPOS="1140">
                  <String HEIGHT="51"
                          WIDTH="164"
                          VPOS="1294"
                          HPOS="1125"
                          CONTENT="agentis"/>
                  <SP HEIGHT="51" WIDTH="15" VPOS="1294" HPOS="1289"/>
                  <String HEIGHT="51"
                          WIDTH="104"
                          VPOS="1294"
                          HPOS="1244"
                          CONTENT="non"/>
                  <SP HEIGHT="51" WIDTH="15" VPOS="1294" HPOS="1348"/>
                  <String HEIGHT="51"
                          WIDTH="179"
                          VPOS="1294"
                          HPOS="1304"
                          CONTENT="requirit"/>
                  <SP HEIGHT="51" WIDTH="15" VPOS="1294" HPOS="1482"/>
                  <String HEIGHT="51"
                          WIDTH="164"
                          VPOS="1294"
                          HPOS="1438"
                          CONTENT="reditum"/>
                  <SP HEIGHT="51" WIDTH="15" VPOS="1294" HPOS="1601"/>
                  <String HEIGHT="51"
                          WIDTH="104"
                          VPOS="1294"
                          HPOS="1557"
                          CONTENT="iam"/>
                  <SP HEIGHT="51" WIDTH="15" VPOS="1294" HPOS="1661"/>
                  <String HEIGHT="51"
                          WIDTH="149"
                          VPOS="1294"
                          HPOS="1616"
                          CONTENT="dictae"/>
                  <SP HEIGHT="51" WIDTH="15" VPOS="1294" HPOS="1765"/>
                  <String HEIGHT="51"
                          WIDTH="238"
                          VPOS="1294"
                          HPOS="1720"
                          CONTENT="substantiae:"/>
                  <SP HEIGHT="51" WIDTH="15" VPOS="1294" HPOS="1958"/>
                  <String HEIGHT="51"
                          WIDTH="89"
                          VPOS="1294"
                          HPOS="1899"
                          CONTENT="quia"/>
               </TextLine>
               <TextLine ID="r4l30"
                         BASELINE="1376"
                         HEIGHT="44"
                         WIDTH="835"
                         VPOS="1332"
                         HPOS="1143">
                  <String HEIGHT="44" WIDTH="93" VPOS="1332" HPOS="1128" CONTENT="vt"/>
                  <SP HEIGHT="44" WIDTH="15" VPOS="1332" HPOS="1220"/>
                  <String HEIGHT="44"
                          WIDTH="124"
                          VPOS="1332"
                          HPOS="1174"
                          CONTENT="isti"/>
                  <SP HEIGHT="44" WIDTH="15" VPOS="1332" HPOS="1298"/>
                  <String HEIGHT="44"
                          WIDTH="170"
                          VPOS="1332"
                          HPOS="1251"
                          CONTENT="dicunt,"/>
                  <SP HEIGHT="44" WIDTH="15" VPOS="1332" HPOS="1421"/>
                  <String HEIGHT="44"
                          WIDTH="186"
                          VPOS="1332"
                          HPOS="1375"
                          CONTENT="naturale"/>
                  <SP HEIGHT="44" WIDTH="15" VPOS="1332" HPOS="1561"/>
                  <String HEIGHT="44"
                          WIDTH="139"
                          VPOS="1332"
                          HPOS="1514"
                          CONTENT="agens"/>
                  <SP HEIGHT="44" WIDTH="15" VPOS="1332" HPOS="1653"/>
                  <String HEIGHT="44"
                          WIDTH="155"
                          VPOS="1332"
                          HPOS="1607"
                          CONTENT="potest"/>
                  <SP HEIGHT="44" WIDTH="15" VPOS="1332" HPOS="1762"/>
                  <String HEIGHT="44"
                          WIDTH="201"
                          VPOS="1332"
                          HPOS="1715"
                          CONTENT="alterare,"/>
                  <SP HEIGHT="44" WIDTH="15" VPOS="1332" HPOS="1916"/>
                  <String HEIGHT="44" WIDTH="77" VPOS="1332" HPOS="1870" CONTENT="&amp;"/>
                  <SP HEIGHT="44" WIDTH="15" VPOS="1332" HPOS="1947"/>
                  <String HEIGHT="44"
                          WIDTH="93"
                          VPOS="1332"
                          HPOS="1885"
                          CONTENT="cor"
                          SUBS_TYPE="HypPart1"
                          SUBS_CONTENT="corrumpere"/>
                  <HYP CONTENT="-"/>
               </TextLine>
               <TextLine ID="r4l31"
                         BASELINE="1418"
                         HEIGHT="42"
                         WIDTH="848"
                         VPOS="1376"
                         HPOS="1141">
                  <String HEIGHT="42"
                          WIDTH="161"
                          VPOS="1376"
                          HPOS="1126"
                          CONTENT="rumpere"
                          SUBS_TYPE="HypPart2"
                          SUBS_CONTENT="corrumpere"/>
                  <SP HEIGHT="42" WIDTH="15" VPOS="1376" HPOS="1287"/>
                  <String HEIGHT="42"
                          WIDTH="117"
                          VPOS="1376"
                          HPOS="1243"
                          CONTENT="ista"/>
                  <SP HEIGHT="42" WIDTH="15" VPOS="1376" HPOS="1360"/>
                  <String HEIGHT="42"
                          WIDTH="219"
                          VPOS="1376"
                          HPOS="1316"
                          CONTENT="accidentia,"/>
                  <SP HEIGHT="42" WIDTH="15" VPOS="1376" HPOS="1536"/>
                  <String HEIGHT="42"
                          WIDTH="132"
                          VPOS="1376"
                          HPOS="1492"
                          CONTENT="etiam"/>
                  <SP HEIGHT="42" WIDTH="15" VPOS="1376" HPOS="1623"/>
                  <String HEIGHT="42" WIDTH="88" VPOS="1376" HPOS="1580" CONTENT="si"/>
                  <SP HEIGHT="42" WIDTH="15" VPOS="1376" HPOS="1667"/>
                  <String HEIGHT="42"
                          WIDTH="132"
                          VPOS="1376"
                          HPOS="1623"
                          CONTENT="nulla"/>
                  <SP HEIGHT="42" WIDTH="15" VPOS="1376" HPOS="1755"/>
                  <String HEIGHT="42"
                          WIDTH="205"
                          VPOS="1376"
                          HPOS="1711"
                          CONTENT="substantia"/>
                  <SP HEIGHT="42" WIDTH="15" VPOS="1376" HPOS="1916"/>
                  <String HEIGHT="42"
                          WIDTH="132"
                          VPOS="1376"
                          HPOS="1857"
                          CONTENT="redeat:"/>
               </TextLine>
               <TextLine ID="r4l32"
                         BASELINE="1457"
                         HEIGHT="49"
                         WIDTH="832"
                         VPOS="1408"
                         HPOS="1153">
                  <String HEIGHT="49"
                          WIDTH="131"
                          VPOS="1408"
                          HPOS="1137"
                          CONTENT="ergo"/>
                  <SP HEIGHT="49" WIDTH="16" VPOS="1408" HPOS="1267"/>
                  <String HEIGHT="49"
                          WIDTH="147"
                          VPOS="1408"
                          HPOS="1218"
                          CONTENT="multo"/>
                  <SP HEIGHT="49" WIDTH="16" VPOS="1408" HPOS="1365"/>
                  <String HEIGHT="49"
                          WIDTH="147"
                          VPOS="1408"
                          HPOS="1316"
                          CONTENT="minus"/>
                  <SP HEIGHT="49" WIDTH="16" VPOS="1408" HPOS="1463"/>
                  <String HEIGHT="49"
                          WIDTH="147"
                          VPOS="1408"
                          HPOS="1414"
                          CONTENT="actio"/>
                  <SP HEIGHT="49" WIDTH="16" VPOS="1408" HPOS="1561"/>
                  <String HEIGHT="49"
                          WIDTH="131"
                          VPOS="1408"
                          HPOS="1512"
                          CONTENT="Dei,"/>
                  <SP HEIGHT="49" WIDTH="16" VPOS="1408" HPOS="1642"/>
                  <String HEIGHT="49" WIDTH="82" VPOS="1408" HPOS="1593" CONTENT="&amp;"/>
                  <SP HEIGHT="49" WIDTH="16" VPOS="1408" HPOS="1675"/>
                  <String HEIGHT="49"
                          WIDTH="114"
                          VPOS="1408"
                          HPOS="1626"
                          CONTENT="per"/>
                  <SP HEIGHT="49" WIDTH="16" VPOS="1408" HPOS="1740"/>
                  <String HEIGHT="49"
                          WIDTH="228"
                          VPOS="1408"
                          HPOS="1691"
                          CONTENT="consequens"/>
                  <SP HEIGHT="49" WIDTH="16" VPOS="1408" HPOS="1920"/>
                  <String HEIGHT="49"
                          WIDTH="131"
                          VPOS="1408"
                          HPOS="1854"
                          CONTENT="nulla"
                          SUBS_TYPE="HypPart1"
                          SUBS_CONTENT="nullaConsequentiam"/>
                  <HYP CONTENT="-"/>
               </TextLine>
               <TextLine ID="r4l33"
                         BASELINE="1496"
                         HEIGHT="51"
                         WIDTH="837"
                         VPOS="1445"
                         HPOS="1149">
                  <String HEIGHT="51"
                          WIDTH="250"
                          VPOS="1445"
                          HPOS="1134"
                          CONTENT="Consequentiam"
                          SUBS_TYPE="HypPart2"
                          SUBS_CONTENT="nullaConsequentiam"/>
                  <SP HEIGHT="51" WIDTH="15" VPOS="1445" HPOS="1384"/>
                  <String HEIGHT="51"
                          WIDTH="147"
                          VPOS="1445"
                          HPOS="1340"
                          CONTENT="probo,"/>
                  <SP HEIGHT="51" WIDTH="15" VPOS="1445" HPOS="1487"/>
                  <String HEIGHT="51"
                          WIDTH="117"
                          VPOS="1445"
                          HPOS="1443"
                          CONTENT="quia"/>
                  <SP HEIGHT="51" WIDTH="15" VPOS="1445" HPOS="1560"/>
                  <String HEIGHT="51" WIDTH="88" VPOS="1445" HPOS="1516" CONTENT="si"/>
                  <SP HEIGHT="51" WIDTH="15" VPOS="1445" HPOS="1604"/>
                  <String HEIGHT="51"
                          WIDTH="162"
                          VPOS="1445"
                          HPOS="1560"
                          CONTENT="rediret"/>
                  <SP HEIGHT="51" WIDTH="15" VPOS="1445" HPOS="1722"/>
                  <String HEIGHT="51"
                          WIDTH="220"
                          VPOS="1445"
                          HPOS="1678"
                          CONTENT="substantia,"/>
                  <SP HEIGHT="51" WIDTH="15" VPOS="1445" HPOS="1898"/>
                  <String HEIGHT="51"
                          WIDTH="103"
                          VPOS="1445"
                          HPOS="1854"
                          CONTENT="cum"/>
                  <SP HEIGHT="51" WIDTH="15" VPOS="1445" HPOS="1957"/>
                  <String HEIGHT="51"
                          WIDTH="88"
                          VPOS="1445"
                          HPOS="1898"
                          CONTENT="nul"
                          SUBS_TYPE="HypPart1"
                          SUBS_CONTENT="nullius"/>
                  <HYP CONTENT="-"/>
               </TextLine>
               <TextLine ID="r4l34"
                         BASELINE="1533"
                         HEIGHT="49"
                         WIDTH="827"
                         VPOS="1484"
                         HPOS="1149">
                  <String HEIGHT="49"
                          WIDTH="112"
                          VPOS="1484"
                          HPOS="1135"
                          CONTENT="lius"
                          SUBS_TYPE="HypPart2"
                          SUBS_CONTENT="nullius"/>
                  <SP HEIGHT="49" WIDTH="14" VPOS="1484" HPOS="1247"/>
                  <String HEIGHT="49"
                          WIDTH="154"
                          VPOS="1484"
                          HPOS="1205"
                          CONTENT="agentis"/>
                  <SP HEIGHT="49" WIDTH="14" VPOS="1484" HPOS="1359"/>
                  <String HEIGHT="49"
                          WIDTH="126"
                          VPOS="1484"
                          HPOS="1317"
                          CONTENT="actio"/>
                  <SP HEIGHT="49" WIDTH="14" VPOS="1484" HPOS="1443"/>
                  <String HEIGHT="49"
                          WIDTH="98"
                          VPOS="1484"
                          HPOS="1401"
                          CONTENT="hoc"/>
                  <SP HEIGHT="49" WIDTH="14" VPOS="1484" HPOS="1499"/>
                  <String HEIGHT="49"
                          WIDTH="182"
                          VPOS="1484"
                          HPOS="1457"
                          CONTENT="requirat,"/>
                  <SP HEIGHT="49" WIDTH="14" VPOS="1484" HPOS="1640"/>
                  <String HEIGHT="49"
                          WIDTH="112"
                          VPOS="1484"
                          HPOS="1598"
                          CONTENT="tunc"/>
                  <SP HEIGHT="49" WIDTH="14" VPOS="1484" HPOS="1710"/>
                  <String HEIGHT="49"
                          WIDTH="154"
                          VPOS="1484"
                          HPOS="1668"
                          CONTENT="frustra"/>
                  <SP HEIGHT="49" WIDTH="14" VPOS="1484" HPOS="1822"/>
                  <String HEIGHT="49"
                          WIDTH="168"
                          VPOS="1484"
                          HPOS="1780"
                          CONTENT="rediret:"/>
                  <SP HEIGHT="49" WIDTH="14" VPOS="1484" HPOS="1948"/>
                  <String HEIGHT="49"
                          WIDTH="84"
                          VPOS="1484"
                          HPOS="1892"
                          CONTENT="Deus"/>
               </TextLine>
               <TextLine ID="r4l35"
                         BASELINE="1573"
                         HEIGHT="48"
                         WIDTH="835"
                         VPOS="1525"
                         HPOS="1144">
                  <String HEIGHT="48"
                          WIDTH="133"
                          VPOS="1525"
                          HPOS="1131"
                          CONTENT="autem,"/>
                  <SP HEIGHT="48" WIDTH="13" VPOS="1525" HPOS="1263"/>
                  <String HEIGHT="48" WIDTH="66" VPOS="1525" HPOS="1224" CONTENT="&amp;"/>
                  <SP HEIGHT="48" WIDTH="13" VPOS="1525" HPOS="1290"/>
                  <String HEIGHT="48"
                          WIDTH="133"
                          VPOS="1525"
                          HPOS="1250"
                          CONTENT="natura"/>
                  <SP HEIGHT="48" WIDTH="13" VPOS="1525" HPOS="1383"/>
                  <String HEIGHT="48"
                          WIDTH="119"
                          VPOS="1525"
                          HPOS="1343"
                          CONTENT="nihil"/>
                  <SP HEIGHT="48" WIDTH="13" VPOS="1525" HPOS="1462"/>
                  <String HEIGHT="48"
                          WIDTH="146"
                          VPOS="1525"
                          HPOS="1422"
                          CONTENT="faciunt"/>
                  <SP HEIGHT="48" WIDTH="13" VPOS="1525" HPOS="1568"/>
                  <String HEIGHT="48"
                          WIDTH="159"
                          VPOS="1525"
                          HPOS="1528"
                          CONTENT="frustra,"/>
                  <SP HEIGHT="48" WIDTH="13" VPOS="1525" HPOS="1687"/>
                  <String HEIGHT="48" WIDTH="80" VPOS="1525" HPOS="1648" CONTENT="vt"/>
                  <SP HEIGHT="48" WIDTH="13" VPOS="1525" HPOS="1727"/>
                  <String HEIGHT="48"
                          WIDTH="159"
                          VPOS="1525"
                          HPOS="1687"
                          CONTENT="dicitur."/>
                  <SP HEIGHT="48" WIDTH="13" VPOS="1525" HPOS="1846"/>
                  <String HEIGHT="48" WIDTH="80" VPOS="1525" HPOS="1807" CONTENT="1."/>
                  <SP HEIGHT="48" WIDTH="13" VPOS="1525" HPOS="1886"/>
                  <String HEIGHT="48"
                          WIDTH="133"
                          VPOS="1525"
                          HPOS="1846"
                          CONTENT="coeli,"/>
                  <SP HEIGHT="48" WIDTH="13" VPOS="1525" HPOS="1979"/>
                  <String HEIGHT="48" WIDTH="66" VPOS="1525" HPOS="1939" CONTENT="&amp;"/>
                  <SP HEIGHT="48" WIDTH="13" VPOS="1525" HPOS="2006"/>
                  <String HEIGHT="48" WIDTH="27" VPOS="1525" HPOS="1952" CONTENT=""/>
               </TextLine>
               <TextLine ID="r4l36"
                         BASELINE="1618"
                         HEIGHT="52"
                         WIDTH="836"
                         VPOS="1566"
                         HPOS="1144">
                  <String HEIGHT="52"
                          WIDTH="155"
                          VPOS="1566"
                          HPOS="1129"
                          CONTENT="mundi,"/>
                  <SP HEIGHT="52" WIDTH="15" VPOS="1566" HPOS="1283"/>
                  <String HEIGHT="52"
                          WIDTH="139"
                          VPOS="1566"
                          HPOS="1237"
                          CONTENT="Etiam"/>
                  <SP HEIGHT="52" WIDTH="15" VPOS="1566" HPOS="1376"/>
                  <String HEIGHT="52"
                          WIDTH="155"
                          VPOS="1566"
                          HPOS="1330"
                          CONTENT="plures"/>
                  <SP HEIGHT="52" WIDTH="15" VPOS="1566" HPOS="1485"/>
                  <String HEIGHT="52"
                          WIDTH="124"
                          VPOS="1566"
                          HPOS="1438"
                          CONTENT="sunt"/>
                  <SP HEIGHT="52" WIDTH="15" VPOS="1566" HPOS="1562"/>
                  <String HEIGHT="52"
                          WIDTH="124"
                          VPOS="1566"
                          HPOS="1516"
                          CONTENT="alij"/>
                  <SP HEIGHT="52" WIDTH="15" VPOS="1566" HPOS="1639"/>
                  <String HEIGHT="52"
                          WIDTH="124"
                          VPOS="1566"
                          HPOS="1593"
                          CONTENT="modi"/>
                  <SP HEIGHT="52" WIDTH="15" VPOS="1566" HPOS="1717"/>
                  <String HEIGHT="52"
                          WIDTH="170"
                          VPOS="1566"
                          HPOS="1670"
                          CONTENT="dicendi"/>
                  <SP HEIGHT="52" WIDTH="15" VPOS="1566" HPOS="1841"/>
                  <String HEIGHT="52"
                          WIDTH="139"
                          VPOS="1566"
                          HPOS="1794"
                          CONTENT="circa"/>
                  <SP HEIGHT="52" WIDTH="15" VPOS="1566" HPOS="1934"/>
                  <String HEIGHT="52"
                          WIDTH="108"
                          VPOS="1566"
                          HPOS="1872"
                          CONTENT="istam"/>
               </TextLine>
               <TextLine ID="r4l37"
                         BASELINE="1657"
                         HEIGHT="54"
                         WIDTH="840"
                         VPOS="1603"
                         HPOS="1145">
                  <String HEIGHT="54"
                          WIDTH="202"
                          VPOS="1603"
                          HPOS="1129"
                          CONTENT="materiam,"/>
                  <SP HEIGHT="54" WIDTH="16" VPOS="1603" HPOS="1332"/>
                  <String HEIGHT="54"
                          WIDTH="124"
                          VPOS="1603"
                          HPOS="1285"
                          CONTENT="quas"/>
                  <SP HEIGHT="54" WIDTH="16" VPOS="1603" HPOS="1409"/>
                  <String HEIGHT="54"
                          WIDTH="202"
                          VPOS="1603"
                          HPOS="1363"
                          CONTENT="recitare,"/>
                  <SP HEIGHT="54" WIDTH="16" VPOS="1603" HPOS="1565"/>
                  <String HEIGHT="54" WIDTH="78" VPOS="1603" HPOS="1518" CONTENT="&amp;"/>
                  <SP HEIGHT="54" WIDTH="16" VPOS="1603" HPOS="1596"/>
                  <String HEIGHT="54"
                          WIDTH="202"
                          VPOS="1603"
                          HPOS="1549"
                          CONTENT="improbare"/>
                  <SP HEIGHT="54" WIDTH="16" VPOS="1603" HPOS="1752"/>
                  <String HEIGHT="54" WIDTH="93" VPOS="1603" HPOS="1705" CONTENT="ad"/>
                  <SP HEIGHT="54" WIDTH="16" VPOS="1603" HPOS="1798"/>
                  <String HEIGHT="54"
                          WIDTH="187"
                          VPOS="1603"
                          HPOS="1752"
                          CONTENT="praesens"/>
                  <SP HEIGHT="54" WIDTH="16" VPOS="1603" HPOS="1938"/>
                  <String HEIGHT="54"
                          WIDTH="109"
                          VPOS="1603"
                          HPOS="1876"
                          CONTENT="causa"/>
               </TextLine>
               <TextLine ID="r4l38"
                         BASELINE="1702"
                         HEIGHT="63"
                         WIDTH="274"
                         VPOS="1639"
                         HPOS="1149">
                  <String HEIGHT="63"
                          WIDTH="202"
                          VPOS="1639"
                          HPOS="1135"
                          CONTENT="breuitatis"/>
                  <SP HEIGHT="63" WIDTH="14" VPOS="1639" HPOS="1336"/>
                  <String HEIGHT="63"
                          WIDTH="159"
                          VPOS="1639"
                          HPOS="1293"
                          CONTENT="omitto."/>
                  <SP HEIGHT="63" WIDTH="14" VPOS="1639" HPOS="1452"/>
                  <String HEIGHT="63" WIDTH="29" VPOS="1639" HPOS="1394" CONTENT=""/>
               </TextLine>
               <TextLine ID="r4l40"
                         BASELINE="1828"
                         HEIGHT="63"
                         WIDTH="560"
                         VPOS="1765"
                         HPOS="1270">
                  <String HEIGHT="63"
                          WIDTH="560"
                          VPOS="1765"
                          HPOS="1227"
                          CONTENT="ARTICVLVS"/>
                  <SP HEIGHT="63" WIDTH="43" VPOS="1765" HPOS="1787"/>
                  <String HEIGHT="63"
                          WIDTH="215"
                          VPOS="1765"
                          HPOS="1615"
                          CONTENT="II."/>
               </TextLine>
               <TextLine ID="r4l43"
                         BASELINE="1919"
                         HEIGHT="76"
                         WIDTH="591"
                         VPOS="1843"
                         HPOS="1265">
                  <String HEIGHT="76"
                          WIDTH="128"
                          VPOS="1843"
                          HPOS="1249"
                          CONTENT="Quid"/>
                  <SP HEIGHT="76" WIDTH="16" VPOS="1843" HPOS="1377"/>
                  <String HEIGHT="76"
                          WIDTH="112"
                          VPOS="1843"
                          HPOS="1329"
                          CONTENT="sit"/>
                  <SP HEIGHT="76" WIDTH="16" VPOS="1843" HPOS="1441"/>
                  <String HEIGHT="76"
                          WIDTH="144"
                          VPOS="1843"
                          HPOS="1393"
                          CONTENT="illud"/>
                  <SP HEIGHT="76" WIDTH="16" VPOS="1843" HPOS="1537"/>
                  <String HEIGHT="76"
                          WIDTH="128"
                          VPOS="1843"
                          HPOS="1489"
                          CONTENT="quod"/>
                  <SP HEIGHT="76" WIDTH="16" VPOS="1843" HPOS="1616"/>
                  <String HEIGHT="76"
                          WIDTH="224"
                          VPOS="1843"
                          HPOS="1568"
                          CONTENT="frangitur,"/>
                  <SP HEIGHT="76" WIDTH="16" VPOS="1843" HPOS="1792"/>
                  <String HEIGHT="76"
                          WIDTH="128"
                          VPOS="1843"
                          HPOS="1728"
                          CONTENT="quando"/>
               </TextLine>
               <TextLine ID="r4l44"
                         BASELINE="1973"
                         HEIGHT="75"
                         WIDTH="276"
                         VPOS="1898"
                         HPOS="1427">
                  <String HEIGHT="75"
                          WIDTH="162"
                          VPOS="1898"
                          HPOS="1411"
                          CONTENT="hostia"/>
                  <SP HEIGHT="75" WIDTH="16" VPOS="1898" HPOS="1573"/>
                  <String HEIGHT="75"
                          WIDTH="195"
                          VPOS="1898"
                          HPOS="1508"
                          CONTENT="frangitur."/>
               </TextLine>
               <TextLine ID="r4l46"
                         BASELINE="2097"
                         HEIGHT="88"
                         WIDTH="771"
                         VPOS="2009"
                         HPOS="1221">
                  <String HEIGHT="88"
                          WIDTH="184"
                          VPOS="2009"
                          HPOS="1203"
                          CONTENT="VANTVM"/>
                  <SP HEIGHT="88" WIDTH="18" VPOS="2009" HPOS="1386"/>
                  <String HEIGHT="88"
                          WIDTH="110"
                          VPOS="2009"
                          HPOS="1331"
                          CONTENT="ad"/>
                  <SP HEIGHT="88" WIDTH="18" VPOS="2009" HPOS="1441"/>
                  <String HEIGHT="88"
                          WIDTH="202"
                          VPOS="2009"
                          HPOS="1386"
                          CONTENT="tertium"/>
                  <SP HEIGHT="88" WIDTH="18" VPOS="2009" HPOS="1588"/>
                  <String HEIGHT="88"
                          WIDTH="239"
                          VPOS="2009"
                          HPOS="1533"
                          CONTENT="articulum"/>
                  <SP HEIGHT="88" WIDTH="18" VPOS="2009" HPOS="1772"/>
                  <String HEIGHT="88"
                          WIDTH="147"
                          VPOS="2009"
                          HPOS="1717"
                          CONTENT="pono"/>
                  <SP HEIGHT="88" WIDTH="18" VPOS="2009" HPOS="1864"/>
                  <String HEIGHT="88"
                          WIDTH="147"
                          VPOS="2009"
                          HPOS="1808"
                          CONTENT="duas"/>
                  <SP HEIGHT="88" WIDTH="18" VPOS="2009" HPOS="1955"/>
                  <String HEIGHT="88"
                          WIDTH="110"
                          VPOS="2009"
                          HPOS="1882"
                          CONTENT="con"/>
               </TextLine>
               <TextLine ID="r4l48"
                         BASELINE="2124"
                         HEIGHT="52"
                         WIDTH="195"
                         VPOS="2072"
                         HPOS="1212">
                  <String HEIGHT="52"
                          WIDTH="71"
                          VPOS="2072"
                          HPOS="1194"
                          CONTENT=""
                          SUBS_TYPE="HypPart2"
                          SUBS_CONTENT="con"/>
                  <SP HEIGHT="52" WIDTH="18" VPOS="2072" HPOS="1265"/>
                  <String HEIGHT="52"
                          WIDTH="213"
                          VPOS="2072"
                          HPOS="1194"
                          CONTENT="clusiones."/>
               </TextLine>
               <TextLine ID="r4l50"
                         BASELINE="2164"
                         HEIGHT="55"
                         WIDTH="800"
                         VPOS="2109"
                         HPOS="1188">
                  <String HEIGHT="55"
                          WIDTH="138"
                          VPOS="2109"
                          HPOS="1173"
                          CONTENT="Prima"/>
                  <SP HEIGHT="55" WIDTH="15" VPOS="2109" HPOS="1311"/>
                  <String HEIGHT="55"
                          WIDTH="123"
                          VPOS="2109"
                          HPOS="1265"
                          CONTENT="est,"/>
                  <SP HEIGHT="55" WIDTH="15" VPOS="2109" HPOS="1388"/>
                  <String HEIGHT="55"
                          WIDTH="123"
                          VPOS="2109"
                          HPOS="1342"
                          CONTENT="quod"/>
                  <SP HEIGHT="55" WIDTH="15" VPOS="2109" HPOS="1465"/>
                  <String HEIGHT="55"
                          WIDTH="154"
                          VPOS="2109"
                          HPOS="1419"
                          CONTENT="quando"/>
                  <SP HEIGHT="55" WIDTH="15" VPOS="2109" HPOS="1573"/>
                  <String HEIGHT="55"
                          WIDTH="154"
                          VPOS="2109"
                          HPOS="1526"
                          CONTENT="hostia"/>
                  <SP HEIGHT="55" WIDTH="15" VPOS="2109" HPOS="1680"/>
                  <String HEIGHT="55"
                          WIDTH="215"
                          VPOS="2109"
                          HPOS="1634"
                          CONTENT="consecrata"/>
                  <SP HEIGHT="55" WIDTH="15" VPOS="2109" HPOS="1850"/>
                  <String HEIGHT="55"
                          WIDTH="215"
                          VPOS="2109"
                          HPOS="1803"
                          CONTENT="frangitur,"/>
                  <SP HEIGHT="55" WIDTH="15" VPOS="2109" HPOS="2019"/>
                  <String HEIGHT="55" WIDTH="31" VPOS="2109" HPOS="1957" CONTENT=""/>
               </TextLine>
               <TextLine ID="r4l51"
                         BASELINE="2209"
                         HEIGHT="58"
                         WIDTH="828"
                         VPOS="2151"
                         HPOS="1151">
                  <String HEIGHT="58"
                          WIDTH="105"
                          VPOS="2151"
                          HPOS="1136"
                          CONTENT="seu"/>
                  <SP HEIGHT="58" WIDTH="15" VPOS="2151" HPOS="1241"/>
                  <String HEIGHT="58"
                          WIDTH="211"
                          VPOS="2151"
                          HPOS="1196"
                          CONTENT="diuiditur,"/>
                  <SP HEIGHT="58" WIDTH="15" VPOS="2151" HPOS="1407"/>
                  <String HEIGHT="58"
                          WIDTH="151"
                          VPOS="2151"
                          HPOS="1362"
                          CONTENT="corpus"/>
                  <SP HEIGHT="58" WIDTH="15" VPOS="2151" HPOS="1512"/>
                  <String HEIGHT="58"
                          WIDTH="166"
                          VPOS="2151"
                          HPOS="1467"
                          CONTENT="Christi"/>
                  <SP HEIGHT="58" WIDTH="15" VPOS="2151" HPOS="1633"/>
                  <String HEIGHT="58"
                          WIDTH="105"
                          VPOS="2151"
                          HPOS="1588"
                          CONTENT="nec"/>
                  <SP HEIGHT="58" WIDTH="15" VPOS="2151" HPOS="1693"/>
                  <String HEIGHT="58"
                          WIDTH="211"
                          VPOS="2151"
                          HPOS="1648"
                          CONTENT="frangitur,"/>
                  <SP HEIGHT="58" WIDTH="15" VPOS="2151" HPOS="1859"/>
                  <String HEIGHT="58"
                          WIDTH="105"
                          VPOS="2151"
                          HPOS="1813"
                          CONTENT="nec"/>
                  <SP HEIGHT="58" WIDTH="15" VPOS="2151" HPOS="1919"/>
                  <String HEIGHT="58"
                          WIDTH="135"
                          VPOS="2151"
                          HPOS="1874"
                          CONTENT="diui¬"/>
                  <SP HEIGHT="58" WIDTH="15" VPOS="2151" HPOS="2009"/>
                  <String HEIGHT="58" WIDTH="30" VPOS="2151" HPOS="1949" CONTENT=""/>
               </TextLine>
               <TextLine ID="r4l52"
                         BASELINE="2245"
                         HEIGHT="57"
                         WIDTH="77"
                         VPOS="2188"
                         HPOS="1146">
                  <String HEIGHT="57"
                          WIDTH="108"
                          VPOS="2188"
                          HPOS="1115"
                          CONTENT="ditur"/>
               </TextLine>
               <TextLine ID="r4l53"
                         BASELINE="2286"
                         HEIGHT="88"
                         WIDTH="754"
                         VPOS="2198"
                         HPOS="1225">
                  <String HEIGHT="88"
                          WIDTH="118"
                          VPOS="2198"
                          HPOS="1210"
                          CONTENT="Quia"/>
                  <SP HEIGHT="88" WIDTH="15" VPOS="2198" HPOS="1328"/>
                  <String HEIGHT="88"
                          WIDTH="148"
                          VPOS="2198"
                          HPOS="1284"
                          CONTENT="corpus"/>
                  <SP HEIGHT="88" WIDTH="15" VPOS="2198" HPOS="1432"/>
                  <String HEIGHT="88"
                          WIDTH="163"
                          VPOS="2198"
                          HPOS="1388"
                          CONTENT="Christi"/>
                  <SP HEIGHT="88" WIDTH="15" VPOS="2198" HPOS="1550"/>
                  <String HEIGHT="88"
                          WIDTH="103"
                          VPOS="2198"
                          HPOS="1506"
                          CONTENT="est"/>
                  <SP HEIGHT="88" WIDTH="15" VPOS="2198" HPOS="1609"/>
                  <String HEIGHT="88"
                          WIDTH="237"
                          VPOS="2198"
                          HPOS="1565"
                          CONTENT="impassibile:"/>
                  <SP HEIGHT="88" WIDTH="15" VPOS="2198" HPOS="1802"/>
                  <String HEIGHT="88"
                          WIDTH="118"
                          VPOS="2198"
                          HPOS="1757"
                          CONTENT="ergo"/>
                  <SP HEIGHT="88" WIDTH="15" VPOS="2198" HPOS="1876"/>
                  <String HEIGHT="88"
                          WIDTH="103"
                          VPOS="2198"
                          HPOS="1831"
                          CONTENT="nec"/>
                  <SP HEIGHT="88" WIDTH="15" VPOS="2198" HPOS="1935"/>
                  <String HEIGHT="88"
                          WIDTH="103"
                          VPOS="2198"
                          HPOS="1876"
                          CONTENT="potes"/>
               </TextLine>
               <TextLine ID="r4l55"
                         BASELINE="2315"
                         HEIGHT="41"
                         WIDTH="824"
                         VPOS="2274"
                         HPOS="1160">
                  <String HEIGHT="41"
                          WIDTH="158"
                          VPOS="2274"
                          HPOS="1144"
                          CONTENT="rangi,"/>
                  <SP HEIGHT="41" WIDTH="16" VPOS="2274" HPOS="1303"/>
                  <String HEIGHT="41"
                          WIDTH="111"
                          VPOS="2274"
                          HPOS="1255"
                          CONTENT="nec"/>
                  <SP HEIGHT="41" WIDTH="16" VPOS="2274" HPOS="1366"/>
                  <String HEIGHT="41"
                          WIDTH="174"
                          VPOS="2274"
                          HPOS="1318"
                          CONTENT="diuidi."/>
                  <SP HEIGHT="41" WIDTH="16" VPOS="2274" HPOS="1493"/>
                  <String HEIGHT="41"
                          WIDTH="222"
                          VPOS="2274"
                          HPOS="1445"
                          CONTENT="Antecedens"/>
                  <SP HEIGHT="41" WIDTH="16" VPOS="2274" HPOS="1667"/>
                  <String HEIGHT="41"
                          WIDTH="158"
                          VPOS="2274"
                          HPOS="1620"
                          CONTENT="patet:"/>
                  <SP HEIGHT="41" WIDTH="16" VPOS="2274" HPOS="1778"/>
                  <String HEIGHT="41"
                          WIDTH="127"
                          VPOS="2274"
                          HPOS="1730"
                          CONTENT="quia"/>
                  <SP HEIGHT="41" WIDTH="16" VPOS="2274" HPOS="1857"/>
                  <String HEIGHT="41"
                          WIDTH="111"
                          VPOS="2274"
                          HPOS="1810"
                          CONTENT="cum"/>
                  <SP HEIGHT="41" WIDTH="16" VPOS="2274" HPOS="1921"/>
                  <String HEIGHT="41"
                          WIDTH="127"
                          VPOS="2274"
                          HPOS="1857"
                          CONTENT="corpus"/>
               </TextLine>
               <TextLine ID="r4l56"
                         BASELINE="2363"
                         HEIGHT="52"
                         WIDTH="827"
                         VPOS="2311"
                         HPOS="1157">
                  <String HEIGHT="52"
                          WIDTH="160"
                          VPOS="2311"
                          HPOS="1142"
                          CONTENT="Christi"/>
                  <SP HEIGHT="52" WIDTH="15" VPOS="2311" HPOS="1302"/>
                  <String HEIGHT="52"
                          WIDTH="102"
                          VPOS="2311"
                          HPOS="1259"
                          CONTENT="sit"/>
                  <SP HEIGHT="52" WIDTH="15" VPOS="2311" HPOS="1360"/>
                  <String HEIGHT="52"
                          WIDTH="247"
                          VPOS="2311"
                          HPOS="1317"
                          CONTENT="glorificatum:"/>
                  <SP HEIGHT="52" WIDTH="15" VPOS="2311" HPOS="1563"/>
                  <String HEIGHT="52"
                          WIDTH="174"
                          VPOS="2311"
                          HPOS="1520"
                          CONTENT="sequitur"/>
                  <SP HEIGHT="52" WIDTH="15" VPOS="2311" HPOS="1694"/>
                  <String HEIGHT="52"
                          WIDTH="218"
                          VPOS="2311"
                          HPOS="1650"
                          CONTENT="necessario,"/>
                  <SP HEIGHT="52" WIDTH="15" VPOS="2311" HPOS="1868"/>
                  <String HEIGHT="52"
                          WIDTH="116"
                          VPOS="2311"
                          HPOS="1824"
                          CONTENT="quod"/>
                  <SP HEIGHT="52" WIDTH="15" VPOS="2311" HPOS="1940"/>
                  <String HEIGHT="52"
                          WIDTH="102"
                          VPOS="2311"
                          HPOS="1882"
                          CONTENT="dota"
                          SUBS_TYPE="HypPart1"
                          SUBS_CONTENT="dotatum"/>
                  <HYP CONTENT="-"/>
               </TextLine>
               <TextLine ID="r4l57"
                         BASELINE="2396"
                         HEIGHT="45"
                         WIDTH="837"
                         VPOS="2351"
                         HPOS="1157">
                  <String HEIGHT="45"
                          WIDTH="105"
                          VPOS="2351"
                          HPOS="1142"
                          CONTENT="tum"
                          SUBS_TYPE="HypPart2"
                          SUBS_CONTENT="dotatum"/>
                  <SP HEIGHT="45" WIDTH="15" VPOS="2351" HPOS="1247"/>
                  <String HEIGHT="45"
                          WIDTH="105"
                          VPOS="2351"
                          HPOS="1202"
                          CONTENT="sit"/>
                  <SP HEIGHT="45" WIDTH="15" VPOS="2351" HPOS="1306"/>
                  <String HEIGHT="45"
                          WIDTH="120"
                          VPOS="2351"
                          HPOS="1262"
                          CONTENT="dote"/>
                  <SP HEIGHT="45" WIDTH="15" VPOS="2351" HPOS="1381"/>
                  <String HEIGHT="45"
                          WIDTH="314"
                          VPOS="2351"
                          HPOS="1336"
                          CONTENT="impassibilitatis."/>
                  <SP HEIGHT="45" WIDTH="15" VPOS="2351" HPOS="1650"/>
                  <String HEIGHT="45"
                          WIDTH="135"
                          VPOS="2351"
                          HPOS="1605"
                          CONTENT="Patet"/>
                  <SP HEIGHT="45" WIDTH="15" VPOS="2351" HPOS="1740"/>
                  <String HEIGHT="45"
                          WIDTH="135"
                          VPOS="2351"
                          HPOS="1695"
                          CONTENT="etiam"/>
                  <SP HEIGHT="45" WIDTH="15" VPOS="2351" HPOS="1830"/>
                  <String HEIGHT="45"
                          WIDTH="224"
                          VPOS="2351"
                          HPOS="1770"
                          CONTENT="consequentia"
                          SUBS_TYPE="HypPart1"
                          SUBS_CONTENT="consequentiaquia"/>
                  <HYP CONTENT="-"/>
               </TextLine>
               <TextLine ID="r4l58"
                         BASELINE="2452"
                         HEIGHT="57"
                         WIDTH="834"
                         VPOS="2395"
                         HPOS="1152">
                  <String HEIGHT="57"
                          WIDTH="115"
                          VPOS="2395"
                          HPOS="1138"
                          CONTENT="quia"
                          SUBS_TYPE="HypPart2"
                          SUBS_CONTENT="consequentiaquia"/>
                  <SP HEIGHT="57" WIDTH="14" VPOS="2395" HPOS="1253"/>
                  <String HEIGHT="57"
                          WIDTH="144"
                          VPOS="2395"
                          HPOS="1210"
                          CONTENT="corpus"/>
                  <SP HEIGHT="57" WIDTH="14" VPOS="2395" HPOS="1353"/>
                  <String HEIGHT="57"
                          WIDTH="115"
                          VPOS="2395"
                          HPOS="1310"
                          CONTENT="viui"/>
                  <SP HEIGHT="57" WIDTH="14" VPOS="2395" HPOS="1425"/>
                  <String HEIGHT="57"
                          WIDTH="158"
                          VPOS="2395"
                          HPOS="1382"
                          CONTENT="hominis"/>
                  <SP HEIGHT="57" WIDTH="14" VPOS="2395" HPOS="1540"/>
                  <String HEIGHT="57"
                          WIDTH="101"
                          VPOS="2395"
                          HPOS="1497"
                          CONTENT="non"/>
                  <SP HEIGHT="57" WIDTH="14" VPOS="2395" HPOS="1598"/>
                  <String HEIGHT="57"
                          WIDTH="144"
                          VPOS="2395"
                          HPOS="1555"
                          CONTENT="potest"/>
                  <SP HEIGHT="57" WIDTH="14" VPOS="2395" HPOS="1698"/>
                  <String HEIGHT="57"
                          WIDTH="158"
                          VPOS="2395"
                          HPOS="1655"
                          CONTENT="diuidi,"/>
                  <SP HEIGHT="57" WIDTH="14" VPOS="2395" HPOS="1813"/>
                  <String HEIGHT="57" WIDTH="72" VPOS="2395" HPOS="1770" CONTENT="&amp;"/>
                  <SP HEIGHT="57" WIDTH="14" VPOS="2395" HPOS="1842"/>
                  <String HEIGHT="57"
                          WIDTH="158"
                          VPOS="2395"
                          HPOS="1799"
                          CONTENT="frangi,"/>
                  <SP HEIGHT="57" WIDTH="14" VPOS="2395" HPOS="1957"/>
                  <String HEIGHT="57"
                          WIDTH="86"
                          VPOS="2395"
                          HPOS="1900"
                          CONTENT="sine"/>
               </TextLine>
               <TextLine ID="r4l59"
                         BASELINE="2476"
                         HEIGHT="54"
                         WIDTH="387"
                         VPOS="2422"
                         HPOS="1151">
                  <String HEIGHT="54"
                          WIDTH="177"
                          VPOS="2422"
                          HPOS="1135"
                          CONTENT="eiusdem"/>
                  <SP HEIGHT="54" WIDTH="16" VPOS="2422" HPOS="1312"/>
                  <String HEIGHT="54"
                          WIDTH="177"
                          VPOS="2422"
                          HPOS="1264"
                          CONTENT="hominis"/>
                  <SP HEIGHT="54" WIDTH="16" VPOS="2422" HPOS="1441"/>
                  <String HEIGHT="54"
                          WIDTH="161"
                          VPOS="2422"
                          HPOS="1377"
                          CONTENT="passione"/>
               </TextLine>
               <TextLine ID="r4l60"
                         BASELINE="2515"
                         HEIGHT="80"
                         WIDTH="801"
                         VPOS="2435"
                         HPOS="1188">
                  <String HEIGHT="80" WIDTH="77" VPOS="2435" HPOS="1173" CONTENT="2"/>
                  <SP HEIGHT="80" WIDTH="15" VPOS="2435" HPOS="1250"/>
                  <String HEIGHT="80"
                          WIDTH="216"
                          VPOS="2435"
                          HPOS="1203"
                          CONTENT="Praeterea,"/>
                  <SP HEIGHT="80" WIDTH="15" VPOS="2435" HPOS="1419"/>
                  <String HEIGHT="80"
                          WIDTH="108"
                          VPOS="2435"
                          HPOS="1373"
                          CONTENT="ibi"/>
                  <SP HEIGHT="80" WIDTH="15" VPOS="2435" HPOS="1481"/>
                  <String HEIGHT="80"
                          WIDTH="108"
                          VPOS="2435"
                          HPOS="1434"
                          CONTENT="non"/>
                  <SP HEIGHT="80" WIDTH="15" VPOS="2435" HPOS="1542"/>
                  <String HEIGHT="80"
                          WIDTH="154"
                          VPOS="2435"
                          HPOS="1496"
                          CONTENT="potest"/>
                  <SP HEIGHT="80" WIDTH="15" VPOS="2435" HPOS="1650"/>
                  <String HEIGHT="80"
                          WIDTH="169"
                          VPOS="2435"
                          HPOS="1604"
                          CONTENT="diuidi,"/>
                  <SP HEIGHT="80" WIDTH="15" VPOS="2435" HPOS="1773"/>
                  <String HEIGHT="80"
                          WIDTH="108"
                          VPOS="2435"
                          HPOS="1727"
                          CONTENT="vbi"/>
                  <SP HEIGHT="80" WIDTH="15" VPOS="2435" HPOS="1835"/>
                  <String HEIGHT="80"
                          WIDTH="108"
                          VPOS="2435"
                          HPOS="1789"
                          CONTENT="non"/>
                  <SP HEIGHT="80" WIDTH="15" VPOS="2435" HPOS="1897"/>
                  <String HEIGHT="80"
                          WIDTH="108"
                          VPOS="2435"
                          HPOS="1850"
                          CONTENT="est"/>
                  <SP HEIGHT="80" WIDTH="15" VPOS="2435" HPOS="1958"/>
                  <String HEIGHT="80"
                          WIDTH="92"
                          VPOS="2435"
                          HPOS="1897"
                          CONTENT="modo"/>
               </TextLine>
               <TextLine ID="r4l61"
                         BASELINE="2561"
                         HEIGHT="47"
                         WIDTH="843"
                         VPOS="2514"
                         HPOS="1148">
                  <String HEIGHT="47"
                          WIDTH="261"
                          VPOS="2514"
                          HPOS="1133"
                          CONTENT="quantitatiuo:"/>
                  <SP HEIGHT="47" WIDTH="15" VPOS="2514" HPOS="1393"/>
                  <String HEIGHT="47"
                          WIDTH="107"
                          VPOS="2514"
                          HPOS="1347"
                          CONTENT="sed"/>
                  <SP HEIGHT="47" WIDTH="15" VPOS="2514" HPOS="1455"/>
                  <String HEIGHT="47"
                          WIDTH="153"
                          VPOS="2514"
                          HPOS="1409"
                          CONTENT="corpus"/>
                  <SP HEIGHT="47" WIDTH="15" VPOS="2514" HPOS="1562"/>
                  <String HEIGHT="47"
                          WIDTH="169"
                          VPOS="2514"
                          HPOS="1516"
                          CONTENT="Christi"/>
                  <SP HEIGHT="47" WIDTH="15" VPOS="2514" HPOS="1684"/>
                  <String HEIGHT="47"
                          WIDTH="107"
                          VPOS="2514"
                          HPOS="1638"
                          CONTENT="non"/>
                  <SP HEIGHT="47" WIDTH="15" VPOS="2514" HPOS="1746"/>
                  <String HEIGHT="47"
                          WIDTH="107"
                          VPOS="2514"
                          HPOS="1700"
                          CONTENT="est"/>
                  <SP HEIGHT="47" WIDTH="15" VPOS="2514" HPOS="1807"/>
                  <String HEIGHT="47"
                          WIDTH="107"
                          VPOS="2514"
                          HPOS="1761"
                          CONTENT="sub"/>
                  <SP HEIGHT="47" WIDTH="15" VPOS="2514" HPOS="1868"/>
                  <String HEIGHT="47"
                          WIDTH="184"
                          VPOS="2514"
                          HPOS="1807"
                          CONTENT="sacramento"/>
               </TextLine>
               <TextLine ID="r4l62"
                         BASELINE="2594"
                         HEIGHT="49"
                         WIDTH="837"
                         VPOS="2545"
                         HPOS="1155">
                  <String HEIGHT="49"
                          WIDTH="122"
                          VPOS="2545"
                          HPOS="1140"
                          CONTENT="modo"/>
                  <SP HEIGHT="49" WIDTH="15" VPOS="2545" HPOS="1262"/>
                  <String HEIGHT="49"
                          WIDTH="259"
                          VPOS="2545"
                          HPOS="1216"
                          CONTENT="quantitatiuo,"/>
                  <SP HEIGHT="49" WIDTH="15" VPOS="2545" HPOS="1475"/>
                  <String HEIGHT="49" WIDTH="91" VPOS="2545" HPOS="1429" CONTENT="vt"/>
                  <SP HEIGHT="49" WIDTH="15" VPOS="2545" HPOS="1520"/>
                  <String HEIGHT="49"
                          WIDTH="213"
                          VPOS="2545"
                          HPOS="1475"
                          CONTENT="declaratum"/>
                  <SP HEIGHT="49" WIDTH="15" VPOS="2545" HPOS="1688"/>
                  <String HEIGHT="49"
                          WIDTH="107"
                          VPOS="2545"
                          HPOS="1642"
                          CONTENT="est"/>
                  <SP HEIGHT="49" WIDTH="15" VPOS="2545" HPOS="1749"/>
                  <String HEIGHT="49"
                          WIDTH="183"
                          VPOS="2545"
                          HPOS="1703"
                          CONTENT="superius"/>
                  <SP HEIGHT="49" WIDTH="15" VPOS="2545" HPOS="1885"/>
                  <String HEIGHT="49"
                          WIDTH="137"
                          VPOS="2545"
                          HPOS="1840"
                          CONTENT="dist,"/>
                  <SP HEIGHT="49" WIDTH="15" VPOS="2545" HPOS="1977"/>
                  <String HEIGHT="49"
                          WIDTH="76"
                          VPOS="2545"
                          HPOS="1916"
                          CONTENT="ro"
                          SUBS_TYPE="HypPart1"
                          SUBS_CONTENT="roquaest."/>
                  <HYP CONTENT="-"/>
               </TextLine>
               <TextLine ID="r4l63"
                         BASELINE="2641"
                         HEIGHT="59"
                         WIDTH="203"
                         VPOS="2582"
                         HPOS="1149">
                  <String HEIGHT="59"
                          WIDTH="131"
                          VPOS="2582"
                          HPOS="1137"
                          CONTENT="quaest."
                          SUBS_TYPE="HypPart2"
                          SUBS_CONTENT="roquaest."/>
                  <SP HEIGHT="59" WIDTH="12" VPOS="2582" HPOS="1268"/>
                  <String HEIGHT="59" WIDTH="72" VPOS="2582" HPOS="1233" CONTENT="2."/>
                  <SP HEIGHT="59" WIDTH="12" VPOS="2582" HPOS="1304"/>
                  <String HEIGHT="59"
                          WIDTH="96"
                          VPOS="2582"
                          HPOS="1256"
                          CONTENT="arti.I"/>
               </TextLine>
               <TextLine ID="r4l64"
                         BASELINE="2678"
                         HEIGHT="74"
                         WIDTH="766"
                         VPOS="2604"
                         HPOS="1216">
                  <String HEIGHT="74"
                          WIDTH="112"
                          VPOS="2604"
                          HPOS="1200"
                          CONTENT="Sed"/>
                  <SP HEIGHT="74" WIDTH="16" VPOS="2604" HPOS="1312"/>
                  <String HEIGHT="74"
                          WIDTH="160"
                          VPOS="2604"
                          HPOS="1264"
                          CONTENT="contra"/>
                  <SP HEIGHT="74" WIDTH="16" VPOS="2604" HPOS="1423"/>
                  <String HEIGHT="74"
                          WIDTH="144"
                          VPOS="2604"
                          HPOS="1376"
                          CONTENT="istam"/>
                  <SP HEIGHT="74" WIDTH="16" VPOS="2604" HPOS="1519"/>
                  <String HEIGHT="74"
                          WIDTH="255"
                          VPOS="2604"
                          HPOS="1471"
                          CONTENT="conclusionem"/>
                  <SP HEIGHT="74" WIDTH="16" VPOS="2604" HPOS="1727"/>
                  <String HEIGHT="74"
                          WIDTH="112"
                          VPOS="2604"
                          HPOS="1679"
                          CONTENT="est"/>
                  <SP HEIGHT="74" WIDTH="16" VPOS="2604" HPOS="1791"/>
                  <String HEIGHT="74"
                          WIDTH="176"
                          VPOS="2604"
                          HPOS="1743"
                          CONTENT="quaedam"/>
                  <SP HEIGHT="74" WIDTH="16" VPOS="2604" HPOS="1918"/>
                  <String HEIGHT="74"
                          WIDTH="128"
                          VPOS="2604"
                          HPOS="1854"
                          CONTENT="opinio"/>
               </TextLine>
               <TextLine ID="r4l66"
                         BASELINE="2711"
                         HEIGHT="44"
                         WIDTH="830"
                         VPOS="2667"
                         HPOS="1161">
                  <String HEIGHT="44"
                          WIDTH="119"
                          VPOS="2667"
                          HPOS="1146"
                          CONTENT="quae"/>
                  <SP HEIGHT="44" WIDTH="15" VPOS="2667" HPOS="1265"/>
                  <String HEIGHT="44"
                          WIDTH="148"
                          VPOS="2667"
                          HPOS="1220"
                          CONTENT="fundat"/>
                  <SP HEIGHT="44" WIDTH="15" VPOS="2667" HPOS="1368"/>
                  <String HEIGHT="44" WIDTH="89" VPOS="2667" HPOS="1324" CONTENT="se"/>
                  <SP HEIGHT="44" WIDTH="15" VPOS="2667" HPOS="1413"/>
                  <String HEIGHT="44"
                          WIDTH="133"
                          VPOS="2667"
                          HPOS="1369"
                          CONTENT="super"/>
                  <SP HEIGHT="44" WIDTH="15" VPOS="2667" HPOS="1502"/>
                  <String HEIGHT="44"
                          WIDTH="222"
                          VPOS="2667"
                          HPOS="1457"
                          CONTENT="confessione"/>
                  <SP HEIGHT="44" WIDTH="15" VPOS="2667" HPOS="1680"/>
                  <String HEIGHT="44"
                          WIDTH="222"
                          VPOS="2667"
                          HPOS="1635"
                          CONTENT="berengarij,"/>
                  <SP HEIGHT="44" WIDTH="15" VPOS="2667" HPOS="1858"/>
                  <String HEIGHT="44"
                          WIDTH="119"
                          VPOS="2667"
                          HPOS="1813"
                          CONTENT="quae"/>
                  <SP HEIGHT="44" WIDTH="15" VPOS="2667" HPOS="1932"/>
                  <String HEIGHT="44"
                          WIDTH="119"
                          VPOS="2667"
                          HPOS="1872"
                          CONTENT="poni"
                          SUBS_TYPE="HypPart1"
                          SUBS_CONTENT="ponitur"/>
                  <HYP CONTENT="-"/>
               </TextLine>
               <TextLine ID="r4l67"
                         BASELINE="2751"
                         HEIGHT="55"
                         WIDTH="842"
                         VPOS="2696"
                         HPOS="1145">
                  <String HEIGHT="55"
                          WIDTH="97"
                          VPOS="2696"
                          HPOS="1131"
                          CONTENT="tur"
                          SUBS_TYPE="HypPart2"
                          SUBS_CONTENT="ponitur"/>
                  <SP HEIGHT="55" WIDTH="14" VPOS="2696" HPOS="1228"/>
                  <String HEIGHT="55"
                          WIDTH="97"
                          VPOS="2696"
                          HPOS="1186"
                          CONTENT="hic"/>
                  <SP HEIGHT="55" WIDTH="14" VPOS="2696" HPOS="1283"/>
                  <String HEIGHT="55" WIDTH="83" VPOS="2696" HPOS="1242" CONTENT="in"/>
                  <SP HEIGHT="55" WIDTH="14" VPOS="2696" HPOS="1324"/>
                  <String HEIGHT="55"
                          WIDTH="166"
                          VPOS="2696"
                          HPOS="1283"
                          CONTENT="littera,"/>
                  <SP HEIGHT="55" WIDTH="14" VPOS="2696" HPOS="1449"/>
                  <String HEIGHT="55" WIDTH="69" VPOS="2696" HPOS="1407" CONTENT="&amp;"/>
                  <SP HEIGHT="55" WIDTH="14" VPOS="2696" HPOS="1476"/>
                  <String HEIGHT="55"
                          WIDTH="179"
                          VPOS="2696"
                          HPOS="1435"
                          CONTENT="scribitur"/>
                  <SP HEIGHT="55" WIDTH="14" VPOS="2696" HPOS="1614"/>
                  <String HEIGHT="55" WIDTH="83" VPOS="2696" HPOS="1573" CONTENT="de"/>
                  <SP HEIGHT="55" WIDTH="14" VPOS="2696" HPOS="1656"/>
                  <String HEIGHT="55"
                          WIDTH="138"
                          VPOS="2696"
                          HPOS="1614"
                          CONTENT="conse."/>
                  <SP HEIGHT="55" WIDTH="14" VPOS="2696" HPOS="1752"/>
                  <String HEIGHT="55"
                          WIDTH="124"
                          VPOS="2696"
                          HPOS="1711"
                          CONTENT="dist."/>
                  <SP HEIGHT="55" WIDTH="14" VPOS="2696" HPOS="1835"/>
                  <String HEIGHT="55" WIDTH="83" VPOS="2696" HPOS="1794" CONTENT="2."/>
                  <SP HEIGHT="55" WIDTH="14" VPOS="2696" HPOS="1877"/>
                  <String HEIGHT="55" WIDTH="83" VPOS="2696" HPOS="1835" CONTENT="c."/>
                  <SP HEIGHT="55" WIDTH="14" VPOS="2696" HPOS="1918"/>
                  <String HEIGHT="55"
                          WIDTH="97"
                          VPOS="2696"
                          HPOS="1877"
                          CONTENT="Ego"/>
                  <SP HEIGHT="55" WIDTH="14" VPOS="2696" HPOS="1973"/>
                  <String HEIGHT="55"
                          WIDTH="69"
                          VPOS="2696"
                          HPOS="1918"
                          CONTENT="De"
                          SUBS_TYPE="HypPart1"
                          SUBS_CONTENT="Derengarius:"/>
                  <HYP CONTENT="-"/>
               </TextLine>
               <TextLine ID="r4l68"
                         BASELINE="2796"
                         HEIGHT="49"
                         WIDTH="837"
                         VPOS="2747"
                         HPOS="1152">
                  <String HEIGHT="49"
                          WIDTH="225"
                          VPOS="2747"
                          HPOS="1136"
                          CONTENT="rengarius:"
                          SUBS_TYPE="HypPart2"
                          SUBS_CONTENT="Derengarius:"/>
                  <SP HEIGHT="49" WIDTH="16" VPOS="2747" HPOS="1361"/>
                  <String HEIGHT="49"
                          WIDTH="113"
                          VPOS="2747"
                          HPOS="1313"
                          CONTENT="vbi"/>
                  <SP HEIGHT="49" WIDTH="16" VPOS="2747" HPOS="1426"/>
                  <String HEIGHT="49"
                          WIDTH="193"
                          VPOS="2747"
                          HPOS="1377"
                          CONTENT="postquam"/>
                  <SP HEIGHT="49" WIDTH="16" VPOS="2747" HPOS="1571"/>
                  <String HEIGHT="49"
                          WIDTH="241"
                          VPOS="2747"
                          HPOS="1522"
                          CONTENT="berengarius"/>
                  <SP HEIGHT="49" WIDTH="16" VPOS="2747" HPOS="1764"/>
                  <String HEIGHT="49"
                          WIDTH="177"
                          VPOS="2747"
                          HPOS="1715"
                          CONTENT="errorem"/>
                  <SP HEIGHT="49" WIDTH="16" VPOS="2747" HPOS="1892"/>
                  <String HEIGHT="49"
                          WIDTH="129"
                          VPOS="2747"
                          HPOS="1844"
                          CONTENT="suum"/>
                  <SP HEIGHT="49" WIDTH="16" VPOS="2747" HPOS="1973"/>
                  <String HEIGHT="49"
                          WIDTH="80"
                          VPOS="2747"
                          HPOS="1909"
                          CONTENT="co"
                          SUBS_TYPE="HypPart1"
                          SUBS_CONTENT="cotam"/>
                  <HYP CONTENT="-"/>
               </TextLine>
               <TextLine ID="r4l69"
                         BASELINE="2834"
                         HEIGHT="44"
                         WIDTH="824"
                         VPOS="2790"
                         HPOS="1161">
                  <String HEIGHT="44"
                          WIDTH="107"
                          VPOS="2790"
                          HPOS="1146"
                          CONTENT="tam"
                          SUBS_TYPE="HypPart2"
                          SUBS_CONTENT="cotam"/>
                  <SP HEIGHT="44" WIDTH="15" VPOS="2790" HPOS="1253"/>
                  <String HEIGHT="44"
                          WIDTH="122"
                          VPOS="2790"
                          HPOS="1207"
                          CONTENT="Papa"/>
                  <SP HEIGHT="44" WIDTH="15" VPOS="2790" HPOS="1329"/>
                  <String HEIGHT="44"
                          WIDTH="183"
                          VPOS="2790"
                          HPOS="1283"
                          CONTENT="Nicolao,"/>
                  <SP HEIGHT="44" WIDTH="15" VPOS="2790" HPOS="1466"/>
                  <String HEIGHT="44" WIDTH="76" VPOS="2790" HPOS="1420" CONTENT="&amp;"/>
                  <SP HEIGHT="44" WIDTH="15" VPOS="2790" HPOS="1497"/>
                  <String HEIGHT="44"
                          WIDTH="122"
                          VPOS="2790"
                          HPOS="1451"
                          CONTENT="113."/>
                  <SP HEIGHT="44" WIDTH="15" VPOS="2790" HPOS="1573"/>
                  <String HEIGHT="44"
                          WIDTH="198"
                          VPOS="2790"
                          HPOS="1527"
                          CONTENT="episcopis"/>
                  <SP HEIGHT="44" WIDTH="15" VPOS="2790" HPOS="1726"/>
                  <String HEIGHT="44"
                          WIDTH="168"
                          VPOS="2790"
                          HPOS="1680"
                          CONTENT="publice"/>
                  <SP HEIGHT="44" WIDTH="15" VPOS="2790" HPOS="1848"/>
                  <String HEIGHT="44"
                          WIDTH="198"
                          VPOS="2790"
                          HPOS="1787"
                          CONTENT="recognouit."/>
               </TextLine>
               <TextLine ID="r4l70"
                         BASELINE="2873"
                         HEIGHT="43"
                         WIDTH="830"
                         VPOS="2830"
                         HPOS="1152">
                  <String HEIGHT="43"
                          WIDTH="125"
                          VPOS="2830"
                          HPOS="1136"
                          CONTENT="ipse"/>
                  <SP HEIGHT="43" WIDTH="16" VPOS="2830" HPOS="1262"/>
                  <String HEIGHT="43"
                          WIDTH="172"
                          VPOS="2830"
                          HPOS="1215"
                          CONTENT="iurauit"/>
                  <SP HEIGHT="43" WIDTH="16" VPOS="2830" HPOS="1387"/>
                  <String HEIGHT="43" WIDTH="94" VPOS="2830" HPOS="1340" CONTENT="se"/>
                  <SP HEIGHT="43" WIDTH="16" VPOS="2830" HPOS="1434"/>
                  <String HEIGHT="43"
                          WIDTH="188"
                          VPOS="2830"
                          HPOS="1387"
                          CONTENT="deinceps"/>
                  <SP HEIGHT="43" WIDTH="16" VPOS="2830" HPOS="1575"/>
                  <String HEIGHT="43"
                          WIDTH="157"
                          VPOS="2830"
                          HPOS="1528"
                          CONTENT="semper"/>
                  <SP HEIGHT="43" WIDTH="16" VPOS="2830" HPOS="1684"/>
                  <String HEIGHT="43"
                          WIDTH="188"
                          VPOS="2830"
                          HPOS="1637"
                          CONTENT="credere,"/>
                  <SP HEIGHT="43" WIDTH="16" VPOS="2830" HPOS="1825"/>
                  <String HEIGHT="43" WIDTH="78" VPOS="2830" HPOS="1778" CONTENT="&amp;"/>
                  <SP HEIGHT="43" WIDTH="16" VPOS="2830" HPOS="1857"/>
                  <String HEIGHT="43"
                          WIDTH="157"
                          VPOS="2830"
                          HPOS="1810"
                          CONTENT="tenere"/>
                  <SP HEIGHT="43" WIDTH="16" VPOS="2830" HPOS="1966"/>
                  <String HEIGHT="43"
                          WIDTH="78"
                          VPOS="2830"
                          HPOS="1904"
                          CONTENT="ve"
                          SUBS_TYPE="HypPart1"
                          SUBS_CONTENT="vetum"/>
                  <HYP CONTENT="-"/>
               </TextLine>
               <TextLine ID="r4l71"
                         BASELINE="2909"
                         HEIGHT="41"
                         WIDTH="824"
                         VPOS="2868"
                         HPOS="1161">
                  <String HEIGHT="41"
                          WIDTH="118"
                          VPOS="2868"
                          HPOS="1144"
                          CONTENT="tum"
                          SUBS_TYPE="HypPart2"
                          SUBS_CONTENT="vetum"/>
                  <SP HEIGHT="41" WIDTH="17" VPOS="2868" HPOS="1262"/>
                  <String HEIGHT="41"
                          WIDTH="168"
                          VPOS="2868"
                          HPOS="1211"
                          CONTENT="corpus"/>
                  <SP HEIGHT="41" WIDTH="17" VPOS="2868" HPOS="1380"/>
                  <String HEIGHT="41"
                          WIDTH="185"
                          VPOS="2868"
                          HPOS="1329"
                          CONTENT="Christi"/>
                  <SP HEIGHT="41" WIDTH="17" VPOS="2868" HPOS="1514"/>
                  <String HEIGHT="41"
                          WIDTH="185"
                          VPOS="2868"
                          HPOS="1464"
                          CONTENT="manibus"/>
                  <SP HEIGHT="41" WIDTH="17" VPOS="2868" HPOS="1649"/>
                  <String HEIGHT="41"
                          WIDTH="235"
                          VPOS="2868"
                          HPOS="1598"
                          CONTENT="sacerdotum"/>
                  <SP HEIGHT="41" WIDTH="17" VPOS="2868" HPOS="1834"/>
                  <String HEIGHT="41"
                          WIDTH="219"
                          VPOS="2868"
                          HPOS="1766"
                          CONTENT="sensualiter"/>
               </TextLine>
               <TextLine ID="r4l72"
                         BASELINE="2941"
                         HEIGHT="44"
                         WIDTH="827"
                         VPOS="2897"
                         HPOS="1163">
                  <String HEIGHT="44"
                          WIDTH="176"
                          VPOS="2897"
                          HPOS="1149"
                          CONTENT="tractari,"/>
                  <SP HEIGHT="44" WIDTH="14" VPOS="2897" HPOS="1326"/>
                  <String HEIGHT="44" WIDTH="68" VPOS="2897" HPOS="1285" CONTENT="&amp;"/>
                  <SP HEIGHT="44" WIDTH="14" VPOS="2897" HPOS="1353"/>
                  <String HEIGHT="44"
                          WIDTH="149"
                          VPOS="2897"
                          HPOS="1312"
                          CONTENT="frangi,"/>
                  <SP HEIGHT="44" WIDTH="14" VPOS="2897" HPOS="1461"/>
                  <String HEIGHT="44" WIDTH="81" VPOS="2897" HPOS="1421" CONTENT="ac"/>
                  <SP HEIGHT="44" WIDTH="14" VPOS="2897" HPOS="1502"/>
                  <String HEIGHT="44"
                          WIDTH="163"
                          VPOS="2897"
                          HPOS="1461"
                          CONTENT="fidelium"/>
                  <SP HEIGHT="44" WIDTH="14" VPOS="2897" HPOS="1624"/>
                  <String HEIGHT="44"
                          WIDTH="163"
                          VPOS="2897"
                          HPOS="1583"
                          CONTENT="dentibus"/>
                  <SP HEIGHT="44" WIDTH="14" VPOS="2897" HPOS="1746"/>
                  <String HEIGHT="44"
                          WIDTH="149"
                          VPOS="2897"
                          HPOS="1705"
                          CONTENT="atteri,"/>
                  <SP HEIGHT="44" WIDTH="14" VPOS="2897" HPOS="1854"/>
                  <String HEIGHT="44" WIDTH="68" VPOS="2897" HPOS="1814" CONTENT="&amp;"/>
                  <SP HEIGHT="44" WIDTH="14" VPOS="2897" HPOS="1882"/>
                  <String HEIGHT="44"
                          WIDTH="122"
                          VPOS="2897"
                          HPOS="1841"
                          CONTENT="sicut"/>
                  <SP HEIGHT="44" WIDTH="14" VPOS="2897" HPOS="1963"/>
                  <String HEIGHT="44"
                          WIDTH="81"
                          VPOS="2897"
                          HPOS="1909"
                          CONTENT="ibi"
                          SUBS_TYPE="HypPart1"
                          SUBS_CONTENT="ibidem"/>
                  <HYP CONTENT="-"/>
               </TextLine>
               <TextLine ID="r4l73"
                         BASELINE="2982"
                         HEIGHT="45"
                         WIDTH="820"
                         VPOS="2937"
                         HPOS="1161">
                  <String HEIGHT="45"
                          WIDTH="110"
                          VPOS="2937"
                          HPOS="1145"
                          CONTENT="dem"
                          SUBS_TYPE="HypPart2"
                          SUBS_CONTENT="ibidem"/>
                  <SP HEIGHT="45" WIDTH="16" VPOS="2937" HPOS="1256"/>
                  <String HEIGHT="45"
                          WIDTH="173"
                          VPOS="2937"
                          HPOS="1208"
                          CONTENT="ponitur"/>
                  <SP HEIGHT="45" WIDTH="16" VPOS="2937" HPOS="1382"/>
                  <String HEIGHT="45"
                          WIDTH="142"
                          VPOS="2937"
                          HPOS="1334"
                          CONTENT="circa"/>
                  <SP HEIGHT="45" WIDTH="16" VPOS="2937" HPOS="1476"/>
                  <String HEIGHT="45"
                          WIDTH="142"
                          VPOS="2937"
                          HPOS="1429"
                          CONTENT="finem"/>
                  <SP HEIGHT="45" WIDTH="16" VPOS="2937" HPOS="1571"/>
                  <String HEIGHT="45"
                          WIDTH="158"
                          VPOS="2937"
                          HPOS="1524"
                          CONTENT="illius"/>
                  <SP HEIGHT="45" WIDTH="16" VPOS="2937" HPOS="1681"/>
                  <String HEIGHT="45"
                          WIDTH="110"
                          VPOS="2937"
                          HPOS="1634"
                          CONTENT="ca."/>
                  <SP HEIGHT="45" WIDTH="16" VPOS="2937" HPOS="1744"/>
                  <String HEIGHT="45"
                          WIDTH="126"
                          VPOS="2937"
                          HPOS="1697"
                          CONTENT="hanc"/>
                  <SP HEIGHT="45" WIDTH="16" VPOS="2937" HPOS="1823"/>
                  <String HEIGHT="45"
                          WIDTH="221"
                          VPOS="2937"
                          HPOS="1760"
                          CONTENT="confessionem"/>
               </TextLine>
               <TextLine ID="r4l74"
                         BASELINE="3029"
                         HEIGHT="55"
                         WIDTH="841"
                         VPOS="2974"
                         HPOS="1153">
                  <String HEIGHT="55"
                          WIDTH="122"
                          VPOS="2974"
                          HPOS="1138"
                          CONTENT="Papa"/>
                  <SP HEIGHT="55" WIDTH="15" VPOS="2974" HPOS="1260"/>
                  <String HEIGHT="55"
                          WIDTH="183"
                          VPOS="2974"
                          HPOS="1214"
                          CONTENT="Nicolaus"/>
                  <SP HEIGHT="55" WIDTH="15" VPOS="2974" HPOS="1398"/>
                  <String HEIGHT="55"
                          WIDTH="183"
                          VPOS="2974"
                          HPOS="1352"
                          CONTENT="scripsit"/>
                  <SP HEIGHT="55" WIDTH="15" VPOS="2974" HPOS="1535"/>
                  <String HEIGHT="55"
                          WIDTH="199"
                          VPOS="2974"
                          HPOS="1489"
                          CONTENT="ecclesiis"/>
                  <SP HEIGHT="55" WIDTH="15" VPOS="2974" HPOS="1688"/>
                  <String HEIGHT="55"
                          WIDTH="183"
                          VPOS="2974"
                          HPOS="1642"
                          CONTENT="ltaliae,"/>
                  <SP HEIGHT="55" WIDTH="15" VPOS="2974" HPOS="1826"/>
                  <String HEIGHT="55"
                          WIDTH="214"
                          VPOS="2974"
                          HPOS="1780"
                          CONTENT="Cermaniae,"/>
                  <SP HEIGHT="55" WIDTH="15" VPOS="2974" HPOS="1994"/>
                  <String HEIGHT="55" WIDTH="76" VPOS="2974" HPOS="1948" CONTENT="&amp;"/>
                  <SP HEIGHT="55" WIDTH="15" VPOS="2974" HPOS="2025"/>
                  <String HEIGHT="55" WIDTH="31" VPOS="2974" HPOS="1963" CONTENT=""/>
               </TextLine>
               <TextLine ID="r4l75"
                         BASELINE="3062"
                         HEIGHT="51"
                         WIDTH="833"
                         VPOS="3011"
                         HPOS="1164">
                  <String HEIGHT="51"
                          WIDTH="159"
                          VPOS="3011"
                          HPOS="1151"
                          CONTENT="Qalliae,"/>
                  <SP HEIGHT="51" WIDTH="13" VPOS="3011" HPOS="1309"/>
                  <String HEIGHT="51" WIDTH="79" VPOS="3011" HPOS="1270" CONTENT="vt"/>
                  <SP HEIGHT="51" WIDTH="13" VPOS="3011" HPOS="1349"/>
                  <String HEIGHT="51"
                          WIDTH="185"
                          VPOS="3011"
                          HPOS="1309"
                          CONTENT="ecclesiae,"/>
                  <SP HEIGHT="51" WIDTH="13" VPOS="3011" HPOS="1495"/>
                  <String HEIGHT="51"
                          WIDTH="106"
                          VPOS="3011"
                          HPOS="1455"
                          CONTENT="quae"/>
                  <SP HEIGHT="51" WIDTH="13" VPOS="3011" HPOS="1561"/>
                  <String HEIGHT="51"
                          WIDTH="145"
                          VPOS="3011"
                          HPOS="1521"
                          CONTENT="prius);"/>
                  <SP HEIGHT="51" WIDTH="13" VPOS="3011" HPOS="1666"/>
                  <String HEIGHT="51"
                          WIDTH="172"
                          VPOS="3011"
                          HPOS="1627"
                          CONTENT="doluerant"/>
                  <SP HEIGHT="51" WIDTH="13" VPOS="3011" HPOS="1799"/>
                  <String HEIGHT="51" WIDTH="79" VPOS="3011" HPOS="1759" CONTENT="de"/>
                  <SP HEIGHT="51" WIDTH="13" VPOS="3011" HPOS="1838"/>
                  <String HEIGHT="51"
                          WIDTH="145"
                          VPOS="3011"
                          HPOS="1799"
                          CONTENT="auerso,"/>
                  <SP HEIGHT="51" WIDTH="13" VPOS="3011" HPOS="1944"/>
                  <String HEIGHT="51" WIDTH="66" VPOS="3011" HPOS="1904" CONTENT="&amp;"/>
                  <SP HEIGHT="51" WIDTH="13" VPOS="3011" HPOS="1971"/>
                  <String HEIGHT="51"
                          WIDTH="79"
                          VPOS="3011"
                          HPOS="1918"
                          CONTENT="per."/>
               </TextLine>
               <TextLine ID="r4l76"
                         BASELINE="3102"
                         HEIGHT="45"
                         WIDTH="836"
                         VPOS="3057"
                         HPOS="1149">
                  <String HEIGHT="45"
                          WIDTH="152"
                          VPOS="3057"
                          HPOS="1134"
                          CONTENT="uerso,"/>
                  <SP HEIGHT="45" WIDTH="15" VPOS="3057" HPOS="1286"/>
                  <String HEIGHT="45"
                          WIDTH="152"
                          VPOS="3057"
                          HPOS="1240"
                          CONTENT="postea"/>
                  <SP HEIGHT="45" WIDTH="15" VPOS="3057" HPOS="1392"/>
                  <String HEIGHT="45"
                          WIDTH="182"
                          VPOS="3057"
                          HPOS="1347"
                          CONTENT="gaudeant"/>
                  <SP HEIGHT="45" WIDTH="15" VPOS="3057" HPOS="1529"/>
                  <String HEIGHT="45" WIDTH="91" VPOS="3057" HPOS="1483" CONTENT="de"/>
                  <SP HEIGHT="45" WIDTH="15" VPOS="3057" HPOS="1575"/>
                  <String HEIGHT="45"
                          WIDTH="182"
                          VPOS="3057"
                          HPOS="1529"
                          CONTENT="reuerso,"/>
                  <SP HEIGHT="45" WIDTH="15" VPOS="3057" HPOS="1711"/>
                  <String HEIGHT="45"
                          WIDTH="137"
                          VPOS="3057"
                          HPOS="1666"
                          CONTENT="atque"/>
                  <SP HEIGHT="45" WIDTH="15" VPOS="3057" HPOS="1803"/>
                  <String HEIGHT="45"
                          WIDTH="198"
                          VPOS="3057"
                          HPOS="1757"
                          CONTENT="conuerso:"/>
                  <SP HEIGHT="45" WIDTH="15" VPOS="3057" HPOS="1955"/>
                  <String HEIGHT="45"
                          WIDTH="91"
                          VPOS="3057"
                          HPOS="1894"
                          CONTENT="ergo"/>
               </TextLine>
               <TextLine ID="r4l77"
                         BASELINE="3139"
                         HEIGHT="45"
                         WIDTH="830"
                         VPOS="3094"
                         HPOS="1155">
                  <String HEIGHT="45"
                          WIDTH="184"
                          VPOS="3094"
                          HPOS="1140"
                          CONTENT="videtur,"/>
                  <SP HEIGHT="45" WIDTH="15" VPOS="3094" HPOS="1324"/>
                  <String HEIGHT="45"
                          WIDTH="123"
                          VPOS="3094"
                          HPOS="1278"
                          CONTENT="quod"/>
                  <SP HEIGHT="45" WIDTH="15" VPOS="3094" HPOS="1401"/>
                  <String HEIGHT="45"
                          WIDTH="154"
                          VPOS="3094"
                          HPOS="1355"
                          CONTENT="corpus"/>
                  <SP HEIGHT="45" WIDTH="15" VPOS="3094" HPOS="1509"/>
                  <String HEIGHT="45"
                          WIDTH="169"
                          VPOS="3094"
                          HPOS="1462"
                          CONTENT="Christi"/>
                  <SP HEIGHT="45" WIDTH="15" VPOS="3094" HPOS="1631"/>
                  <String HEIGHT="45"
                          WIDTH="123"
                          VPOS="3094"
                          HPOS="1585"
                          CONTENT="vere"/>
                  <SP HEIGHT="45" WIDTH="15" VPOS="3094" HPOS="1708"/>
                  <String HEIGHT="45"
                          WIDTH="215"
                          VPOS="3094"
                          HPOS="1662"
                          CONTENT="diuidatur,"/>
                  <SP HEIGHT="45" WIDTH="15" VPOS="3094" HPOS="1877"/>
                  <String HEIGHT="45" WIDTH="77" VPOS="3094" HPOS="1831" CONTENT="&amp;"/>
                  <SP HEIGHT="45" WIDTH="15" VPOS="3094" HPOS="1908"/>
                  <String HEIGHT="45"
                          WIDTH="108"
                          VPOS="3094"
                          HPOS="1862"
                          CONTENT="hoc"/>
                  <SP HEIGHT="45" WIDTH="15" VPOS="3094" HPOS="1970"/>
                  <String HEIGHT="45"
                          WIDTH="77"
                          VPOS="3094"
                          HPOS="1908"
                          CONTENT="tam"/>
               </TextLine>
               <TextLine ID="r4l78"
                         BASELINE="3186"
                         HEIGHT="52"
                         WIDTH="829"
                         VPOS="3134"
                         HPOS="1155">
                  <String HEIGHT="52" WIDTH="94" VPOS="3134" HPOS="1139" CONTENT="ex"/>
                  <SP HEIGHT="52" WIDTH="16" VPOS="3134" HPOS="1233"/>
                  <String HEIGHT="52"
                          WIDTH="203"
                          VPOS="3134"
                          HPOS="1186"
                          CONTENT="praedicta"/>
                  <SP HEIGHT="52" WIDTH="16" VPOS="3134" HPOS="1390"/>
                  <String HEIGHT="52"
                          WIDTH="250"
                          VPOS="3134"
                          HPOS="1343"
                          CONTENT="confessione,"/>
                  <SP HEIGHT="52" WIDTH="16" VPOS="3134" HPOS="1593"/>
                  <String HEIGHT="52"
                          WIDTH="125"
                          VPOS="3134"
                          HPOS="1546"
                          CONTENT="quam"/>
                  <SP HEIGHT="52" WIDTH="16" VPOS="3134" HPOS="1671"/>
                  <String HEIGHT="52" WIDTH="94" VPOS="3134" HPOS="1624" CONTENT="ex"/>
                  <SP HEIGHT="52" WIDTH="16" VPOS="3134" HPOS="1718"/>
                  <String HEIGHT="52"
                          WIDTH="141"
                          VPOS="3134"
                          HPOS="1671"
                          CONTENT="conc:"/>
                  <SP HEIGHT="52" WIDTH="16" VPOS="3134" HPOS="1812"/>
                  <String HEIGHT="52"
                          WIDTH="141"
                          VPOS="3134"
                          HPOS="1765"
                          CONTENT="ionis"/>
                  <SP HEIGHT="52" WIDTH="16" VPOS="3134" HPOS="1906"/>
                  <String HEIGHT="52"
                          WIDTH="141"
                          VPOS="3134"
                          HPOS="1843"
                          CONTENT="sollemn"/>
               </TextLine>
               <TextLine ID="r4l79"
                         BASELINE="3235"
                         HEIGHT="68"
                         WIDTH="221"
                         VPOS="3167"
                         HPOS="1155">
                  <String HEIGHT="68"
                          WIDTH="255"
                          VPOS="3167"
                          HPOS="1121"
                          CONTENT="approbatione."/>
               </TextLine>
            </TextBlock>
         </PrintSpace>
      </Page>
   </Layout>
</alto>
