2365 3548
379 337 109 59 per
442 337 171 59 singula
566 337 187 59 peceata,
706 337 296 59 donec(adiuuante
956 337 171 59 domino)
1065 337 171 59 vniuersa-

377 385 115 56 lem
442 385 98 56 de
491 385 180 56 omnibus
623 385 213 56 incipiant
787 385 164 56 habere
902 385 295 56 displicentiam,
1148 385 82 56 &
1164 385 82 56 tuc

372 427 122 45 iste
448 427 228 45 vniuersalis
631 427 137 45 motus
722 427 228 45 voluntatis,
905 427 107 45 quo
966 427 137 45 omnia
1042 427 198 45 displicent,

375 474 149 46 quibus
479 474 179 46 offensus
614 474 104 46 est
673 474 134 46 Deus,
763 474 75 46 a
793 474 134 46 primo
882 474 164 46 dicitur
1001 474 209 46 contritio:
1151 474 89 46 quia

370 502 109 52 res
433 502 109 52 non
495 502 218 52 conteritur
666 502 124 52 nisi
744 502 155 52 quando
852 502 93 52 in
899 502 155 52 minima
1008 502 233 52 resoluitur,
1179 502 62 52 vt

377 553 147 43 patet
475 553 114 43 per
540 553 163 43 Arist.
654 553 114 43 lib
719 553 82 43 a
752 553 228 43 metheorum.
931 553 114 43 Sed
997 553 179 43 quamdiu
1111 553 114 43 volur

383 585 109 46 tas
446 585 141 46 manet
540 585 188 46 indurata
680 585 109 46 per
743 585 234 46 allectionem
930 585 141 46 vnius
1024 585 188 46 peccati,
1165 585 109 46 tam

374 624 109 48 diu
437 624 109 48 non
499 624 109 48 est
562 624 94 48 in
608 624 156 48 minima
717 624 203 48 resoluta.
873 624 125 48 Vnde
951 624 140 48 talis
1045 624 140 48 motus
1123 624 109 48 prae-

367 668 161 41 cedens
480 668 274 41 contritionem,
705 668 113 41 quo
770 668 193 41 peccator
915 668 226 41 suceessiue
1076 668 161 41 procedit

378 705 93 46 de
424 705 248 46 displicentia
625 705 139 46 vnius
718 705 186 46 peccati,
857 705 170 46 proprie
981 705 201 46 loquendo,
1121 705 108 46 voca-

377 736 113 53 tur
442 736 210 53 attritio;
603 736 129 53 quia
684 736 129 53 tali
765 736 129 53 motu
846 736 194 53 procedit
991 736 129 53 homo
1072 736 97 53 de
1121 736 113 53 vno
1169 736 65 53 in

389 779 145 55 liud,
486 779 113 55 seu
550 779 97 55 ad
599 779 161 55 aliud,
712 779 226 55 voluntatem
889 779 129 55 suam
970 779 194 55 terendo,
1115 779 81 55 &
1131 779 113 55 fran

351 819 212 58 gendo.

389 860 96 47 Et
437 860 128 47 hinc
517 860 128 47 est,
596 860 128 47 quod
676 860 191 47 doctores
820 860 207 47 quandoque
979 860 175 47 dicunt,
1106 860 128 47 quod
1170 860 64 47 at

381 903 146 44 tritio
484 903 146 44 semper
586 903 117 44 isto
659 903 190 44 informis,
805 903 102 44 hoc
863 903 102 44 est
921 903 117 44 sine
994 903 175 44 caritate
1126 903 73 44 :
1140 903 88 44 quia

372 935 175 52 quamdiu
499 935 127 52 isto
578 935 127 52 modo
658 935 175 52 teritur
785 935 190 52 voluntas
928 935 95 52 de
975 935 206 52 aliquibus
1134 935 79 52 &
1150 935 79 52 non

385 977 89 43 de
430 977 178 43 omnibus,
563 977 149 43 tamdiu
667 977 134 43 caret
757 977 163 43 virtute
876 977 178 43 deificae
1009 977 208 43 caritatis.
1173 977 104 43 Sed

381 1015 190 48 contritio
527 1015 146 48 semper
630 1015 102 48 est
688 1015 204 48 informata,
849 1015 102 48 hoc
907 1015 117 48 est,
980 1015 175 48 caritate
1097 1015 146 48 allocia-

383 1059 105 43 ta:
443 1059 120 43 quia
518 1059 120 43 Vera
593 1059 210 43 contritio,
758 1059 120 43 quae
832 1059 105 43 est
892 1059 225 43 vniuersalis
1072 1059 150 43 omnium
1162 1059 75 43 pec

383 1092 174 45 catorum
510 1092 268 45 displicentia,
731 1092 174 45 numquam
857 1092 111 45 est
920 1092 126 45 sine
999 1092 205 45 caritate.
1141 1092 95 45 Alio

375 1133 121 48 modo
450 1133 151 48 potest
556 1133 136 48 glosa
647 1133 196 48 praedicta
798 1133 196 48 intelligi
949 1133 106 48 pro
1009 1133 166 48 tempore
1115 1133 121 48 sequen

378 1178 92 45 ti
424 1178 138 45 veram
515 1178 260 45 contritionem,
730 1178 122 45 quia
806 1178 138 45 dato,
898 1178 122 45 quod
975 1178 122 45 homo
1051 1178 107 45 per
1097 1178 138 45 gratiam

376 1215 159 48 gratis
487 1215 143 48 datam
583 1215 143 48 cito,
678 1215 79 48 &
710 1215 127 48 sine
789 1215 143 48 magna
884 1215 254 48 difficultate
1075 1215 159 48 contera-

378 1261 104 36 tur
437 1261 89 36 de
482 1261 163 36 omnibus
601 1261 119 36 suis
675 1261 178 36 peccatis
808 1261 89 36 in
853 1261 193 36 generali,
1001 1261 104 36 qua
1060 1261 208 36 contritio

378 1294 108 44 ne
432 1294 270 44 consequitur
648 1294 270 44 remissionem
864 1294 180 44 omnium
990 1294 270 44 peccatorum,
1188 1294 54 44 &

391 1327 173 56 gratiam
517 1327 315 56 gratumfacientem:
785 1327 142 56 tamen
880 1327 95 56 ad
927 1327 189 56 receptae
1069 1327 158 56 gratie
1163 1327 79 56 com

383 1364 219 46 eruationem
555 1364 141 46 valde
649 1364 109 46 est
711 1364 234 46 necessarium
899 1364 125 46 tali
977 1364 172 46 homini,
1102 1364 94 46 vt
1133 1364 109 46 actus

375 1403 242 52 contritionis
572 1403 91 52 in
617 1403 121 52 ipso
693 1403 242 52 continuetur,
889 1403 76 52 &
919 1403 121 52 quod
995 1403 91 52 de
1040 1403 182 52 singulis
1161 1403 76 52 pec

386 1446 166 44 catis,
503 1446 166 44 quorum
619 1446 166 44 potest
735 1446 166 44 habere
852 1446 216 44 memoriam,
1001 1446 233 44 singulariter

373 1487 235 50 conteratur.
561 1487 110 50 Nam
624 1487 157 50 infusa
734 1487 157 50 gratia
843 1487 94 50 in
890 1487 141 50 prima
984 1487 235 50 contritione
1157 1487 78 50 li-

392 1522 112 48 cet
456 1522 192 48 expellat
600 1522 208 48 peccatum:
759 1522 144 48 tamen
855 1522 112 48 non
919 1522 192 48 expellit
1046 1522 208 48 inclinatio.

388 1563 117 51 nem
455 1563 101 51 ad
506 1563 235 51 peccandum:
690 1563 84 51 &
724 1563 134 51 ideo
808 1563 134 51 nisi
892 1563 218 51 huiusmodi
1059 1563 185 51 morbida
1177 1563 67 51 in

387 1604 190 47 clinatio
530 1604 190 47 tollatur
672 1604 111 47 per
735 1604 253 47 frequentatam
941 1604 285 47 displicentiam,
1163 1604 79 47 qua

379 1642 111 48 cor
443 1642 207 48 contritum
602 1642 175 48 singula
729 1642 175 48 peccata
856 1642 254 48 singulariter
1062 1642 191 48 deploret
1189 1642 64 48 de

396 1693 144 42 acili
492 1693 209 42 poenitens
653 1693 241 42 recidiuabit
845 1693 96 42 in
893 1693 209 42 peccatum,
1054 1693 80 42 &
1086 1693 144 42 erunt
1166 1693 80 42 no-

394 1726 162 45 uissima
512 1726 162 45 hominis
630 1726 147 45 illius
732 1726 147 45 perora
835 1726 206 45 prioribus,
997 1726 132 45 sicut
1085 1726 162 45 dicitur
1188 1726 59 45 in

372 1763 217 51 euangelio.

423 1794 140 59 Forte
516 1794 155 59 contra
624 1794 124 59 hanc
702 1794 202 59 veritatem
857 1794 171 59 dicetur
965 1794 93 59 sic-

427 1841 85 48 1
461 1841 325 48 Postremissionem
734 1841 188 48 peccati
871 1841 120 48 non
939 1841 154 48 manet
1042 1841 171 48 pudor;
1144 1841 103 48 ergo

388 1880 119 44 non
456 1880 152 44 debet
557 1880 169 44 manere
676 1880 169 44 dolor,
795 1880 119 44 nec
862 1880 119 44 per
930 1880 237 44 consequens
1100 1880 152 44 manebit

389 1919 233 44 contritio.
573 1919 233 44 Antecedens
756 1919 150 44 patet
856 1919 117 44 per
923 1919 233 44 Ambrosium,
1106 1919 117 44 qui
1156 1919 100 44 ait.

387 1958 139 43 Nihil
479 1958 155 43 habet,
588 1958 124 43 quod
665 1958 216 43 erubescat,
835 1958 108 43 cui
897 1958 186 43 peccatum
1036 1958 186 43 dimissum
1160 1958 77 43 est

396 1997 188 42 Probatur
538 1997 267 42 consequentia,
757 1997 126 42 quia
836 1997 141 42 sicut
930 1997 173 42 peccato
1056 1997 173 42 debetur
1166 1997 78 42 do-

394 2036 118 48 lor,
468 2036 103 48 ita
527 2036 133 48 etiam
616 2036 89 48 ei
660 2036 162 48 debetur
763 2036 118 48 nudor.

401 2080 83 46 2
435 2080 232 46 Praeterea,
617 2080 149 46 dolor
717 2080 199 46 secundum
866 2080 133 46 Aug.
949 2080 116 46 est
1016 2080 100 46 de
1065 2080 133 46 malo
1132 2080 116 46 prae-

395 2116 162 41 senti;
508 2116 113 41 sed
573 2116 194 41 postquam
719 2116 146 41 malum
816 2116 194 41 dimissum
962 2116 130 41 est,
1043 2116 130 41 tunc
1123 2116 113 41 non
1172 2116 81 41 est

406 2153 186 53 praesens,
549 2153 100 53 sed
606 2153 229 53 praeteritum;
793 2153 115 53 ergo
850 2153 72 53 &c.

429 2191 77 50 3
459 2191 92 50 Pr
505 2191 168 50 eterea,
628 2191 153 50 illud,
735 2191 122 50 quod
811 2191 92 50 de
857 2191 92 50 se
903 2191 107 50 est
964 2191 153 50 malum,
1071 2191 77 50 &
1087 2191 168 50 naturali-

398 2237 112 47 ter
462 2237 225 47 fugiendum,
639 2237 112 47 hoc
703 2237 112 47 non
767 2237 112 47 est
832 2237 241 47 assumendum,
1024 2237 128 47 nisi
1088 2237 161 47 vltimate

409 2274 104 44 sit
469 2274 237 44 necessarium:
661 2274 104 44 sed
721 2274 134 44 dolor
810 2274 104 44 est
869 2274 119 44 quid
943 2274 134 44 malum
1032 2274 89 44 de
1077 2274 104 44 se,
1136 2274 74 44 &
1151 2274 89 44 natu

398 2312 179 53 raliter
528 2312 228 53 fugiendum,
707 2312 114 53 nec
772 2312 179 53 apparet
902 2312 244 53 necessitas,
1098 2312 114 53 cum
1146 2312 98 53 Deui

405 2349 190 54 dimiserit
537 2349 132 54 culpas.

437 2392 243 41 Respondeo
624 2392 112 41 ad
680 2392 206 41 primum,
830 2392 149 41 nego
923 2392 336 41 consequentiam.

431 2434 98 48 Ad
480 2434 245 48 probationem
675 2434 196 48 dicedum,
822 2434 130 48 quod
904 2434 114 48 non
969 2434 114 48 est
1034 2434 179 48 simile;
1148 2434 98 48 quia

397 2469 143 44 pudor
492 2469 190 44 respicit
635 2469 190 44 peccatum
778 2469 174 44 ratione
904 2469 269 44 turpitudinis,
1126 2469 79 44 &
1142 2469 111 44 macu-

401 2511 118 39 lae:
475 2511 104 39 sed
534 2511 133 39 dolor
623 2511 163 39 ratione
741 2511 148 39 damni,
845 2511 74 39 &
874 2511 163 39 ratione
993 2511 163 39 diuinae
1096 2511 148 39 offensae

405 2546 91 48 Et
450 2546 121 48 quia
526 2546 167 48 remisso
647 2546 167 48 peccato
768 2546 151 48 cessat
874 2546 167 48 macula,
996 2546 121 48 ideo
1071 2546 151 48 cessat
1162 2546 91 48 con-

411 2590 154 49 tritio
518 2590 169 49 quantum
641 2590 92 49 ad
687 2590 138 49 actum
780 2590 184 49 pudoris,
918 2590 77 49 &
949 2590 277 49 erubescentiae:
1179 2590 108 49 dam

399 2624 115 45 num
464 2624 147 45 autem
562 2624 147 45 manet
661 2624 213 45 neglectae
824 2624 213 45 virtutis,
988 2624 82 45 &
1004 2624 246 45 inclinationis

403 2663 94 44 ad
450 2663 157 44 malum:
560 2663 125 44 ideo
638 2663 172 44 quamuis
764 2663 110 44 cum
826 2663 110 44 Deo
889 2663 141 44 facta
983 2663 110 44 sit
1045 2663 235 44 reconcilia.

398 2704 132 46 tio,
480 2704 148 46 tamen
579 2704 165 46 manere
694 2704 148 46 debet
793 2704 231 46 contritio,
974 2704 181 46 quantum
1106 2704 99 46 ad
1139 2704 115 46 actum

405 2742 192 42 doloris;
549 2742 160 42 semper
661 2742 128 42 enim
741 2742 160 42 sentit
853 2742 208 42 poenitens
1013 2742 176 42 damnum,
1141 2742 96 42 de
1173 2742 80 42 quo

404 2784 151 43 dolere
510 2784 151 43 debet,
615 2784 166 43 quamdiu
736 2784 151 43 sentit
842 2784 91 43 in
887 2784 91 43 se
933 2784 257 43 difficultatem
1144 2784 91 43 ad
1174 2784 76 43 bo-

398 2827 140 47 num,
485 2827 87 47 &
520 2827 245 47 pronitatem
712 2827 105 47 ad
765 2827 175 47 malum,
887 2827 140 47 immo
974 2827 140 47 quod
1062 2827 140 47 plus
1149 2827 140 47 est,

398 2864 156 40 semper
508 2864 188 40 inueniet
649 2864 94 40 in
696 2864 110 40 se,
758 2864 94 40 de
805 2864 110 40 quo
868 2864 156 40 dolere
977 2864 156 40 debet,
1087 2864 172 40 quamdiu
1196 2864 63 40 vi

409 2901 99 46 uet
465 2901 85 46 in
508 2901 99 46 hoc
564 2901 141 46 mundo,
663 2901 113 46 quia
733 2901 197 46 verisimile
888 2901 113 46 esse
959 2901 169 46 videtur,
1086 2901 113 46 quod
1142 2901 113 46 quili-

398 2936 124 48 bet
469 2936 247 48 saluandus,
663 2936 177 48 quando
787 2936 194 48 venerit
928 2936 106 48 ad
981 2936 212 48 supremum
1123 2936 141 48 gradum

418 2981 224 42 erfectionis
597 2981 119 42 sibi
672 2981 75 42 a
701 2981 104 42 Deo
761 2981 283 42 praedestinatum,
1000 2981 89 42 si
1044 2981 119 42 tunc
1119 2981 134 42 nihil
1193 2981 60 42 in

410 3023 119 46 pso
478 3023 119 46 est
546 3023 222 46 purgandum
717 3023 222 46 vlterius,
888 3023 136 46 tunc
973 3023 222 46 immediate
1144 3023 102 46 ab
1178 3023 85 46 hac

402 3059 173 48 mortali
528 3059 126 48 vita
606 3059 204 48 assumetur
763 3059 94 48 ad
810 3059 188 48 aeternam
952 3059 157 48 vitam:
1062 3059 157 48 tantum
1156 3059 94 48 ergo

398 3094 137 57 homo
483 3094 205 57 retardat
637 3094 154 57 istum
740 3094 239 57 beatificum
928 3094 239 57 transitum,
1099 3094 154 57 quantum

397 3137 173 55 tempus
518 3137 208 55 expendit
674 3137 104 55 in
726 3137 243 55 pecratorum
916 3137 243 55 duratione,
1107 3137 87 55 &
1124 3137 139 55 expen-

400 3170 136 71 dere
485 3170 222 71 oportebit
656 3170 102 71 in
707 3170 239 71 peccatorum
894 3170 273 71 emendatione.
1116 3170 102 71 Et
1150 3170 119 71 idee,

1261 315 176 73 quamdiu
1389 315 160 73 viuit,
1500 315 255 73 sufficientem
1708 315 96 73 in
1756 315 112 73 hoc
1820 315 144 73 habet
1915 315 192 73 materiam
2043 315 80 73 do-

1264 368 172 55 loris,
1384 368 86 55 &
1418 368 189 55 gemendo
1556 368 172 55 dicere
1676 368 189 55 poterit
1814 368 120 55 cum
1882 368 223 55 propheta,
2037 368 86 55 Hei

1264 409 141 64 mihi:
1358 409 125 64 quia
1436 409 203 64 incolatus
1593 409 125 64 meus
1671 409 235 64 prolongatus
1843 409 78 64 est

1291 442 101 62 Ad
1342 442 203 62 secundum
1494 442 220 62 dicendum,
1663 442 135 62 quod
1747 442 135 62 bene
1832 442 253 62 aduertendo,
2018 442 101 62 quae

1255 486 116 58 iam
1321 486 149 58 dicta
1420 486 149 58 sunt,
1519 486 132 58 tunc
1601 486 99 58 si
1651 486 132 58 homo
1733 486 165 58 vnicum
1849 486 182 58 mortale
1964 486 165 58 fecisset

1261 525 204 67 peccatum:
1419 525 142 67 adhuc
1513 525 142 67 tamen
1607 525 157 67 semper
1717 525 204 67 inueniret
1874 525 189 67 praesens
2000 525 126 67 malum,

1269 563 90 59 de
1314 563 105 59 quo
1374 563 149 59 dolere
1478 563 164 59 posset,
1598 563 75 59 &
1627 563 179 59 deberet.
1762 563 149 59 Potest
1866 563 134 59 etiam
1956 563 134 59 dici,
2030 563 90 59 quod

1255 606 147 56 licet
1353 606 179 56 peracta
1483 606 147 56 prima
1581 606 245 56 contritione
1777 606 212 56 peccatum,
1940 606 82 56 &
1956 606 163 56 offensa,

1266 642 135 70 quam
1351 642 203 70 incurrit
1503 642 135 70 homo
1588 642 118 70 per
1655 642 220 70 peccatum,
1824 642 203 70 vlterius
1977 642 118 70 non
2027 642 102 70 sint

1268 691 204 54 praesentia
1429 691 87 54 in
1472 691 175 54 effectu;
1604 691 131 54 tamen
1691 691 117 54 sunt
1764 691 204 54 praesentia
1924 691 87 54 in
1953 691 175 54 recordatio

1258 723 102 56 nis
1317 723 205 56 prospectu;
1478 723 73 56 &
1507 723 190 56 huiusmodi
1654 723 205 56 praesentia
1815 723 176 56 sufficit
1946 723 88 56 ad
1976 723 146 56 dolorem,

1265 764 113 53 Non
1329 764 145 53 solum
1426 764 129 53 enim
1507 764 97 53 de
1556 764 275 53 praesentibus,
1782 764 145 53 verum
1879 764 145 53 etiam
1976 764 97 53 de
2008 764 113 53 prae-

1260 806 165 61 teritis,
1384 806 69 61 &
1412 806 151 61 futuris
1522 806 124 61 malis
1604 806 151 61 poterit
1714 806 110 61 esse
1783 806 138 61 dolor,
1879 806 124 61 dato,
1962 806 110 61 quod
2017 806 110 61 mentis

1267 852 205 56 prospectui
1428 852 278 56 praesentialiter
1648 852 190 56 offerantur.

1282 873 100 70 Ad
1332 873 184 70 tertium
1466 873 218 70 dicendum,
1634 873 134 70 quod
1717 873 151 70 minor
1818 873 117 70 non
1885 873 117 70 est
1952 873 151 70 vera,
2035 873 84 70 lo-

1261 922 163 62 quendo
1375 922 98 62 de
1424 922 180 62 dolore,
1555 922 114 62 qui
1620 922 114 62 pro
1685 922 180 62 obiecto
1816 922 147 62 habet
1914 922 147 62 malum
1995 922 131 62 culpe-

1268 963 125 60 quia
1347 963 188 60 opposita
1487 963 141 60 circa
1581 963 125 60 idem
1659 963 188 60 opposito
1800 963 125 60 modo
1878 963 94 60 se
1925 963 172 60 habent:
2050 963 109 60 sed

1277 1017 164 51 audere
1391 1017 98 51 de
1441 1017 131 51 malo
1522 1017 164 51 culpae
1637 1017 115 51 est
1703 1017 164 51 malum;
1818 1017 98 51 er
1867 1017 82 51 o
1900 1017 164 51 dolere
2014 1017 98 51 de
2047 1017 82 51 ma-

1261 1052 100 49 lo
1311 1052 167 49 culpae
1428 1052 117 49 non
1495 1052 117 49 est
1562 1052 167 49 malum,
1679 1052 117 49 sed
1746 1052 117 49 est
1796 1052 117 49 bonum

1356 1132 568 67 ARTICVLVS
1750 1132 262 67 1Ii.

1393 1222 156 68 vtrum
1497 1222 278 68 contritionis
1723 1222 156 68 dolor
1827 1222 174 68 omnium
1931 1222 87 68 ma-

1541 1271 153 73 ximus
1643 1271 136 73 esse
1711 1271 153 73 debeat.

1282 1333 218 82 SVANTVM
1441 1333 119 82 ad
1500 1333 218 82 tertium
1659 1333 258 82 articulum
1857 1333 139 82 est
1917 1333 218 82 aduerten-

1404 1394 124 58 dum,
1481 1394 124 58 quod
1559 1394 140 58 dolor
1652 1394 248 58 contritionis
1853 1394 217 58 dupliciter
2008 1394 124 58 potest

1269 1437 175 60 accipi.
1396 1437 111 60 Vno
1460 1437 143 60 modo,
1556 1437 96 60 vt
1603 1437 111 60 est
1667 1437 96 60 in
1715 1437 143 60 parte
1811 1437 159 60 animae
1906 1437 223 60 intellectiua

1270 1473 124 56 Alio
1347 1473 139 56 modo,
1440 1473 93 56 vt
1486 1473 108 56 est
1548 1473 93 56 in
1595 1473 139 56 parte
1688 1473 201 56 sensitiua
1843 1473 139 56 Primo
1936 1473 139 56 modo,
2029 1473 108 56 est
2075 1473 62 56 di

1277 1516 219 59 splicentia
1449 1516 234 59 voluntatis,
1636 1516 109 59 qua
1699 1516 203 59 poenitens
1855 1516 187 59 peccatum
1980 1516 156 59 detesta-

1274 1557 114 48 tur.
1345 1557 85 48 Et
1387 1557 114 48 isto
1458 1557 114 48 modo
1529 1557 142 48 dolor,
1629 1557 99 48 vel
1686 1557 99 48 est
1743 1557 114 48 ipsa
1814 1557 185 48 contritio
1941 1557 185 48 essentiali-

1273 1601 122 48 ter,
1349 1601 107 48 vel
1410 1601 152 48 saltem
1516 1601 107 48 est
1577 1601 91 48 de
1623 1601 183 48 essentia
1760 1601 259 48 contritionis.
1973 1601 168 48 Secundo
2080 1601 61 48 mo

1276 1637 86 50 do
1319 1637 100 50 est
1376 1637 143 50 aliqua
1476 1637 186 50 afflictio
1618 1637 157 50 suborta
1732 1637 86 50 in
1775 1637 243 50 sensualitate,
1975 1637 71 50 &
2004 1637 114 50 hoc,
2061 1637 71 50 vel

1272 1675 91 52 ex
1317 1675 182 52 naturali
1454 1675 167 52 sequela
1575 1675 151 52 virium
1681 1675 212 52 inferiorum
1847 1675 91 52 ad
1893 1675 227 52 superiores,
2059 1675 76 52 vel

1274 1723 95 45 ex
1322 1723 158 45 quadam
1432 1723 237 45 redundantia
1622 1723 142 45 eius,
1717 1723 126 45 quod
1795 1723 174 45 geritur
1922 1723 95 45 in
1969 1723 174 45 viribus
2080 1723 63 45 su

1285 1757 220 49 perioribus
1458 1757 94 49 ad
1506 1757 142 49 vires
1600 1757 236 49 inferiores;
1789 1757 142 49 Sicut
1883 1757 126 49 enim
1962 1757 189 49 gaudium,
2088 1757 47 49 &

1273 1803 239 46 delectatio
1461 1803 171 46 virium
1580 1803 239 46 superiorum
1768 1803 205 46 redundat
1922 1803 222 46 quandoque
2076 1803 68 46 in

1283 1842 130 54 vires
1369 1842 202 54 inferiores
1527 1842 187 54 intantum,
1671 1842 115 54 quod
1743 1842 130 54 etiam
1830 1842 130 54 dotes
1916 1842 245 54 glorificatio

1281 1882 104 53 nis
1340 1882 89 53 ex
1385 1882 104 53 hoc
1444 1882 193 53 causantur
1592 1882 89 53 in
1637 1882 163 53 viribus
1756 1882 252 53 corporalibus,
1963 1882 133 53 sicut
2037 1882 104 53 infe-

1287 1917 107 45 rius
1354 1917 121 45 dist.
1434 1917 94 45 20.
1488 1917 80 45 q.
1528 1917 80 45 1.
1568 1917 188 45 apparebit,
1716 1917 94 45 sic
1769 1917 121 45 etiam
1850 1917 134 45 dolor,
1943 1917 67 45 &
1970 1917 174 45 tristitia
2091 1917 40 45 a

1297 1956 152 46 iribus
1403 1956 152 46 superi
1510 1956 152 46 pribus
1616 1956 198 46 quandoque
1769 1956 91 46 ad
1814 1956 137 46 vires
1906 1956 213 46 inferiores
2058 1956 76 46 re-

1284 1995 202 44 dundant.
1436 1995 118 44 Vel
1503 1995 151 44 etiam
1604 1995 168 44 tertio
1722 1995 135 44 modo
1806 1995 101 44 ex
1856 1995 185 44 imperio
1974 1995 168 44 volunta-

1282 2038 105 43 tis
1342 2038 180 43 dolentis
1477 2038 150 43 potest
1581 2038 195 43 quandoque
1731 2038 224 43 sensualitas
1911 2038 180 43 incitari
2045 2038 90 43 ad
2075 2038 60 43 do

1291 2086 136 36 orem,
1382 2086 76 36 &
1412 2086 212 36 passionem.
1579 2086 91 36 Et
1624 2086 121 36 iste
1700 2086 136 36 dolor
1791 2086 182 36 existens
1927 2086 91 36 in
1957 2086 182 36 sensualita

1291 2115 89 51 te
1336 2115 104 51 non
1395 2115 104 51 est
1455 2115 223 51 necessitate
1633 2115 178 51 vltimata
1767 2115 149 51 ipsius
1871 2115 253 51 contritionis.
2064 2115 74 51 Po-

1280 2157 125 41 test
1359 2157 125 41 enim
1437 2157 203 41 quandoque
1593 2157 125 41 vera
1671 2157 125 41 esse
1749 2157 203 41 contritio
1906 2157 94 41 ex
1952 2157 125 41 solo
2015 2157 125 41 dolore

1286 2198 202 47 existente
1442 2198 93 47 in
1488 2198 202 47 voluntate
1643 2198 186 47 peccatum
1783 2198 233 47 detestante,
1969 2198 140 47 dato,
2047 2198 93 47 quod

1293 2236 146 45 nullus
1395 2236 131 45 dolor
1483 2236 102 45 pro
1541 2236 117 45 tunc
1614 2236 102 45 sit
1672 2236 87 45 in
1716 2236 117 45 ipsa
1789 2236 248 45 sensualitate;
1993 2236 117 45 quia
2051 2236 102 45 talis

1280 2274 141 44 dolor
1374 2274 110 44 non
1437 2274 156 44 semper
1546 2274 110 44 est
1609 2274 94 44 in
1656 2274 203 44 potestate
1812 2274 188 44 hominis:
1953 2274 125 44 ideo
2016 2274 125 44 diuina

1290 2316 252 45 misericordia
1495 2316 142 45 vsque
1590 2316 95 45 ad
1637 2316 142 45 illum
1731 2316 173 45 dolorem
1857 2316 110 45 non
1920 2316 173 45 limitat
2031 2316 110 45 veram

1280 2358 274 47 contritionem.
1506 2358 113 47 est
1570 2358 145 47 tamen
1667 2358 210 47 huiusmodi
1828 2358 145 47 dolor
1925 2358 97 47 de
1958 2358 177 47 perfectio

1286 2396 95 48 ne
1334 2396 268 48 contritionis;
1554 2396 126 48 quia
1633 2396 158 48 quanto
1744 2396 189 48 pluribus
1886 2396 142 48 modis
1980 2396 142 48 dolet
2059 2396 79 48 ho-

1291 2435 93 50 mo
1338 2435 93 50 de
1385 2435 202 50 commissis
1540 2435 202 50 peccatis,
1695 2435 140 50 tanto
1788 2435 171 50 ceteris
1912 2435 171 50 paribus
2021 2435 124 50 perfe-

1294 2473 136 47 ctius
1385 2473 167 47 videtur
1506 2473 121 47 esse
1582 2473 212 47 contritus.
1749 2473 106 47 His
1809 2473 227 47 praemissis,
1991 2473 121 47 pono
2052 2473 91 47 duas

1263 2508 244 52 conclusiones

1336 2524 134 83 Prima
1425 2524 119 83 est,
1499 2524 119 83 quod
1574 2524 134 83 dolor
1663 2524 223 83 spiritualis
1841 2524 148 83 ipsius
1930 2524 208 83 contritionis

1295 2589 149 48 buta,
1395 2589 149 48 dolor
1494 2589 264 48 contritionis
1708 2589 149 48 primo
1808 2589 132 48 modo
1890 2589 198 48 acceptus
2022 2589 116 48 debes

1293 2633 125 43 esse
1371 2633 140 43 maior
1465 2633 125 43 omni
1543 2633 125 43 alio
1606 2633 140 43 dolore,

1299 2674 84 35 1
1333 2674 152 35 Quia,
1434 2674 168 35 quanto
1552 2674 202 35 alicuius
1703 2674 135 35 boni
1787 2674 236 35 coniunctio
1973 2674 152 35 magis
2057 2674 84 35 de-

1296 2707 107 56 bet
1357 2707 183 56 placere,
1494 2707 138 56 tanto
1586 2707 183 56 separans
1724 2707 76 56 a
1754 2707 122 56 tali
1831 2707 122 56 bono
1907 2707 138 56 magis
1999 2707 138 56 debet
2076 2707 76 56 di-

1284 2748 208 40 splicere:
1444 2748 112 40 sed
1508 2748 225 40 coniunctio
1685 2748 160 40 animae
1797 2748 112 40 cum
1861 2748 128 40 Deo,
1942 2748 112 40 qui
2006 2748 112 40 est
2054 2748 96 40 sum-

1298 2793 115 42 mum
1363 2793 165 42 bonum,
1479 2793 148 42 debet
1578 2793 148 42 summe
1677 2793 198 42 placere,
1825 2793 82 42 &
1858 2793 148 42 talis
1940 2793 198 42 coniunctio

1294 2830 215 45 mpeditur
1455 2830 125 45 per
1527 2830 233 45 peccatum:
1706 2830 143 45 omne
1795 2830 143 45 enim
1885 2830 197 45 mortale
2010 2830 143 45 pecca-

1292 2868 116 44 tum
1359 2868 183 44 separat
1492 2868 83 44 a
1525 2868 133 44 Deo;
1608 2868 133 44 ergo
1691 2868 183 44 mortale
1824 2868 199 44 peccatum
1974 2868 150 44 debet
2057 2868 83 44 ho-

1290 2911 130 56 mini
1371 2911 163 56 maxime
1485 2911 244 56 displicere:
1680 2911 211 56 huiusmodi
1842 2911 146 56 autem
1924 2911 228 56 displicentia

1287 2947 107 55 est
1348 2947 138 55 dolor
1440 2947 261 55 contritionis:
1655 2947 123 55 ergo
1717 2947 61 55 &c

1293 2983 82 51 2
1325 2983 229 51 Praeterea,
1505 2983 164 51 quanto
1620 2983 180 51 tenemur
1751 2983 180 51 aliquid
1882 2983 147 51 magis
1964 2983 180 51 diligere,

1286 3022 148 58 tanto
1384 3022 99 58 de
1434 3022 132 58 eius
1516 3022 214 58 amissione
1680 3022 181 58 tenemur
1812 3022 148 58 magis
1910 3022 181 58 dolere,
2042 3022 115 58 sed
2091 3022 66 58 De

1288 3072 93 47 um
1335 3072 171 47 tenemur
1460 3072 187 47 diligere
1600 3072 140 47 super
1693 3072 140 47 omnia
1786 3072 78 47 :
1817 3072 124 47 ergo
1895 3072 93 47 de
1942 3072 187 47 peccato,
2066 3072 78 47 ra-

1289 3103 153 47 tione
1391 3103 153 47 cuius
1493 3103 136 47 Deum
1578 3103 153 47 nobis
1680 3103 204 47 offensum
1833 3103 238 47 amittimus,
2003 3103 153 47 tenemur

1295 3142 176 57 maxime
1419 3142 194 57 dolere.
1559 3142 158 57 Maior
1665 3142 176 57 patet:
1788 3142 141 57 quia
1876 3142 211 57 secundum
2017 3142 141 57 beatum

1296 3181 126 55 Aug.
1375 3181 94 55 in
1422 3181 94 55 de
1469 3181 110 55 ci.
1532 3181 126 55 Dei,
1611 3181 141 55 omnis
1705 3181 141 55 dolor
1799 3181 94 55 in
1846 3181 141 55 amore
1941 3181 204 55 fundatur:
2082 3181 63 55 Ei
