2414 3571
258 313 104 60 uae
318 313 119 60 sunt
392 313 223 60 respectiua,
571 313 193 60 fundantur
719 313 89 60 in
764 313 119 60 suis
838 313 238 60 sundamentis,
1017 313 89 60 tam-

257 358 110 53 uam
320 358 94 53 in
367 358 204 53 subiectis
508 358 172 53 proximis.

253 402 109 51 Sed
316 402 171 51 contra,
440 402 124 51 ista
517 402 109 51 est
579 402 155 51 primo,
688 402 78 51 &
719 402 171 51 directe
843 402 155 51 opinio
936 402 171 51 quorundam

245 441 110 47 qui
308 441 172 47 dicunt,
433 441 125 47 quod
511 441 203 47 quodlibet
668 441 188 47 accidens
809 441 94 47 in
856 441 219 47 sacramento
1012 441 94 47 alt-

242 484 112 49 ris
306 484 192 49 existens
450 484 112 49 est
514 484 160 49 omnino
626 484 128 49 sine
705 484 208 49 subiecto,
865 484 112 49 tam
929 484 160 49 primo,
1025 484 96 49 quam

219 517 185 55 proximo.

245 551 92 46 1.
291 551 138 46 Quia,
383 551 92 46 vt
429 551 123 46 isti
505 551 169 46 dicunt,
628 551 138 46 nihil
720 551 153 46 potest
828 551 199 46 dependere
981 551 123 46 tali
1042 551 77 46 de-

247 597 228 55 pendentia,
426 597 163 55 qualem
540 597 212 55 terminat:
703 597 114 55 sed
769 597 130 55 omne
850 597 196 55 accidens
981 597 130 55 depen-

252 635 106 55 det
312 635 226 55 dependentia
493 635 226 55 subiectiua,
674 635 121 55 quae
750 635 226 55 dependentia
931 635 166 55 proprie
1037 635 75 55 ter

241 676 172 52 minatur
367 676 94 52 ad
414 676 219 52 subiectum:
586 676 125 52 ergo
664 676 157 52 nullum
774 676 188 52 accidens
915 676 157 52 potest
1009 676 94 52 essi

237 715 213 47 subiectum,
404 715 76 47 &
435 715 106 47 per
495 715 213 47 consequens
663 715 167 47 sublata
784 715 213 47 substantia
952 715 152 47 panis,
1043 715 76 47 vel

255 755 139 43 rini,
347 755 139 43 omnia
440 755 216 43 accidentia
610 755 216 43 remanentia
780 755 155 43 manent
889 755 124 43 sine
950 755 155 43 subiecto

245 796 75 44 2
275 796 211 44 Praeterea,
441 796 211 44 substantia
607 796 166 44 ponitur
728 796 91 44 in
773 796 241 44 diffinitione
954 796 151 44 cuiusli.

240 831 103 45 bet
299 831 221 45 accidentis,
476 831 88 45 vt
520 831 147 45 patet.
623 831 88 45 7.
667 831 162 45 methaph
784 831 103 45 sed
843 831 103 45 non
902 831 162 45 ponitur
1020 831 88 45 in
1049 831 59 45 hu

237 872 164 46 ausmodi
357 872 254 46 diffinitione,
566 872 119 46 nisi
640 872 134 46 prout
730 872 105 46 est
790 872 194 46 subiectum
924 872 194 46 accidentis;

239 912 119 47 ergo
313 912 208 47 substantia
476 912 104 47 est
536 912 193 47 subiectum
684 912 208 47 cuiuslibet
847 912 222 47 accidentis,
1025 912 74 47 &
1040 912 74 47 per

238 953 209 47 consequens
402 953 179 47 accidens
536 953 104 47 non
596 953 209 47 subiicitur
760 953 209 47 accidenti:
924 953 164 47 Propter
1029 953 89 47 quod

250 990 143 58 ablata
350 990 214 58 substantia,
521 990 186 58 quodlibet
664 990 171 58 accidens
793 990 129 58 manet
878 990 143 58 absque
964 990 143 58 subiecto

285 1030 74 47 3
315 1030 207 47 Praeterea,
478 1030 237 47 philosophus.
670 1030 89 47 4.
715 1030 133 47 meta.
804 1030 148 47 dicit,
908 1030 119 47 quod
967 1030 148 47 accidens

249 1074 111 47 non
313 1074 175 47 accidit
440 1074 222 47 accidenti,
614 1074 127 47 nisi
694 1074 127 47 ambo
773 1074 143 47 accid
868 1074 111 47 ant
932 1074 159 47 eidem,
1027 1074 95 47 sci-

236 1109 140 48 licet
330 1109 249 48 substantiae,
533 1109 140 48 nihil
626 1109 125 48 enim
704 1109 140 48 magis
798 1109 109 48 hoc
860 1109 140 48 illi,
954 1109 125 48 quam
1016 1109 109 48 illud

250 1147 121 45 huic
325 1147 181 45 accidit:
461 1147 106 45 sed
522 1147 91 45 in
567 1147 226 45 sacramento,
748 1147 136 45 datis
838 1147 241 45 quibuscumque
1019 1147 91 45 duo-

256 1190 103 47 bus
315 1190 249 47 accidentibus,
520 1190 117 47 illa
593 1190 103 47 duo
652 1190 103 47 non
711 1190 176 47 accidunt
843 1190 220 47 substantiae
1018 1190 73 47 :
1033 1190 88 47 ergo

247 1225 108 52 nec
308 1225 139 52 vinum
401 1225 170 52 accidet
510 1225 139 52 alteri.

258 1262 107 54 Sed
319 1262 122 54 ista
395 1262 152 54 opinio
502 1262 229 54 contradicit
684 1262 168 54 sensui:
806 1262 122 54 quia
882 1262 91 54 ad
928 1262 152 54 sensum
1020 1262 91 54 vide

254 1308 127 49 mus,
333 1308 127 49 quod
413 1308 158 49 albedo
524 1308 95 49 in
571 1308 222 49 sacramento
745 1308 111 49 est
809 1308 190 49 extensa:
952 1308 127 49 omne
1015 1308 95 49 auti

256 1340 188 55 extensum,
400 1340 101 55 vel
458 1340 101 55 est
516 1340 174 55 extensum
646 1340 260 55 essentialiter,
863 1340 101 55 vel
906 1340 203 55 accidentali-

254 1387 109 46 ter.
322 1387 82 46 Et
363 1387 95 46 hoc
418 1387 204 46 dupliciter:
581 1387 109 46 quia
649 1387 95 46 vel
704 1387 150 46 recipit
813 1387 82 46 in
853 1387 82 46 se
894 1387 136 46 illud,
989 1387 109 46 quod
1044 1387 68 46 ess

244 1421 247 42 essentialiter
448 1421 189 42 extensum,
593 1421 102 42 vel
651 1421 116 42 quia
724 1421 189 42 recipitur
869 1421 87 42 in
898 1421 218 42 essentialiter

251 1472 193 42 extenso.
396 1472 145 42 Primo
493 1472 129 42 modo
573 1472 161 42 albedo
686 1472 113 42 non
750 1472 113 42 est
815 1472 193 42 extensa:
960 1472 129 42 quia
1024 1472 97 42 illo

255 1512 123 37 modo
331 1512 107 37 est
393 1512 169 37 extensa
515 1512 123 37 sola
592 1512 199 37 quantitas
745 1512 199 37 continua,
898 1512 77 37 a
929 1512 107 37 qua
975 1512 138 37 differi

262 1538 147 45 ilbedo
365 1538 133 45 etiam
454 1538 265 45 praedicamento,
675 1538 103 45 cum
734 1538 103 45 sit
793 1538 251 45 essentialiter
999 1538 88 45 de
1029 1538 88 45 prae

264 1579 194 51 dicamento
413 1579 223 51 qualitatis.
592 1579 104 51 Nec
651 1579 164 51 secundo
770 1579 134 51 modo:
860 1579 119 51 quia
934 1579 104 51 sic
994 1579 104 51 est
1039 1579 74 51 ex-

256 1619 130 47 tensa
342 1619 115 47 ipsa
414 1619 216 47 substantia,
587 1619 72 47 &
616 1619 216 47 specialiter
789 1619 159 47 materia
905 1619 144 47 prima,
1006 1619 115 47 quia
1063 1619 58 47 di

258 1654 256 55 mensionibus
463 1654 188 55 numquam
599 1654 222 55 separatur
770 1654 205 55 secundum
906 1654 222 55 intentionem

258 1695 270 48 Commentatoris,
483 1695 90 48 vt
528 1695 135 48 patet
618 1695 90 48 in
663 1695 90 48 de
707 1695 210 48 substantia
872 1695 150 48 orbis:
977 1695 120 48 ergo
1037 1695 75 48 so-

248 1744 109 47 lum
311 1744 156 47 tertio
420 1744 125 47 modo
498 1744 156 47 albedo
607 1744 171 47 dicetur
731 1744 171 47 extesa,
856 1744 78 47 &
887 1744 109 47 per
934 1744 187 47 consequens

261 1784 107 45 est
322 1784 92 45 in
368 1784 214 45 quantitate
535 1784 168 45 recepta
657 1784 168 45 tamquam
780 1784 92 45 in
825 1784 168 45 proximo
932 1784 168 45 subiecto.

269 1812 112 54 Ad
325 1812 186 54 primum
455 1812 205 54 motiuum
604 1812 205 54 istorum
753 1812 242 54 dicendum,
939 1812 149 54 quod
1013 1812 112 54 ma-

252 1854 107 51 ior
313 1854 107 51 non
374 1854 107 51 est
435 1854 260 51 vniuersaliter
650 1854 138 51 vera:
741 1854 122 51 quia
818 1854 184 51 creatura
956 1854 184 51 dependet
1078 1854 46 51 a

258 1896 105 49 Deo
318 1896 90 49 in
363 1896 150 49 genere
468 1896 150 49 causae
572 1896 239 49 efficientis:
782 1896 135 49 tamen
872 1896 150 49 multae
976 1896 120 49 sunt
1036 1896 90 49 crea

264 1935 157 47 turae,
374 1935 126 47 quae
453 1935 205 47 terminant
611 1935 157 47 illius
721 1935 173 47 generis
847 1935 268 47 dependentiam,
1051 1935 79 47 cum

245 1972 157 53 multae
355 1972 126 53 sint
434 1972 205 53 creaturae
592 1972 205 53 aliquarum
749 1972 142 53 rerum
828 1972 220 53 productiuae.

302 2012 100 49 Ad
352 2012 200 49 secundum
502 2012 216 49 dicendum,
668 2012 133 49 quod
751 2012 233 49 substantia
934 2012 183 49 ponitur
1051 2012 67 49 in

267 2050 256 56 diffinitione
475 2050 224 56 cuiuslibet
651 2050 240 56 accidentis,
844 2050 176 56 tamquam
956 2050 176 56 subiectum

253 2088 180 59 primum,
384 2088 82 59 &
416 2088 115 59 per
482 2088 115 59 hoc
548 2088 115 59 non
613 2088 246 59 excluditur,
810 2088 131 59 quin
892 2088 131 59 vnum
957 2088 164 59 accidens

273 2125 152 56 possit
379 2125 121 56 esse
455 2125 182 56 alterius
592 2125 197 56 subiectum
728 2125 152 56 proximum

295 2159 96 69 Ad
343 2159 175 69 tertium
470 2159 207 69 dicendum,
630 2159 128 69 quod
710 2159 159 69 licet,
821 2159 239 69 naturaliter
996 2159 128 69 loquen

260 2204 110 51 do,
323 2204 110 51 quo
386 2204 126 51 modo
465 2204 189 51 loquitur
607 2204 173 51 Aristo.
733 2204 126 51 vnum
812 2204 189 51 accidens
954 2204 110 51 non
1001 2204 126 51 possit

257 2243 190 59 occidere
400 2243 158 59 alteri
510 2243 174 59 tamquam
637 2243 190 59 subiecto
779 2243 190 59 proximo,
921 2243 127 59 nisi
1000 2243 127 59 ambo
1064 2243 63 59 ac

256 2298 155 37 cidant
364 2298 232 37 substantiae
549 2298 170 37 tamquam
673 2298 185 37 subiecto
812 2298 155 37 primo:
905 2298 216 37 supernatura-

262 2324 130 62 liter
348 2324 130 62 tamen
435 2324 101 62 per
493 2324 188 62 infinitam
637 2324 101 62 Dei
695 2324 188 62 potentiam
839 2324 130 62 istud
926 2324 130 62 fieri
998 2324 116 62 potest

377 2407 197 63 AR
476 2407 263 63 TICV
640 2407 164 63 1
706 2407 164 63 V
772 2407 164 63 S
805 2407 164 63 it.

253 2456 150 71 Vtrum
354 2456 184 71 talibus
487 2456 267 71 accidentibus
704 2456 134 71 sine
788 2456 200 71 subiecto
922 2456 200 71 existenti-

460 2506 116 70 bus
527 2506 198 70 conuemat
675 2506 165 70 aliqua
791 2506 165 70 actio.

340 2591 183 53 VANTVM
468 2591 110 53 ad
523 2591 201 53 tertium
669 2591 238 53 articulum
852 2591 238 53 dicendum,
1017 2591 110 53 quod

394 2636 122 53 licet
476 2636 135 53 illud,
570 2636 108 53 quod
638 2636 149 53 peritur
746 2636 81 53 in
787 2636 162 53 articulo
909 2636 122 53 isto,
990 2636 81 53 ab
1030 2636 122 53 aliqu

270 2680 114 48 bus
335 2680 196 48 vertatur
482 2680 98 48 in
531 2680 179 48 dubium:
661 2680 147 48 tamen
759 2680 114 48 hoc
824 2680 179 48 faciunt
955 2680 163 48 absque
1052 2680 82 48 ne-

275 2723 204 43 tessitate.
436 2723 117 43 Quia
509 2723 175 43 obiectum
640 2723 189 43 potentiae
785 2723 204 43 sensitiuae
946 2723 117 43 vera
1004 2723 131 43 actione

274 2760 124 51 agit
352 2760 93 51 in
399 2760 202 51 hurusmodi
554 2760 218 51 potentiam:
725 2760 109 51 Sed
787 2760 124 51 ista
865 2760 218 51 accidentia
1020 2760 109 51 quam-

279 2795 105 51 uis
339 2795 120 51 sint
414 2795 180 51 separata
550 2795 75 51 a
580 2795 226 51 substantia:
760 2795 135 51 tamen
850 2795 120 51 vere
925 2795 180 51 retinent
1046 2795 90 51 omne

267 2838 146 49 illud,
369 2838 117 49 quod
442 2838 160 49 spectat
559 2838 87 49 ad
603 2838 175 49 obiectum
734 2838 189 49 potentiae
879 2838 219 49 sensitiuae.
1040 2838 87 49 qui-

276 2884 212 48 qualitates
442 2884 212 48 sensibiles
609 2884 121 48 sunt
684 2884 91 48 in
730 2884 121 48 ipso
805 2884 212 48 sacramento
957 2884 182 48 coniunctae

273 2919 227 56 quantitati,
455 2919 76 56 &
485 2919 106 56 per
545 2919 212 56 consequens
712 2919 212 56 actualiter
879 2919 167 56 possunt
1000 2919 136 56 agere
1075 2919 61 56 in

276 2950 139 57 ipsum
368 2950 170 57 sensum:
492 2950 108 57 nam
554 2950 139 57 licet
647 2950 201 57 sensibile
802 2950 201 57 proprium,
956 2950 139 57 puta,
1034 2950 108 57 color

272 2997 109 49 non
335 2997 156 49 possit
444 2997 156 49 mouere
553 2997 219 49 actualiter
725 2997 141 49 visum
819 2997 125 49 sine
897 2997 203 49 sensibili
1037 2997 94 49 com-

272 3028 140 54 muni,
366 3028 140 54 puta,
459 3028 124 54 sine
536 3028 248 54 magnitudine:
738 3028 124 54 quia
816 3028 155 54 albedo
925 3028 186 54 separata
1064 3028 78 54 a
1080 3028 62 54 ma

277 3068 186 60 gnitudine
420 3068 129 60 esset
505 3068 257 60 indiuisibilis,
720 3068 100 60 nec
777 3068 186 60 econuerso
920 3068 186 60 sensibile
1048 3068 86 60 com-

282 3115 130 46 mune
363 3115 130 46 sine
445 3115 212 46 sensibili
607 3115 195 46 proprio:
754 3115 179 46 numquam
884 3115 130 46 enim
950 3115 195 46 magnitudo,

282 3160 102 49 vel
341 3160 160 49 figura,
457 3160 117 49 quae
530 3160 117 49 sunt
603 3160 204 49 sensibilia
763 3160 175 49 communia
894 3160 175 49 separata
1025 3160 87 49 ab
1055 3160 87 49 omni

1140 311 194 65 qualitate
1289 311 149 65 possun
1393 311 179 65 immutare
1527 311 164 65 sensum:
1647 311 119 65 quia
1721 311 89 65 vt
1766 311 119 65 sic,
1840 311 149 65 essent
1930 311 74 65 res

1141 362 256 52 mathematicae,
1352 362 121 52 quae
1428 362 211 52 abstractae
1594 362 121 52 sunt
1669 362 75 52 a
1699 362 196 52 sensibus:
1850 362 136 52 tamen
1925 362 91 52 quan

1137 400 91 44 do
1182 400 122 44 ista
1258 400 122 44 sunt
1334 400 137 44 simul
1426 400 213 44 coniuncta,
1593 400 122 44 tunc
1669 400 122 44 vere
1745 400 167 44 possunt
1866 400 137 44 agere
1942 400 61 44 in

1132 441 164 54 ipsum
1223 441 145 54 sensum

1164 478 110 55 Sed
1227 478 157 55 contra
1337 478 142 55 istud
1432 478 157 55 aliqui
1542 478 173 55 arguunt
1667 478 126 55 sic.
1746 478 142 55 Solum
1840 478 126 55 illa
1903 478 126 55 agunt.

1136 517 194 47 inuicem,
1281 517 81 47 &
1314 517 210 47 patiuntur
1475 517 97 47 ab
1524 517 194 47 inuicem,
1670 517 129 47 quae
1750 517 243 47 communicant
1928 517 65 47 in

1147 558 179 47 materia:
1281 558 104 47 sed
1341 558 119 47 ista
1415 558 208 47 accidentia
1579 558 104 47 cum
1638 558 134 47 nulla
1727 558 89 47 re
1772 558 193 47 corporali
1906 558 89 47 com-

1141 599 185 42 municant
1279 599 93 42 in
1326 599 185 42 materia,
1464 599 108 42 cum
1526 599 123 42 sint
1603 599 77 42 a
1634 599 170 42 materia
1757 599 185 42 separata
1896 599 77 42 :
1911 599 93 42 ergo

1137 643 108 42 &c.
1198 643 138 42 Maior
1290 643 154 42 patet,
1398 643 77 42 &
1428 643 169 42 ponitur
1551 643 138 42 primo
1643 643 92 42 de
1690 643 246 42 generatione.
1889 643 154 42 Minor,

1136 678 217 42 supponitur
1307 678 93 42 ex
1354 678 279 42 determinatione
1586 678 202 42 ecclesiae
1741 678 186 42 superius
1865 678 140 42 allega-

1150 716 100 51 ta,
1207 716 100 51 qua
1264 716 172 51 dicitur,
1393 716 115 51 quod
1465 716 201 51 substantia
1622 716 143 51 panis,
1723 716 72 51 &
1751 716 115 51 vini
1808 716 201 51 conuertitur,

1141 754 96 50 in
1189 754 176 50 corpus,
1317 754 80 50 &
1349 754 192 50 sangumem
1476 754 160 50 Christi.

1167 792 80 49 2
1199 792 224 49 Praeterea,
1375 792 160 49 agens,
1487 792 80 49 &
1519 792 192 49 patiens,
1664 792 176 49 quamuis
1792 792 96 49 in
1824 792 176 49 principio

1134 831 172 54 actionis
1263 831 115 54 sint
1335 831 215 54 dissimilia:
1507 831 129 54 tamen
1593 831 86 54 in
1636 831 115 54 fine
1708 831 144 54 debent
1808 831 115 54 esse
1866 831 144 54 similia-

1143 880 118 38 ergo
1217 880 88 38 si
1261 880 118 38 ista
1334 880 206 38 accidentia
1496 880 162 38 agerent
1613 880 88 38 in
1657 880 162 38 aliquam
1775 880 103 38 rem
1819 880 191 38 corporalem,

1152 909 107 46 tunc
1219 909 80 46 in
1259 909 107 46 fine
1326 909 161 46 actionis
1446 909 107 46 illa
1513 909 94 46 res
1567 909 147 46 careret
1674 909 161 46 materia,
1794 909 120 46 sicut
1875 909 107 46 ista
1928 909 67 46 ac-

1136 957 188 47 cidentia,
1280 957 130 47 alias
1367 957 144 47 passum
1468 957 87 47 in
1511 957 116 47 fine
1583 957 173 47 actionis
1713 957 101 47 non
1771 957 130 47 esset
1843 957 159 47 assimila-

1135 989 106 60 tum
1195 989 121 60 ipsi
1256 989 136 60 agenti.

1178 1027 133 48 lsta
1262 1027 116 48 non
1311 1027 200 48 concludunt

1165 1066 79 46 1
1197 1066 126 46 Quia
1276 1066 95 46 ab
1323 1066 142 46 istis
1418 1066 252 46 accidentibus
1623 1066 315 46 experimentaliter
1875 1066 126 46 perci-

1143 1105 153 51 pimus
1245 1105 220 51 quemlibet
1414 1105 187 51 nostrum
1550 1105 170 51 sensum
1669 1105 220 51 immutari:
1838 1105 119 51 hic
1889 1105 119 51 enim-

1141 1150 140 48 visus
1235 1150 156 48 noster
1344 1150 187 48 percipit
1484 1150 187 48 colorem,
1624 1150 187 48 odoratus
1764 1150 171 48 odorem,
1873 1150 140 48 gustus.

1146 1198 175 43 aporem,
1274 1198 159 43 tactus
1385 1198 207 43 duritiem,
1545 1198 80 43 &
1577 1198 255 43 asperitatem,
1784 1198 175 43 auditus
1895 1198 112 43 sonum

1148 1225 158 53 factum
1259 1225 110 53 per
1306 1225 189 53 fractionem

1175 1263 72 55 2
1203 1263 129 55 Item,
1290 1263 86 55 si
1333 1263 158 55 aliquid
1448 1263 158 55 cadere:
1563 1263 86 55 in
1606 1263 201 55 accidentia
1764 1263 129 55 vini,
1850 1263 115 55 quae
1908 1263 86 55 rema

1141 1305 135 54 nent,
1231 1305 105 54 non
1291 1305 135 54 minus
1381 1305 240 54 humectaretur
1577 1305 90 54 ab
1622 1305 135 54 illis
1712 1305 255 54 accidentibus,
1907 1305 90 54 quam

1138 1342 83 50 si
1180 1342 180 50 mansisset
1318 1342 97 50 ibi
1373 1342 193 50 substantia
1511 1342 97 50 vini-

1178 1382 77 52 3
1208 1382 139 52 Item,
1301 1382 92 52 si
1347 1382 169 52 aliquis
1470 1382 154 52 multum
1578 1382 169 52 biberet
1701 1382 92 52 de
1747 1382 169 52 talibus
1855 1382 154 52 acciden-

1146 1418 130 51 tibus
1232 1418 72 51 a
1261 1418 130 51 forti
1347 1418 115 51 vino
1419 1418 86 51 in
1462 1418 201 51 sacramento
1620 1418 187 51 relictis,
1764 1418 101 51 non
1822 1418 130 51 minus
1894 1418 115 51 ficret

1138 1460 175 53 ebrius,
1266 1460 128 53 quam
1345 1460 96 53 si
1393 1460 175 53 biberet
1521 1460 144 53 verum
1616 1460 159 53 vinum.
1728 1460 96 53 Ex
1776 1460 128 53 his,
1856 1460 80 53 &
1872 1460 144 53 multis:

1142 1498 139 48 alijs
1234 1498 247 48 consimilibus
1435 1498 154 48 patet,
1543 1498 124 48 quod
1620 1498 139 48 istis
1713 1498 247 48 accidentibus
1898 1498 124 48 compe-

1145 1537 118 49 tunt
1219 1537 132 49 vere,
1307 1537 73 49 &
1336 1537 147 49 reales
1424 1537 162 49 actiones.

1165 1580 103 50 Ad
1216 1580 171 50 primum
1336 1580 103 50 in
1387 1580 239 50 contrarium
1575 1580 222 50 dicendum,
1746 1580 137 50 quod
1815 1580 188 50 auctorita

1150 1621 100 37 tes
1207 1621 143 37 Arist.
1307 1621 100 37 non
1364 1621 143 37 valent
1463 1621 86 37 in
1506 1621 114 37 isto
1577 1621 200 37 proposito:
1734 1621 114 37 quia
1805 1621 114 37 ipse
1877 1621 100 37 non
1919 1621 86 37 con-

1144 1654 176 55 cederet
1272 1654 224 55 accidentia
1448 1654 128 55 esse
1528 1654 128 55 sine
1608 1654 192 55 subiecto
1752 1654 160 55 primo:
1864 1654 144 55 tamen
1944 1654 64 55 si

1155 1697 109 51 noc
1218 1697 233 51 concederet,
1404 1697 124 51 ipse
1482 1697 249 51 consequenter
1684 1697 171 51 haberet
1808 1697 171 51 dicere,
1917 1697 93 51 quod

1153 1735 92 48 ad
1199 1735 153 48 agere,
1305 1735 76 48 &
1336 1735 122 48 pati
1412 1735 214 48 sufficeret
1580 1735 244 48 communicatio
1779 1735 92 48 in
1825 1735 168 48 materia
1932 1735 76 48 se-

1144 1776 166 46 cundum
1261 1776 266 46 aptitudinem:
1477 1776 149 46 talis
1576 1776 149 46 autem
1676 1776 266 46 communicatio
1892 1776 116 46 est
1942 1776 66 46 in

1163 1812 198 54 proposito:
1319 1812 113 54 ideo
1375 1812 71 54 &c.

1191 1850 94 52 Ad
1238 1850 189 52 secundum
1380 1850 205 52 dicendum,
1538 1850 126 52 quod
1616 1850 142 52 talis
1711 1850 220 52 similitudo
1884 1850 94 52 in
1916 1850 94 52 fine

1145 1900 303 40 transmutationis
1400 1900 208 40 acquisita
1560 1900 112 40 non
1624 1900 112 40 est
1688 1900 223 40 attendenda
1863 1900 176 40 quantum

1144 1935 88 43 ad
1188 1935 191 43 materiam:
1335 1935 118 43 quia
1409 1935 118 43 illa
1483 1935 279 43 praesupponitur,
1718 1935 103 43 vel
1777 1935 221 43 actualiter:
1938 1935 74 43 si-

1154 1968 100 50 cut
1211 1968 86 50 in
1254 1968 114 50 his,
1325 1968 114 50 quae
1396 1968 214 50 naturaliter
1567 1968 185 50 existunt,
1710 1968 100 50 vel
1767 1968 143 50 saltem
1852 1968 157 50 aptitudi-

1143 2007 175 52 naliter:
1274 2007 131 52 sicut
1362 2007 87 52 in
1405 2007 131 52 istis
1492 2007 247 52 accidentibus,
1696 2007 116 52 quae
1754 2007 262 52 supernaturaliter

1151 2055 199 44 existunt:
1304 2055 107 44 sed
1365 2055 199 44 huiusmodi
1519 2055 215 44 similitudo
1687 2055 107 44 est
1748 2055 215 44 attendenda
1902 2055 107 44 penes

1146 2090 154 52 formam,
1258 2090 70 52 &
1286 2090 98 52 hoc
1342 2090 98 52 est
1398 2090 84 52 in
1440 2090 196 52 proposito,
1595 2090 84 52 vt
1637 2090 84 52 de
1679 2090 84 52 se
1721 2090 140 52 patet:
1819 2090 112 52 quia
1889 2090 84 52 si
1917 2090 98 52 ista-

1153 2127 194 55 accidentia
1306 2127 139 55 essent
1402 2127 152 55 calida,
1513 2127 139 55 illud,
1610 2127 83 55 in
1652 2127 111 55 quod
1721 2127 152 55 agerent
1832 2127 83 55 in
1873 2127 125 55 fine,
1943 2127 69 55 ef-

1163 2165 166 63 iceretur
1287 2165 166 63 calidum:
1412 2165 69 63 &
1439 2165 97 63 sic
1494 2165 83 63 de
1536 2165 138 63 alijs.

1276 2239 546 62 ARTICVLVS
1654 2239 252 62 IIII

1150 2281 150 80 Vtrum
1251 2281 217 80 huiusmodi
1418 2281 234 80 accidentia
1602 2281 184 80 possint
1735 2281 100 80 in
1786 2281 150 80 omnem
1886 2281 150 80 acto

1213 2337 136 69 nem,
1298 2337 85 69 n
1332 2337 136 69 quam
1418 2337 153 69 natur
1520 2337 170 69 aliter
1639 2337 239 69 potuerunt,
1810 2337 136 69 quando

1371 2389 95 66 in
1419 2389 111 66 sus
1482 2389 206 66 subiectis
1625 2389 174 66 fuerinmt.

1159 2479 215 62 SVANTVM
1316 2479 117 62 ad
1374 2479 215 62 quartum
1531 2479 254 62 articulum
1726 2479 176 62 dioo,
1843 2479 156 62 quod
1921 2479 98 62 ac-

1264 2520 190 48 cidentia
1407 2520 190 48 separata
1549 2520 174 48 virtute
1676 2520 158 48 diuina
1787 2520 174 48 possunt
1913 2520 95 48 in
1945 2520 79 48 om-

1146 2560 120 42 nem
1215 2560 275 42 operationem,
1438 2560 103 42 in
1490 2560 138 42 quam
1576 2560 241 42 potuerunt,
1765 2560 172 42 quando
1868 2560 155 42 fuerunt

1156 2595 116 47 suis
1228 2595 188 47 subiectis
1358 2595 159 47 coniuncta

1163 2626 78 56 1
1195 2626 125 56 Quia
1273 2626 94 56 si
1319 2626 125 56 non,
1398 2626 125 56 tunc
1476 2626 203 56 sensibili
1632 2626 234 56 experimento
1819 2626 187 56 possemus
1944 2626 78 56 per

1164 2680 158 47 cipere,
1279 2680 101 47 seu
1336 2680 201 47 cognoscere
1494 2680 215 47 substantiam
1666 2680 129 47 panis
1752 2680 115 47 esse
1824 2680 187 47 conuersam
1954 2680 57 47 in

1165 2715 141 47 corpus
1263 2715 169 47 Christi.
1390 2715 169 47 Falsitas
1516 2715 225 47 consequentis
1699 2715 141 47 patet:
1797 2715 112 47 quia
1867 2715 112 47 sola
1924 2715 84 47 fide

1154 2761 165 40 tenemus
1274 2761 150 40 corpus
1379 2761 165 40 Christi
1499 2761 105 40 sub
1559 2761 120 40 illa
1634 2761 210 40 apparentia
1799 2761 150 40 panis,
1889 2761 120 40 Conse-

1160 2793 146 55 quentia
1266 2793 119 55 etiam
1346 2793 133 55 patet:
1438 2793 106 55 quia
1505 2793 80 55 si
1545 2793 133 55 dictis
1637 2793 133 55 verbis
1730 2793 239 55 consecrationis
1916 2793 93 55 acci-

1167 2839 148 43 dentia
1271 2839 178 43 separata
1404 2839 104 43 non
1464 2839 163 43 possent
1582 2839 89 43 in
1627 2839 193 43 huiusmodi
1775 2839 237 43 operationem,
1953 2839 59 43 in

1172 2876 109 49 uam
1235 2876 124 49 ante
1312 2876 279 49 consecrationem
1545 2876 217 49 potuerunt,
1715 2876 109 49 tuc
1777 2876 109 49 vel
1839 2876 109 49 hoc
1886 2876 124 49 semper

1158 2907 223 56 contingeret,
1340 2907 126 56 facta
1423 2907 251 56 consecratione,
1633 2907 98 56 vel
1689 2907 182 56 quandoque
1814 2907 196 56 contingeret,

1154 2951 74 46 &
1184 2951 192 46 quandoque
1331 2951 118 46 non.
1405 2951 88 46 Si
1449 2951 133 46 primo
1537 2951 133 46 modo,
1626 2951 118 46 tumc
1700 2951 177 46 euidenti
1817 2951 192 46 experimento

1169 2984 241 51 cognosceremus
1367 2984 128 51 talia
1452 2984 198 51 accidentia
1608 2984 142 51 carere
1707 2984 170 51 subiecto
1821 2984 198 51 substantiali

1158 3029 76 44 &
1188 3029 76 44 p
1218 3029 212 44 consequens
1385 3029 106 44 ibi
1445 3029 121 44 esse
1521 3029 151 44 corpus
1627 3029 182 44 Christi,
1763 3029 91 44 in
1808 3029 106 44 quu
1854 3029 166 44 huiusmodi

1157 3067 202 43 substantia
1316 3067 130 43 esset
1402 3067 188 43 conuersa.
1547 3067 87 43 Si
1590 3067 145 43 secudo
1691 3067 130 43 modo,
1778 3067 101 43 tuc
1836 3067 188 43 huiusmodi
1966 3067 58 43 im

1169 3106 212 47 pedimentum
1335 3106 227 47 operationis
1516 3106 106 47 non
1577 3106 196 47 inueniret
1728 3106 181 47 rationem
1849 3106 181 47 separatio;

1162 3149 99 55 nis
1219 3149 227 55 accidentium:
1403 3149 113 55 quia
1474 3149 85 55 ad
1516 3149 184 55 vniformen
1658 3149 184 55 positonem
1800 3149 142 55 causae
1885 3149 142 55 vnifora:
