2160 3509
56 238 108 76 vit
117 238 108 76 non
179 238 154 76 potest
287 238 216 76 prophetare
457 238 93 76 de
503 238 185 76 mulieris
642 238 232 76 indigentia,
812 238 93 76 nisi

56 306 114 44 ipsa
127 306 157 44 reuelet
242 306 143 44 aliquo
342 306 129 44 modo,
427 306 71 44 &
456 306 114 44 ideo
527 306 86 44 si
570 306 86 44 ex
613 306 86 44 se
656 306 100 44 vir
713 306 172 44 peteret,
828 306 71 44 tuo

50 344 102 50 ita
109 344 117 50 cito
182 344 146 50 posset
284 344 146 50 petere
387 344 117 50 tali
460 344 132 50 hora,
548 344 146 50 quando
650 344 146 50 mulier
753 344 102 50 non
797 344 102 50 indi-

66 379 136 58 eret,
156 379 136 58 sicut
247 379 151 58 quando
337 379 166 58 indigeret

87 416 110 49 est
150 416 142 49 etiam
245 416 142 49 circa
339 416 110 49 hoc
402 416 252 49 aduertendum,
607 416 126 49 quod
685 416 157 49 mulier
780 416 110 49 debi-

49 470 109 36 tum
112 470 219 36 praedictum
284 470 219 36 dupliciter
456 470 156 36 potest
565 470 172 36 petere.
690 470 109 36 Vno
752 470 125 36 modo
815 470 78 36 ex-

55 498 160 47 presse,
172 498 131 47 sicut
259 498 146 47 quando
361 498 146 47 verbis
463 498 160 47 indicat
580 498 131 47 cirea
667 498 189 47 praedicta
799 498 87 47 suam

37 541 233 52 voluntatem.
224 541 124 52 Alio
302 541 124 52 modo
380 541 280 52 significatiue,
613 541 140 52 sicut
706 541 156 52 quando
800 541 93 52 ali-

48 584 151 52 quibus
154 584 227 52 euidentibus
335 584 151 52 signis
441 584 166 52 reuelat
562 584 151 52 illud,
668 584 121 52 quod
729 584 151 52 intendit

47 626 95 44 et
95 626 190 44 secundum
238 626 190 44 vtramque
380 626 222 44 petitionem
555 626 111 44 vir
618 626 175 44 tenetur
729 626 159 44 satisfa-

37 654 128 55 cere
117 654 191 55 mulieri:
260 654 96 55 Et
308 654 128 55 ideo
388 654 112 55 per
452 654 191 55 secundum
595 654 143 55 modum
691 654 191 55 petendi,
818 654 80 55 suf

42 699 195 47 ficienter
192 699 225 47 succurritur
372 699 225 47 verecundiae
551 699 195 47 muliebri,
701 699 135 47 etiam
776 699 120 47 posito

38 729 129 68 quod
119 729 113 68 vir
183 729 145 68 votum
280 729 194 68 emiserit
425 729 97 68 de
473 729 113 68 non
522 729 161 68 petendo.

116 808 604 88 ARTICVLVS
534 808 232 88 IIS

144 929 110 59 De
199 929 257 59 matrimonio
401 929 257 59 antiquorum
584 929 184 59 patrimi.

47 1008 191 46 VANTVM
180 1008 114 46 ad
238 1008 210 46 tertium
390 1008 248 46 articulum
581 1008 133 46 duo
657 1008 153 46 sunt
733 1008 153 46 viden-

65 1053 107 48 da,
126 1053 91 48 de
171 1053 152 48 quibus
278 1053 183 48 magister
415 1053 167 48 tractat
537 1053 91 48 in
582 1053 107 48 di.
643 1053 107 48 33.
704 1053 183 48 scilicet
826 1053 61 48 de

29 1081 218 63 pluralitate
204 1081 145 63 vxorum
305 1081 174 63 respectu
436 1081 160 63 eiusdem
552 1081 131 63 viri,
639 1081 73 63 &
668 1081 87 63 de
711 1081 160 63 libello
813 1081 73 63 re-

37 1136 151 40 udii.
138 1136 117 40 Quo
205 1136 101 40 ad
255 1136 185 40 primum,
389 1136 134 40 pono
473 1136 134 40 duas
540 1136 252 40 conclusiones.

56 1173 146 47 Prima
153 1173 130 47 est,
234 1173 130 47 quod
316 1173 179 47 numquam
446 1173 162 47 licuit
559 1173 114 47 vni
624 1173 130 47 viro
705 1173 146 47 simul
787 1173 97 47 habe

14 1199 90 56 re
59 1199 151 56 plures
165 1199 151 56 vxores
270 1199 151 56 absque
376 1199 151 56 diuina
466 1199 226 56 dispensatione

79 1245 104 54 uia
138 1245 119 54 quod
213 1245 104 54 est
272 1245 148 54 contra
376 1245 104 54 ius
435 1245 178 54 naturae,
569 1245 104 54 hoc
628 1245 133 54 nulli
717 1245 133 54 licet
791 1245 89 54 sine

14 1291 156 41 diuina
123 1291 280 41 dispensatione:
357 1291 109 41 Sed
420 1291 125 41 vnum
497 1291 140 41 virum
591 1291 156 41 habere
700 1291 156 41 plures
794 1291 93 41 vxo-

20 1329 91 40 es
65 1329 106 40 est
126 1329 151 40 contra
231 1329 106 40 ius
292 1329 181 40 naturae,
428 1329 121 40 ergo
503 1329 106 40 &c.
564 1329 136 40 Maior
654 1329 151 40 patet.
745 1329 136 40 Minorem

24 1368 148 45 probo,
128 1368 118 45 quia
201 1368 89 45 de
246 1368 118 45 Tege
319 1368 162 45 naturae
437 1368 103 45 est
496 1368 133 45 illud
585 1368 221 45 praeceptum,
762 1368 118 45 quod
821 1368 59 45 ti

23 1409 82 45 bi
64 1409 96 45 non
119 1409 96 45 vis
174 1409 137 45 fieri,
270 1409 137 45 alteri
366 1409 82 45 ne
407 1409 165 45 seceris:
531 1409 96 45 sed
585 1409 96 45 vir
640 1409 151 45 nollet,
750 1409 110 45 quod
805 1409 82 45 vxor

9 1450 108 45 sua
70 1450 138 45 alium
162 1450 138 45 virum
254 1450 184 45 haberet,
393 1450 123 45 ergo
469 1450 154 45 contra
577 1450 138 45 legem
669 1450 169 45 naturae
792 1450 123 45 est,

13 1485 123 50 quod
89 1485 107 50 vit
151 1485 169 50 propria
274 1485 230 50 auctoritate
458 1485 153 50 plures
565 1485 153 50 vxores
673 1485 199 50 accipiat.
811 1485 61 50 Ei

5 1528 230 46 confirmatur
189 1528 123 46 ista
265 1528 138 46 minor
357 1528 123 46 sic,
434 1528 153 46 lllud,
541 1528 123 46 quod
618 1528 169 46 inditum
740 1528 107 46 est
786 1528 92 46 homi

13 1565 102 50 nia
72 1565 190 50 principio
218 1565 117 50 suae
291 1565 219 50 creationis,
466 1565 102 50 hoc
525 1565 161 50 videtur
641 1565 117 50 esse
714 1565 88 50 de
758 1565 117 50 iure
817 1565 58 50 na

4 1612 115 44 tur
69 1612 131 44 ali:
151 1612 115 44 Sed
217 1612 131 44 vnum
299 1612 147 44 virum
397 1612 164 44 habere
512 1612 131 44 vnam
593 1612 164 44 vxorem
708 1612 115 44 est
757 1612 115 44 homi-

9 1646 91 42 ni
54 1646 167 42 inditum
176 1646 76 42 a
206 1646 198 42 principio
358 1646 122 42 suae
434 1646 228 42 creationis:
617 1646 122 42 Nam,
693 1646 137 42 sicut
769 1646 106 42 patet

6 1684 93 46 in
52 1684 124 46 Sent
129 1684 201 46 immediate
284 1684 170 46 creatis
408 1684 155 46 primis
516 1684 217 46 hominibus,
686 1684 139 46 dixit
764 1684 108 46 Adam,

13 1728 234 37 Quamobrem
193 1728 234 37 relinquet
373 1728 144 37 homo
464 1728 180 37 patrem
590 1728 162 37 suum,
698 1728 90 37 &
734 1728 180 37 matrem

2 1756 146 52 suam,
99 1756 81 52 &
132 1756 211 52 adherebit
294 1756 146 52 vxori
392 1756 130 52 suae
473 1756 81 52 &
505 1756 146 52 erunt
603 1756 114 52 duo
668 1756 97 52 in
717 1756 146 52 carne
798 1756 81 52 vna

54 1798 204 53 conclusio
212 1798 173 53 secunda
337 1798 126 53 est,
416 1798 126 53 quod
495 1798 94 53 ex
542 1798 157 53 diuina
636 1798 236 53 dispensatione

-1 1836 121 56 vnus
74 1836 106 56 vir
135 1836 151 56 licite
240 1836 151 56 potest
346 1836 151 56 habere
452 1836 151 56 plures
557 1836 166 56 vxores.
678 1836 91 56 1.
723 1836 121 56 Quia
783 1836 91 56 con-

5 1880 134 54 ditor
95 1880 134 54 legis
184 1880 149 54 potest
289 1880 90 54 in
334 1880 194 54 preceptis
483 1880 134 54 legis
572 1880 224 54 dispensare,
737 1880 134 54 maxime,

6 1920 155 45 Ptalia
115 1920 140 45 sint,
208 1920 124 45 quod
286 1920 93 45 in
332 1920 109 45 eis
394 1920 233 45 dispensatio
580 1920 109 45 non
642 1920 171 45 deroget
751 1920 124 45 honori

5 1957 261 52 dispensantis:
219 1957 107 52 Sed
281 1957 123 52 Deus
357 1957 107 52 est
419 1957 184 52 conditor
557 1957 138 52 legis
649 1957 184 52 naturae,
787 1957 77 52 &
802 1957 77 52 di-

-4 1999 187 53 pensatio
137 1999 140 53 super
230 1999 156 53 vxorum
339 1999 249 53 pluralitate,
542 1999 187 53 respectu
682 1999 140 53 vnius
760 1999 109 53 viri;

-10 2040 121 52 mon
59 2040 190 52 derogat
197 2040 173 52 diuino
318 2040 190 52 honori,
456 2040 138 52 ergo
542 2040 121 52 non
611 2040 224 52 obstante,
766 2040 104 52 quod

-10 2087 125 41 vnam
68 2087 156 41 vxorem
178 2087 125 41 esse
256 2087 141 41 vnius
350 2087 125 41 viri
428 2087 109 41 sit
490 2087 94 41 de
537 2087 125 41 lege
615 2087 187 41 naturae:
740 2087 125 41 tamen-

4 2122 216 47 pooperante
173 2122 154 47 diuina
281 2122 278 47 dispensatione,
512 2122 123 47 vnus
589 2122 108 47 vir
651 2122 154 47 licite
744 2122 123 47 potess

10 2166 152 47 llures
116 2166 152 47 vxores
223 2166 167 47 habere.
344 2166 137 47 Maior
435 2166 152 47 patet,
542 2166 122 47 quia
618 2166 106 47 est
678 2166 167 47 vulgata
785 2166 91 47 pro-

6 2204 160 47 posito
118 2204 96 47 in
166 2204 128 47 iure
245 2204 112 47 tam
309 2204 208 47 canonico,
469 2204 128 47 quam
549 2204 176 47 ciuili.
676 2204 144 47 Minor
756 2204 112 47 etiam

-1 2239 170 47 patet,
118 2239 187 47 quantum
253 2239 102 47 ad
304 2239 170 47 primam
423 2239 136 47 suam
508 2239 187 47 partem,
644 2239 136 47 quia
728 2239 119 47 cum
779 2239 102 47 deus

6 2275 213 49 Ereonditor
173 2275 182 49 naturae,
309 2275 152 49 igitur
416 2275 121 49 ipse
492 2275 137 49 solus
583 2275 106 49 est
628 2275 243 49 conditorilegis

-6 2313 169 45 aturae
113 2313 152 45 Patet
214 2313 169 45 etiam,
333 2313 186 45 quantum
468 2313 102 45 ad
519 2313 203 45 secundam
671 2313 169 45 parte,
772 2313 102 45 quia

-5 2357 96 52 en
43 2357 176 52 apparet
171 2357 160 52 aliqua
282 2357 208 52 derogatio
442 2357 160 52 diuini
554 2357 176 52 honoris
681 2357 96 52 ex
729 2357 112 52 eo,
777 2357 96 52 quod

9 2393 92 49 eo
55 2393 245 49 dispensante,
254 2393 138 49 vnius
346 2393 123 49 viri
422 2393 153 49 essent
529 2393 153 49 olures
621 2393 138 49 vxores.

21 2433 147 47 Torte
119 2433 196 47 dicetur,
265 2433 131 47 quod
347 2433 131 47 ista
429 2433 179 47 secunda
559 2433 212 47 conclusio
706 2433 163 47 repugnes

14 2475 112 55 rob
78 2475 159 55 ationi
189 2475 159 55 primae
301 2475 271 55 conclusionis.
524 2475 128 55 Quia
604 2475 112 55 ius
668 2475 191 55 naturale
795 2475 80 55 non

-10 2511 141 52 rapit
84 2511 235 52 dispensatio
272 2511 125 52 nem:
350 2511 125 52 Nam,
429 2511 94 52 vt
476 2511 110 52 ait
538 2511 172 52 August.
663 2511 188 52 conditor
789 2511 78 52 na-

-6 2552 136 50 turae
85 2552 136 50 nihil
176 2552 136 50 facit
266 2552 151 50 contra
372 2552 182 50 naturam:
509 2552 151 50 lgitur
615 2552 91 50 si
660 2552 121 50 vnum
736 2552 136 50 virum
811 2552 61 50 ha

-13 2590 125 48 bere
65 2590 156 48 plures
174 2590 156 48 vxores
284 2590 109 48 est
346 2590 156 48 contra
455 2590 140 48 legem
549 2590 187 48 naturae,
689 2590 94 48 vt
736 2590 140 48 dicit
814 2590 62 48 mi

-9 2629 109 49 nor
54 2629 187 49 rationis
194 2629 187 49 adductae
334 2629 109 49 pro
396 2629 140 49 prima
490 2629 249 49 conclusione,
692 2629 156 49 igitur
786 2629 93 49 diui

-0 2680 97 39 ia
48 2680 274 39 dispensatione
274 2680 113 39 non
339 2680 161 39 potest
452 2680 129 39 vnus
532 2680 145 39 simul
629 2680 161 39 plures
726 2680 145 39 habere,

-6 2717 144 41 mius
84 2717 235 41 oppositum
265 2717 235 41 afferitur
445 2717 108 41 in
499 2717 198 41 secunda
625 2717 253 41 conclusione.

8 2755 88 45 2
44 2755 248 45 Praeterea,
238 2755 177 45 contra
362 2755 177 45 eandem
486 2755 195 45 minorem
627 2755 212 45 arguitur
769 2755 106 45 fic.

-1 2790 174 51 eiuris
121 2790 227 51 naturalis
295 2790 122 51 est
365 2790 157 51 eadem
470 2790 140 51 apud
557 2790 174 51 omnes:
679 2790 122 51 Sed
749 2790 105 51 de
784 2790 87 51 vna

-12 2826 125 51 ore
59 2826 196 51 habenda
202 2826 107 51 ab
255 2826 125 51 vno
327 2826 143 51 viro
416 2826 125 51 non
487 2826 143 51 fuit
576 2826 178 51 semper
701 2826 160 51 eadem
790 2826 89 51 lex

-4 2872 125 53 spud
75 2872 157 53 omnes,
184 2872 125 53 quia
262 2872 157 53 sancti
372 2872 157 53 patres
482 2872 172 53 veteris
607 2872 219 53 testamenti
763 2872 110 53 habue

-10 2919 132 38 runt
72 2919 165 38 plures
187 2919 181 38 vxores,
319 2919 99 38 vt
368 2919 181 38 apparet
500 2919 99 38 de
550 2919 198 38 Abraham,
698 2919 165 38 lacob,
797 2919 82 38 Da-

-10 2951 124 50 nid,
68 2951 78 50 &
99 2951 217 50 communiter
270 2951 140 50 etiam
363 2951 124 50 alij
441 2951 124 50 viri
518 2951 155 50 illius
627 2951 217 50 testamenti
782 2951 93 50 plu-

-10 2994 111 47 es
46 2994 241 47 habuerunt
213 2994 167 47 vxores.

66 3024 222 50 Praeterea,
241 3024 111 50 ius
304 3024 190 50 naturale
447 3024 127 50 est,
526 3024 127 50 quod
605 3024 159 50 natura
716 3024 143 50 omnia
796 3024 79 50 ani

6 3037 136 77 lalia
97 3037 167 77 docuit,
218 3037 91 77 vt
263 3037 167 77 dicitur
384 3037 91 77 in
430 3037 121 77 iure
506 3037 151 77 ciuili
612 3037 76 77 :
642 3037 106 77 Sed
702 3037 121 77 vnum
763 3037 106 77 marem

-10 3105 135 61 esse
74 3105 151 61 vnius
175 3105 185 61 femelle
310 3105 168 61 natura
428 3105 118 61 non
495 3105 168 61 docuit
613 3105 151 61 omnia
697 3105 185 61 animalia:

935 245 125 71 Vnus
1013 245 125 71 enim
1091 245 156 71 gallus
1200 245 218 71 comiscetur
1372 245 156 71 multis
1481 245 202 71 gallinis,
1636 245 125 71 vnus
1699 245 93 71 tau-

938 306 88 54 us
982 306 146 54 multis
1085 306 161 54 vaccis,
1201 306 117 54 vnus
1275 306 117 54 aper
1348 306 146 54 multis
1450 306 161 54 porcis.
1567 306 88 54 Et
1611 306 102 54 sic
1669 306 88 54 de
1698 306 88 54 plu-

919 344 146 51 ribus
1016 344 146 51 aliis
1114 344 227 51 animalibus
1292 344 81 51 :
1325 344 130 51 ergo
1406 344 130 51 vnum
1487 344 146 51 virum
1584 344 162 51 habere
1682 344 97 51 vnam

922 385 140 54 solam
1016 385 156 54 vxorem
1125 385 109 54 non
1187 385 171 54 videtur
1312 385 125 54 esse
1390 385 94 54 de
1437 385 125 54 iure
1499 385 156 54 naturali

965 426 101 51 Ad
1016 426 186 51 primum,
1151 426 135 51 nego
1235 426 186 51 maiorem
1371 426 203 51 loquendo
1523 426 101 51 de
1573 426 203 51 talibus,
1708 426 68 51 in

936 464 151 48 uibus
1037 464 252 48 dispensatio
1239 464 118 48 non
1306 464 118 48 est
1373 464 168 48 contra
1491 464 185 48 honorem
1609 464 168 48 diuinum.

958 508 103 55 Ad
1009 508 257 55 probationem
1215 508 223 55 dicendum,
1387 508 137 55 quod
1472 508 171 55 natura
1592 508 171 55 potest
1695 508 86 55 du-

929 538 187 55 pliciter
1070 538 249 55 considerari:
1272 538 109 55 Vno
1335 538 140 55 modo,
1428 538 171 55 quantum
1553 538 94 55 ad
1600 538 156 55 cursum
1693 538 78 55 con

924 590 165 46 munem,
1040 590 116 46 seu
1106 590 215 46 potentiam
1272 590 232 46 naturalem.
1454 590 132 46 Alio
1537 590 149 46 modo,
1620 590 165 46 secundum

926 630 207 38 potentiam
1085 630 287 38 obedientialem.
1325 630 96 38 Et
1372 630 96 38 de
1420 630 128 38 isso
1500 630 175 38 secundo
1628 630 128 38 modo
1691 630 80 38 in-

925 662 239 46 telligendum
1116 662 111 46 est
1180 662 159 46 dictum
1291 662 143 46 beati
1387 662 175 46 August.
1514 662 80 46 &
1546 662 111 46 non
1610 662 96 46 de
1658 662 159 46 primo.

931 702 130 55 Quia
1012 702 163 55 contra
1126 702 196 55 naturam,
1273 702 179 55 quantum
1403 702 98 55 ad
1452 702 130 55 eius
1534 702 212 55 potentiam
1680 702 98 55 obe-

917 738 240 55 dientialem,
1109 738 128 55 deus
1189 738 176 55 numquam
1317 738 160 55 facit:
1430 738 112 55 Sed
1494 738 160 55 contra
1590 738 176 55 naturalem

913 787 155 32 cursum
1021 787 170 32 naturae
1145 787 124 32 deus
1222 787 170 32 saepius
1346 787 155 32 facit,
1455 787 232 32 Conseruauit
1641 787 124 32 enim
1703 787 77 32 pue

915 820 107 48 ros
976 820 183 48 illaesos
1113 820 92 48 in
1159 820 153 48 camino
1266 820 153 48 ignis,
1373 820 153 48 contra
1480 820 198 48 naturalem
1632 820 153 48 cursum
1724 820 61 48 na

908 865 138 46 turae
999 865 138 46 ignis
1091 865 92 46 Et
1137 865 122 46 isto
1213 865 122 46 modo
1290 865 138 46 etiam
1382 865 122 46 ipse
1458 865 138 46 deus,
1550 865 183 46 secundum
1672 865 107 46 assum

922 898 123 52 ptam
998 898 169 52 naturam
1121 898 169 52 genitus
1244 898 123 52 fuit
1321 898 92 52 de
1367 898 169 52 virgine
1474 898 154 52 gloriosa

946 944 100 45 Ad
996 944 200 45 secundum
1147 944 217 45 dicendum,
1314 944 134 45 quod
1397 944 117 45 ius
1464 944 217 45 naturale,
1631 944 184 45 quantum

909 982 84 45 ad
951 982 169 45 praesens
1078 982 169 45 spectat,
1205 982 183 45 consistit
1345 982 84 45 in
1388 982 183 45 dictamine
1529 982 141 45 rectae
1627 982 183 45 rationis,

910 1016 115 50 ita,
982 1016 115 50 quod
1054 1016 130 50 istud
1140 1016 101 50 est
1197 1016 86 50 de
1241 1016 115 50 lege
1313 1016 173 50 naturae,
1442 1016 101 50 seu
1500 1016 86 50 de
1543 1016 115 50 iure
1615 1016 187 50 naturali,

926 1061 102 41 uod
985 1061 131 41 recta
1072 1061 131 41 ratio
1160 1061 160 41 dictat:
1276 1061 87 41 Et
1320 1061 117 41 ideo
1393 1061 131 41 sicut
1480 1061 160 41 deficit
1597 1061 87 41 de
1641 1061 131 41 facto
1714 1061 58 41 a-

921 1098 105 48 pud
981 1098 151 48 multos
1087 1098 181 48 dictamen
1222 1098 151 48 rectae
1327 1098 196 48 rationis,
1478 1098 105 48 sic
1538 1098 135 48 etiam
1629 1098 90 48 de
1659 1098 105 48 facto

912 1137 135 37 multi
1002 1137 165 37 faciunt
1122 1137 150 37 contra
1227 1137 135 37 legem
1317 1137 180 37 naturae,
1453 1137 105 37 vel
1513 1137 150 37 contra
1618 1137 105 37 ius
1663 1137 105 37 natu-

906 1179 131 47 rale:
994 1179 87 47 Et
1037 1179 116 47 ideo
1110 1179 131 47 licet
1197 1179 102 47 lex
1255 1179 160 47 naturae
1371 1179 102 47 sit
1429 1179 131 47 eadem
1516 1179 174 47 secundum
1647 1179 87 47 se
1676 1179 87 47 apud

905 1217 176 43 omnes,
1029 1217 124 43 non
1099 1217 159 43 tamen
1205 1217 159 43 omnes
1311 1217 229 43 operantur
1488 1217 212 43 secundum
1646 1217 159 43 legem

921 1259 165 42 aturae,
1041 1259 75 42 &
1071 1259 105 42 hoc
1131 1259 135 42 quia,
1222 1259 105 42 vel
1282 1259 105 42 lex
1342 1259 165 42 naturae
1462 1259 105 42 est
1522 1259 195 42 obfuscata
1673 1259 90 42 in
1703 1259 75 42 men

901 1294 143 51 tibus
996 1294 174 51 ipsorum
1123 1294 174 51 propter
1250 1294 190 51 peccata,
1393 1294 111 51 vel
1456 1294 190 51 demerita
1599 1294 159 51 eorum,
1694 1294 79 51 vel

910 1334 115 51 quia
981 1334 172 51 scientes
1111 1334 101 51 ea,
1168 1334 115 51 quae
1240 1334 129 51 legis
1326 1334 129 51 sunt,
1413 1334 86 51 ex
1456 1334 129 51 certa
1542 1334 158 51 malitia
1643 1334 129 51 faciunt

915 1381 164 42 contra
1029 1381 148 42 legem
1128 1381 82 42 :
1160 1381 180 42 Propter
1292 1381 131 42 quod
1374 1381 148 42 multi
1472 1381 229 42 Paganorum,
1652 1381 82 42 &
1669 1381 98 42 Sen-

911 1411 153 44 tilium
1018 1411 153 44 tenent
1125 1411 153 44 plures
1233 1411 169 44 vxores,
1356 1411 169 44 quamuis
1478 1411 107 44 hoc
1540 1411 169 44 faciant
1647 1411 123 44 contra

908 1450 135 42 legem
998 1450 180 42 naturae,
1133 1450 75 42 &
1163 1450 90 42 in
1208 1450 105 42 hoc
1268 1450 180 42 grauiter
1402 1450 180 42 peccant.
1537 1450 120 42 Quia
1612 1450 135 42 sicut
1687 1450 75 42 di-

914 1488 109 45 cit
977 1488 233 45 Innocentius
1163 1488 140 45 extra
1256 1488 93 45 de
1303 1488 218 45 diuortiis.
1474 1488 93 45 c.
1520 1488 202 45 gaudemus.
1660 1488 109 45 Nulli

903 1529 154 42 vmquam
1010 1529 154 42 licuit
1118 1529 138 42 simul
1210 1529 154 42 plures
1317 1529 154 42 vxores
1425 1529 169 42 habere,
1548 1529 123 42 nisi
1625 1529 108 42 cui
1671 1529 92 42 fue-

906 1566 111 44 rit
970 1566 158 44 diuina
1080 1566 238 44 reuelatione
1255 1566 190 44 concessum.

943 1604 104 52 Ad
995 1604 173 52 formam
1116 1604 173 52 igitur
1238 1604 208 52 rationis
1394 1604 208 52 dicendum
1550 1604 104 52 ad
1585 1604 173 52 minorem,

918 1651 118 49 quod
992 1651 133 49 licet
1080 1651 88 49 de
1125 1651 133 49 facto
1213 1651 118 49 ista
1287 1651 103 49 lex
1346 1651 103 49 non
1404 1651 147 49 fuerit
1508 1651 88 49 ab
1552 1651 162 49 omnibus
1655 1651 103 49 obser

914 1686 222 50 tata:tamen
1089 1686 111 50 sic
1152 1686 127 50 fuit
1232 1686 127 50 apud
1311 1686 159 50 omnes,
1422 1686 127 50 quod
1502 1686 143 50 omnes
1597 1686 95 50 ad
1645 1686 111 50 sui
1693 1686 79 50 ob-

908 1725 221 42 seruantiam
1082 1725 221 42 obligabat,
1255 1725 189 42 exceptis
1397 1725 126 42 his,
1476 1725 110 42 cum
1539 1725 158 42 quibus
1634 1725 126 42 condi-

896 1768 106 51 tor
956 1768 151 51 legis,
1062 1768 182 51 scilicet
1199 1768 121 51 ipse
1274 1768 121 51 deus
1350 1768 242 51 dispensabat,
1547 1768 91 51 de
1592 1768 151 51 quorum
1683 1768 76 51 nu-

911 1802 114 56 mero
982 1802 157 56 fuerunt
1097 1802 114 56 illi
1168 1802 143 56 sancti
1268 1802 157 56 patres,
1383 1802 86 56 de
1426 1802 143 56 quibus
1526 1802 186 56 procedit)
1655 1802 114 56 illius

905 1846 171 43 minoris
1029 1846 186 43 probatio
1168 1846 78 43 :
1199 1846 109 43 Cum
1261 1846 140 43 illis
1354 1846 124 43 enim
1432 1846 186 43 patribus
1571 1846 124 43 deus
1633 1846 124 43 dispen

911 1886 128 44 auit
991 1886 208 44 explicite
1151 1886 112 44 per
1215 1886 176 44 apertam
1344 1886 272 44 reuelationem,
1568 1886 80 44 &
1600 1886 112 44 cum
1648 1886 112 44 aliis

902 1926 191 41 eiusdem
1041 1926 191 41 gentis,
1180 1926 122 41 qui
1249 1926 104 41 ad
1301 1926 208 41 exemplum
1457 1926 191 41 istorum
1579 1926 191 41 habuerunt

905 1960 245 46 pluritatem
1098 1960 175 46 vxorum
1221 1960 105 46 ad
1273 1960 315 46 multiplicandum
1536 1960 210 46 populum.
1676 1960 88 46 qui

896 2003 145 42 vnum
987 2003 163 42 verum
1095 2003 145 42 deum
1186 2003 199 42 coleret
1331 2003 272 42 dispensauit
1530 2003 218 42 implicite.

928 2046 101 47 Ad
979 2046 184 47 tertium
1113 2046 218 47 dicendum,
1280 2046 134 47 quod
1364 2046 184 47 aliquid
1498 2046 184 47 dicitur
1632 2046 101 47 de
1665 2046 101 47 iure

895 2085 204 40 naturali
1048 2085 254 40 dupliciter.
1251 2085 119 40 Vno
1319 2085 153 40 modo,
1421 2085 204 40 secundum
1573 2085 187 40 naturam
1692 2085 68 40 ge

908 2125 156 39 neris,
1018 2125 78 39 &
1049 2125 109 39 sic
1112 2125 141 39 maior
1205 2125 109 39 est
1268 2125 141 39 vera.
1362 2125 125 39 Alio
1440 2125 125 39 modo
1518 2125 188 39 secundum
1643 2125 141 39 naturam

902 2160 181 46 speciei
1033 2160 279 46 determinatae,
1263 2160 131 46 puta
1345 2160 197 46 secundum
1493 2160 181 46 naturam
1608 2160 164 46 rationa-

906 2199 90 42 em
951 2199 75 42 :
981 2199 135 42 sicut
1071 2199 105 42 est
1131 2199 90 42 in
1176 2199 195 42 proposito
1326 2199 90 42 de
1372 2199 165 42 vnitate
1492 2199 165 42 vxoris.
1612 2199 105 42 Hoc
1657 2199 90 42 enim

914 2237 153 49 lictat
1021 2237 137 49 recta
1112 2237 153 49 ratio,
1219 2237 122 49 quod
1296 2237 92 49 in
1341 2237 153 49 specie
1448 2237 153 49 humana
1555 2237 107 49 vna
1616 2237 153 49 debeat
1708 2237 61 49 es

904 2269 87 55 se
947 2269 116 55 vxor
1019 2269 130 55 vnius
1106 2269 130 55 viri,
1193 2269 116 55 nisi
1265 2269 87 55 ex
1309 2269 145 55 aliqua
1410 2269 130 55 certa
1497 2269 130 55 causa
1584 2269 174 55 conditor
1700 2269 72 55 na-

901 2317 140 41 turae
995 2317 93 41 in
1041 2317 109 41 hoc
1104 2317 218 41 dispenset.
1275 2317 93 41 Et
1321 2317 124 41 isto
1399 2317 171 41 secundo
1524 2317 124 41 modo
1601 2317 140 41 maior
1679 2317 78 41 non

902 2356 108 44 est
948 2356 92 44 vera

943 2394 99 55 De
993 2394 182 55 libello
1126 2394 182 55 repudii
1258 2394 116 55 est
1324 2394 265 55 aduertendum,
1540 2394 133 55 quod
1606 2394 149 55 nonlice

908 2432 101 42 bat
965 2432 86 42 in
1008 2432 144 42 veteri
1109 2432 115 42 lege
1181 2432 173 42 mulierem
1311 2432 202 42 repudiare,
1470 2432 115 42 nisi
1542 2432 86 42 ex
1585 2432 144 42 aliqua
1672 2432 86 42 cau-

905 2472 99 48 sa
954 2472 215 48 eueniente
1119 2472 132 48 post
1202 2472 231 48 contractum
1383 2472 248 48 matrimomum,
1581 2472 116 48 nec
1631 2472 116 48 indif

900 2511 186 52 ferenter
1039 2511 171 52 licebat
1163 2511 171 52 propter
1287 2511 202 52 quamlibet
1442 2511 155 52 causam
1535 2511 217 52 euenientemn,

905 2552 95 42 ed
953 2552 143 42 solum
1048 2552 175 42 propter
1175 2552 143 42 tales
1270 2552 175 42 causas,
1397 2552 159 42 quibus
1508 2552 143 42 bonum
1603 2552 159 42 prolis
1699 2552 63 42 po

904 2592 139 42 terat
996 2592 232 42 aliquatenus
1182 2592 201 42 impediri:
1337 2592 93 42 Et
1383 2592 124 42 hoc,
1460 2592 108 42 vel
1522 2592 170 42 quantum
1646 2592 93 42 ad
1677 2592 77 42 cor

907 2634 109 50 pus,
976 2634 123 50 puta,
1057 2634 82 50 si
1098 2634 136 50 mulier
1194 2634 164 50 apparuit
1317 2634 177 50 sterilis,
1453 2634 95 50 vel
1507 2634 109 50 fuit
1576 2634 164 50 leprosa,
1685 2634 68 50 vel

905 2674 155 46 aliqua
1014 2674 124 46 alia
1092 2674 186 46 notabili
1232 2674 217 46 foeditate:
1402 2674 202 46 maculata.
1558 2674 109 46 Vel
1604 2674 140 46 quantum

898 2716 94 46 ad
945 2716 173 46 animam,
1071 2716 125 46 puta
1149 2716 94 46 si
1196 2716 125 46 fuit
1275 2716 157 46 mulier
1385 2716 125 46 mali
1463 2716 157 46 moris.
1573 2716 173 46 Propter
1683 2716 78 46 con

899 2749 168 47 tinuam
1017 2749 134 47 enim
1101 2749 302 47 cohabitationem
1352 2749 168 47 prolis
1470 2749 117 47 cum
1537 2749 151 47 matre
1638 2749 101 47 vt
1671 2749 84 47 plu

905 2788 143 46 timum
1001 2788 159 46 proles
1112 2788 191 46 sequitur
1255 2788 143 46 mores
1350 2788 175 46 Matris.
1478 2788 95 46 Et
1525 2788 127 46 quia
1605 2788 127 46 viri
1668 2788 80 46 He-

907 2828 135 47 praei
997 2828 165 47 fuerunt
1117 2828 195 47 durissimi
1267 2828 165 47 cordis:
1388 2828 135 47 ideo,
1478 2828 90 47 ne
1523 2828 165 47 propter
1628 2828 135 47 mortale

908 2870 148 42 pdium
1006 2870 132 42 ipsi
1089 2870 214 42 occasione
1254 2870 264 42 praedictorum
1468 2870 214 42 defectuum
1616 2870 132 42 vxores

907 2915 239 37 peciderent,
1099 2915 192 37 permisit
1242 2915 160 37 Movses
1354 2915 208 37 diuortium
1514 2915 144 37 fieri
1609 2915 144 37 inter
1689 2915 80 37 vi-

955 2945 117 49 rum,
1029 2945 73 49 &
1058 2945 161 49 vxorem,
1175 2945 205 49 declaratis
1337 2945 147 49 causis
1440 2945 220 49 praedictis,
1616 2945 73 49 &
1630 2945 59 49 in

1060 2987 157 51 libello
1174 2987 229 51 conscriptis,
1360 2987 215 51 quilibellus
1517 2987 72 51 re-

1192 3022 144 55 pudiij
1278 3022 173 55 dicebatur.
