2418 3568
200 295 109 72 rat
263 295 94 72 ab
310 295 203 72 accidente
466 295 219 72 formaliter
622 295 172 72 inherente

231 342 137 54 Forte
322 342 182 54 dicetur,
458 342 121 54 quod
534 342 91 54 ex
580 342 106 54 his
640 342 182 54 sequatur
777 342 167 54 aliquid
898 342 121 54 esse
959 342 106 54 verum

199 388 199 49 accidens,
352 388 122 49 quod
428 388 138 49 tamen
520 388 122 49 suae
596 388 168 49 naturae
719 388 183 49 relictum
856 388 107 49 non
902 388 153 49 inhaeret

197 432 130 44 quod
278 432 178 44 videtur
407 432 243 44 impossibile
602 432 81 44 &
634 432 178 44 communi
764 432 211 44 doctrinae
909 432 146 44 penitui

198 468 229 38 repugnare:
378 468 131 38 quia
460 468 147 38 omnes
558 468 213 38 catholici
722 468 197 38 doctores
869 468 131 38 hanc
935 468 131 38 propo-

200 505 171 50 sitionem
328 505 228 50 Aristotelis,
514 505 100 50 qua
571 505 143 50 dixit,
671 505 200 50 accidentis
827 505 114 50 esse
899 505 100 50 est
942 505 128 50 inesse,

205 546 152 57 dicunt
311 546 106 57 via
372 546 167 57 naturae
493 546 152 57 omnino
600 546 122 57 esse
660 546 122 57 veram.

209 593 215 43 Dicendum,
375 593 132 43 quod
458 593 149 43 sicut
557 593 182 43 proprie
690 593 215 43 loquendo,
855 593 182 43 relatio
971 593 83 43 nom

203 627 199 43 refertur:
355 627 107 43 sed
417 627 199 43 relatiuum
569 627 183 43 refertur
707 627 214 43 relatione:
875 627 137 43 large
951 627 107 43 tamen

200 664 208 48 loquendo,
360 664 208 48 quandoque
520 664 144 48 etiam
616 664 128 48 ipsa
697 664 176 48 relatio
825 664 176 48 dicitur
937 664 128 48 refer-

204 706 92 43 ri
250 706 107 43 non
311 706 122 43 alia
387 706 214 43 relatione,
555 706 107 43 sed
616 706 137 43 ipsa:
708 706 122 43 sic,
784 706 168 43 proprie
891 706 168 43 loquendo.

197 747 218 48 inhaerentia
372 747 102 48 non
430 747 189 48 inhaeret:
575 747 102 48 sed
634 747 189 48 accidens,
779 747 131 48 cuius
866 747 102 48 est
910 747 145 48 inheren-

196 783 111 54 tia
260 783 79 54 :
291 783 143 54 large
386 783 143 54 tamen
481 783 206 54 loquendo,
640 783 127 54 ipsa
719 783 206 54 quandoque
878 783 174 54 dicitur
989 783 79 54 in-

208 820 176 53 haerere,
341 820 132 53 licet
429 820 103 53 hoc
488 820 103 53 non
546 820 191 53 conueniat
693 820 103 53 ei,
752 820 176 53 mediante
885 820 118 53 alia
943 820 118 53 inhae-

205 864 135 51 tentia
300 864 68 51 :
327 864 95 51 sed
381 864 135 51 seipsa
462 864 176 51 inhaerebit.

216 897 149 55 Forte
316 897 165 55 iterum
431 897 165 55 dices,
547 897 132 55 quod
629 897 165 55 saltem
745 897 116 55 hoc
811 897 182 55 habetur
927 897 132 55 contra

208 942 222 52 praedictam
383 942 270 52 responsionem,
605 942 127 52 quod
684 942 127 52 ista
764 942 175 52 vulgata
875 942 190 52 proposito;

210 982 102 49 qua
269 982 175 49 dicitur,
400 982 204 49 accidentis
560 982 117 49 esse
633 982 102 49 est
691 982 160 49 inesse,
808 982 117 49 erit
881 982 189 49 impropria
1012 982 58 49 ad

206 1031 139 39 minus
298 1031 108 39 pro
360 1031 108 39 hoc
422 1031 217 39 accidente,
592 1031 124 39 quod
670 1031 108 39 est
716 1031 201 39 inhaerentia

248 1059 149 50 Dico,
348 1059 132 50 quod
430 1059 116 50 hoc
496 1059 116 50 non
562 1059 165 50 reputo
678 1059 264 50 inconueniens
876 1059 182 50 proposito

208 1097 119 55 nem
276 1097 154 55 valde
379 1097 205 55 vulgatam
532 1097 102 55 in
583 1097 171 55 aliquo
703 1097 239 55 subsumendo
873 1097 188 55 quandoquo

207 1137 126 46 esse
286 1137 236 46 impropriam:
474 1137 126 46 lsta
553 1137 126 46 enim
632 1137 110 46 est
695 1137 157 46 multum
805 1137 173 46 vulgata
915 1137 141 46 proposi

213 1178 124 48 tio.
290 1178 139 48 Omne,
382 1178 124 48 quod
460 1178 170 48 incipit
583 1178 139 48 esse,
676 1178 77 48 &
707 1178 139 48 prius
799 1178 108 48 non
861 1178 139 48 erat,
954 1178 108 48 hoc
1000 1178 62 48 es

200 1225 96 43 ab
248 1225 161 43 aliquo
361 1225 225 43 productum:
538 1225 113 43 sed
602 1225 225 43 productio,
779 1225 113 43 qua
843 1225 177 43 aliquid
955 1225 113 43 crea-

207 1267 106 44 tum
268 1267 228 44 producitur,
450 1267 167 44 incipit
572 1267 137 44 esse,
663 1267 76 44 &
693 1267 137 44 prius
784 1267 106 44 non
845 1267 137 44 fuit:
936 1267 76 44 &
952 1267 106 44 tamet

201 1293 138 51 valde
293 1293 200 51 impropria
446 1293 184 51 dicitur,
585 1293 123 51 quod
662 1293 200 51 productio
815 1293 108 51 sit
877 1293 200 51 producta.
1015 1293 46 51 E

200 1339 144 50 dato,
296 1339 128 50 quod
376 1339 160 50 large,
488 1339 80 50 &
520 1339 208 50 improprie
681 1339 192 50 loquendo
825 1339 224 50 concedatur
985 1339 80 50 pro

198 1374 217 49 ductionem
365 1374 134 49 esse
449 1374 234 49 productam:
633 1374 150 49 tamen
733 1374 134 49 ipsa
816 1374 117 49 non
867 1374 200 49 producetur

206 1423 119 42 alia
280 1423 237 42 productione:
473 1423 104 42 sed
532 1423 208 42 formaliter
695 1423 163 42 seipsa:
814 1423 104 42 Sic
873 1423 89 42 in
903 1423 163 42 proposito

207 1462 100 41 Ad
257 1462 200 41 secundam
407 1462 200 41 rationem
557 1462 217 41 dicendum,
724 1462 133 41 quod
807 1462 100 41 vt
857 1462 150 41 patet
957 1462 100 41 7.
990 1462 67 41 me

207 1490 113 56 tha.
278 1490 141 56 duplex
376 1490 99 56 est
433 1490 212 56 diffinitio.
603 1490 99 56 Vna
659 1490 113 56 quae
730 1490 127 56 datur
815 1490 99 56 per
871 1490 99 56 ea,
928 1490 113 56 quae
984 1490 85 56 sunt

206 1532 103 47 rei
265 1532 221 47 intrinseca.
442 1532 133 47 Alia,
531 1532 118 47 quae
605 1532 133 47 datur
693 1532 103 47 per
752 1532 221 47 extrinseca,
929 1532 74 47 &
959 1532 103 47 per
1003 1532 59 47 ad

203 1568 218 58 ditamenta.
375 1568 93 58 Et
421 1568 109 58 hoc
484 1568 171 58 secundo
608 1568 125 58 modo
686 1568 218 58 diffinitur
858 1568 202 58 accioens,
998 1568 62 58 si

208 1612 110 50 cut
271 1612 141 50 patet
365 1612 172 50 ibidem.
490 1612 94 50 Et
537 1612 125 50 isto
616 1612 172 50 secundo
741 1612 125 50 modo
819 1612 188 50 loquendo
960 1612 94 50 de
992 1612 78 50 dif

200 1645 229 59 finitione,
380 1645 115 59 non
445 1645 115 59 est
511 1645 164 59 salsum
626 1645 229 59 diffinitum
806 1645 213 59 quandoque
953 1645 115 59 posse

208 1696 113 44 esse
278 1696 155 44 virtute
391 1696 141 44 diuina
490 1696 113 44 sine
560 1696 113 44 illa
630 1696 239 44 diffinitione,
828 1696 113 44 quae
898 1696 113 44 sibi
954 1696 113 44 compe-

202 1736 116 46 tit
269 1736 199 46 secundum
418 1736 166 46 cursum
534 1736 232 46 naturalem:
716 1736 116 46 Ens
782 1736 133 46 enim
849 1736 215 46 simpliciter

200 1775 199 46 absolutum
353 1775 153 46 diuina
460 1775 168 46 virtute
582 1775 153 46 potest
689 1775 168 46 absolui
812 1775 92 46 ab
858 1775 122 46 omni
934 1775 107 46 eo,
980 1775 92 46 quod

206 1818 107 38 non
267 1818 107 38 est
328 1818 122 38 sibi
404 1818 228 38 intrinsecum
586 1818 183 38 spectans
723 1818 91 38 ad
769 1818 198 38 essentiam
906 1818 91 38 suam

248 1854 107 44 Ad
302 1854 196 44 tertium
444 1854 142 44 nego
533 1854 320 44 consequentiam.
800 1854 107 44 Ad
836 1854 231 44 probationem

203 1886 210 51 dicendum,
365 1886 129 51 quod
445 1886 146 51 licet
542 1886 162 51 habere
656 1886 210 51 naturalem
817 1886 243 51 aptitudinem
995 1886 65 51 a-

217 1933 114 42 esse
288 1933 100 42 per
345 1933 86 42 se
388 1933 157 42 propric
503 1933 186 42 conueniat
646 1933 215 42 substantiae
818 1933 200 42 perfectae:
961 1933 100 42 tamet

209 1971 84 45 de
251 1971 126 45 facto
335 1971 98 45 per
390 1971 84 45 se
432 1971 167 45 existere
558 1971 98 45 non
614 1971 167 45 conuenit
739 1971 112 45 sibi
809 1971 98 45 ita
865 1971 167 45 proprie,
976 1971 84 45 quit

209 2008 90 51 ab
254 2008 90 51 eo
299 2008 149 51 possit
403 2008 194 51 separari:
552 2008 134 51 sicut
642 2008 134 51 patet
732 2008 90 51 in
776 2008 164 51 Christi
881 2008 179 51 humanitate

200 2044 117 55 quae
274 2044 102 55 est
332 2044 176 55 perfecta
464 2044 220 55 substantia:
639 2044 73 55 &
669 2044 132 55 tamen
757 2044 88 55 in
801 2044 161 55 essendo
903 2044 161 55 innititus

206 2087 158 52 diuino
317 2087 221 52 supposito:
491 2087 127 52 ergo
570 2087 142 52 dato,
665 2087 127 52 quod
744 2087 127 52 Deus
823 2087 95 52 de
870 2087 142 52 facto
949 2087 127 52 faciat

195 2130 190 43 accidens
337 2130 205 43 absolutum
495 2130 111 43 per
559 2130 95 43 se
606 2130 205 43 existere,
764 2130 174 43 manente
890 2130 95 43 in
922 2130 142 43 huiusmo

199 2163 95 47 di
247 2163 206 47 accidente
405 2163 190 47 naturali
548 2163 222 47 aptitudine
722 2163 95 47 ad
770 2163 254 47 inhaerendum,
976 2163 79 47 &
992 2163 79 47 non

208 2202 98 56 ad
257 2202 115 56 per
322 2202 98 56 se
371 2202 213 56 essendum,
535 2202 98 56 ex
584 2202 115 56 hoc
650 2202 115 56 non
716 2202 246 56 conuincitur
896 2202 180 56 huiusmodi

212 2244 183 47 accidens
349 2244 122 47 fore
425 2244 244 47 substantiam:
624 2244 122 47 quia
700 2244 183 47 proprium
837 2244 107 47 est
883 2244 183 47 substantia

212 2290 104 46 per
272 2290 89 46 se
316 2290 119 46 esse
391 2290 238 46 naturaliter,
584 2290 74 46 &
614 2290 119 46 sine
688 2290 208 46 aptitudine
852 2290 89 46 ad
882 2290 193 46 inhaerendum

211 2327 101 50 Ad
262 2327 186 50 quartum
397 2327 203 50 dicendum
549 2327 101 50 ad
600 2327 203 50 minorem,
752 2327 135 50 quod
836 2327 152 50 licet
938 2327 118 50 per
989 2327 85 50 com

219 2360 204 50 arationem
376 2360 94 50 ad
424 2360 189 50 virtutem
565 2360 173 50 creatam
691 2360 220 50 substantia
864 2360 110 50 sit
927 2360 141 50 prior
1005 2360 63 50 ac

213 2403 167 46 cidente
334 2403 152 46 ordine
441 2403 228 46 necessario,
623 2403 76 46 &
654 2403 228 46 essentiali,
836 2403 106 46 seu
881 2403 198 46 immutabili:

203 2437 143 49 tamen
299 2437 112 49 per
362 2437 271 49 comparationem
586 2437 96 49 ad
634 2437 191 49 virtutem
777 2437 175 49 diuinam
905 2437 128 49 iste
968 2437 96 49 ordi

210 2477 104 52 non
270 2477 104 52 est
329 2477 238 52 necessarius,
522 2477 74 52 &
552 2477 238 52 essentialis,
745 2477 104 52 sed
805 2477 149 52 potius
894 2477 178 52 contingens

201 2523 74 45 &
231 2523 207 45 mutabilis:
393 2523 133 45 ficut
482 2523 118 45 enim
555 2523 103 45 Sol
614 2523 162 45 dicitur
733 2523 207 45 necessario
895 2523 133 45 oriri
969 2523 103 45 secun

204 2560 117 48 dum
271 2560 183 48 cursum,
404 2560 83 48 &
438 2560 183 48 ordinem
571 2560 233 48 naturalem:
754 2560 133 48 quia
838 2560 183 48 virtute
954 2560 117 48 agen-

208 2599 104 52 tis
268 2599 194 52 naturalis
417 2599 134 52 ortus
506 2599 134 52 Solis
596 2599 104 52 nec
655 2599 149 52 potest
760 2599 209 52 promoueri,
924 2599 104 52 nec
969 2599 104 52 impe-

217 2634 152 55 diri:
319 2634 152 55 tamen
420 2634 220 55 huiusmodi
589 2634 152 55 ortum
691 2634 237 55 comparando
877 2634 102 55 ad
928 2634 186 55 diuinam

225 2675 215 57 potentiam,
394 2675 123 57 tunc
470 2675 108 57 non
532 2675 108 57 est
593 2675 246 57 necessarius:
793 2675 108 57 sed
855 2675 230 57 contingens,
1039 2675 77 57 &

216 2720 214 50 mutabilis,
384 2720 92 50 eo
429 2720 122 50 quoe
506 2720 137 50 Deus,
597 2720 244 50 quandocunque
795 2720 198 50 voluerit,
933 2720 153 50 huiusmo-

206 2759 94 49 di
253 2759 141 49 ortum
347 2759 157 49 possit
457 2759 204 49 immutare,
613 2759 110 49 seu
676 2759 204 49 impedire:
833 2759 110 49 Sic
895 2759 94 49 in
926 2759 157 49 proposi-

222 2792 88 52 to
266 2792 102 52 &c.
325 2792 117 52 Vnde
398 2792 88 52 si
442 2792 117 52 Deus
515 2792 205 52 voluisset,
676 2792 117 52 ipse
749 2792 132 52 prius
837 2792 176 52 creasset
954 2792 132 52 acciden

212 2843 120 41 tia,
287 2843 120 41 quam
362 2843 240 41 substantiam,
557 2843 90 41 &,
602 2843 90 41 si
647 2843 135 41 adhuc
736 2843 165 41 vellet,
856 2843 195 41 destructa
991 2843 90 41 omni

221 2871 216 54 substantia
390 2871 154 54 creata
498 2871 123 54 ipse
575 2871 154 54 posset
683 2871 216 54 accidentia
853 2871 231 54 conseruare.
1022 2871 62 54 Ad

220 2910 251 61 probationem
421 2910 217 61 dicendum,
588 2910 134 61 quod
672 2910 184 61 Aristo.
805 2910 117 61 non
872 2910 201 61 loquitur
1006 2910 67 61 di

206 2950 214 52 accidente
370 2950 181 52 quantum
502 2950 99 52 ad
551 2950 181 52 diuinam
683 2950 214 52 potentiam
848 2950 82 52 :
880 2950 115 52 sed
930 2950 148 52 quantum

206 2999 108 43 ad
260 2999 216 43 communem
422 2999 180 43 cursum
530 2999 180 43 naturae.

208 3027 104 52 Ad
260 3027 190 52 quintum
398 3027 138 52 nego
484 3027 259 52 antecedens,
691 3027 86 52 &
726 3027 155 52 causa
829 3027 242 52 negationis
1002 3027 86 52 pa-

208 3066 96 59 tet
263 3066 96 59 per
318 3066 96 59 ea,
372 3066 109 59 quae
440 3066 109 59 dixi
509 3066 82 59 li
550 3066 82 59 3.
591 3066 96 59 di.
645 3066 82 59 5.
686 3066 109 59 art.
754 3066 82 59 1.
795 3066 82 59 Et
836 3066 137 59 ibidem
932 3066 137 59 adduxi
1014 3066 68 59 mul

215 3106 105 57 tas
275 3106 225 57 probationes
455 3106 150 57 istius
560 3106 255 57 antecedentis,
770 3106 75 57 &
800 3106 90 57 ad
845 3106 135 57 ipsas
920 3106 165 57 respondi,

213 3149 201 53 Secundo,
364 3149 168 53 contra
482 3149 252 53 supradictam
683 3149 269 53 conclusionem
901 3149 117 53 est
952 3149 134 53 opinio

1100 301 193 63 magnorum
1244 301 209 63 doctorum,
1405 301 112 63 qui
1469 301 177 63 dicunt,
1598 301 128 63 quod
1678 301 177 63 nullunm
1806 301 209 63 accidens,

1094 355 270 34 quamuiscumque
1317 355 207 34 absolutum
1475 355 111 34 est
1539 355 207 34 possibile
1698 355 127 34 esse
1777 355 127 34 sine
1841 355 143 34 subie

1089 392 124 51 cto:
1166 392 170 51 excepta
1290 392 124 51 sola
1367 392 232 51 quantitate.
1553 392 93 51 Et
1599 392 124 51 hanc
1676 392 248 51 conclusionem
1862 392 93 51 qui-

1086 428 118 54 dam
1154 428 152 54 eorum
1255 428 186 54 probant
1374 428 101 54 sic.

1104 470 79 49 1
1136 470 238 49 Impossibile
1326 470 127 49 est,
1406 470 79 49 &
1437 470 301 49 contradictionem
1691 470 190 49 implicat
1818 470 143 49 aliquid

1096 508 172 47 existere,
1228 508 106 47 nisi
1294 508 92 47 sit
1347 508 198 47 indiuiduum:
1505 508 92 47 sed
1558 508 106 47 sola
1624 508 172 47 quantitas
1756 508 79 47 de
1795 508 79 47 se
1835 508 92 47 est
1875 508 92 47 indi-

1098 551 146 48 uidua,
1201 551 73 48 &
1230 551 117 48 omia
1303 551 117 48 alia
1376 551 249 48 indiuiduantur
1581 551 102 48 per
1639 551 234 48 quantitatem:
1829 551 117 48 ergo
1888 551 73 48 &c.

1108 590 78 47 2
1140 590 217 47 Praeterea,
1310 590 93 47 si
1357 590 140 47 color
1450 590 140 47 esset
1543 590 202 47 separatus
1698 590 78 47 a
1729 590 202 47 subiecto,
1869 590 93 47 tunc

1090 615 129 54 simul
1176 615 129 54 esset
1262 615 215 54 sensibilis,
1434 615 72 54 &
1462 615 100 54 non
1520 615 215 54 sensibilis,
1692 615 115 54 quod
1763 615 100 54 est
1806 615 158 54 contradi-

1095 664 132 46 ctio.
1183 664 176 46 Probatur
1315 664 249 46 consequentia;
1521 664 132 46 esset
1609 664 117 46 enim
1682 664 103 46 per
1741 664 88 46 se
1770 664 191 46 sensibilis:

1105 706 115 51 quia
1176 706 129 51 esset
1262 706 129 51 forma
1348 706 86 51 de
1391 706 143 51 tertia
1491 706 143 51 specie
1592 706 215 51 qualitatis.
1763 706 100 51 Non
1821 706 129 51 esset
1892 706 72 51 sen

1100 754 160 41 ubilis:
1216 754 116 41 quia
1288 754 87 41 si
1332 754 131 41 esset
1419 754 218 41 sensibilis,
1593 754 102 41 hoc
1651 754 131 41 esset
1738 754 174 41 secundum
1854 754 102 41 visum

1099 781 240 47 Consequentia
1294 781 150 47 patet:
1399 781 120 47 quia
1474 781 135 47 color
1564 781 120 47 solo
1639 781 135 47 sensu
1729 781 135 47 visus
1819 781 105 47 est
1864 781 90 47 per-

1101 828 222 45 ceptibilis.
1279 828 104 45 Sed
1338 828 207 45 consequens
1501 828 104 45 est
1560 828 163 45 falsum,
1679 828 118 45 quia
1753 828 89 45 vt
1782 828 178 45 demonstra-

1091 861 107 47 tur
1152 861 91 47 in
1197 861 183 47 scientia
1334 861 228 47 perspectiua
1517 861 152 47 illud,
1624 861 122 47 quod
1700 861 107 47 non
1761 861 107 47 est
1807 861 152 47 quantum,

1093 901 101 50 hoc
1150 901 101 50 non
1208 901 101 50 est
1266 901 231 50 perceptibile
1454 901 101 50 per
1512 901 145 50 visum,
1613 901 101 50 sed
1671 901 87 50 si
1714 901 130 50 color
1801 901 130 50 esset
1873 901 87 50 sepa

1092 948 150 46 ratus,
1197 948 120 46 tunc
1272 948 135 46 esset
1362 948 270 46 indiuisibilis,
1588 948 75 46 &
1618 948 105 46 non
1678 948 180 46 quantus;
1813 948 120 46 ergo
1873 948 60 46 &c

1103 985 75 48 3
1133 985 209 48 Praeterea,
1297 985 90 48 si
1342 985 149 48 albedo
1447 985 135 48 esset
1537 985 179 48 separata
1671 985 75 48 a
1701 985 224 48 quantitate,
1865 985 90 48 tuns

1089 1020 138 50 simul
1181 1020 138 50 esset
1272 1020 184 50 qualitas
1410 1020 230 50 corporalis,
1594 1020 77 50 &
1624 1020 107 50 non
1686 1020 230 50 corporalis;
1854 1020 107 50 esset

1104 1066 123 46 enim
1181 1066 231 46 corporalis,
1365 1066 200 46 inquantum
1519 1066 138 46 esset
1611 1066 108 46 per
1673 1066 92 46 se
1719 1066 185 46 obiectum
1842 1066 123 46 sensus

1104 1101 168 47 existens
1230 1101 84 47 in
1272 1101 140 47 tertia
1370 1101 140 47 specie
1468 1101 210 47 qualitatis,
1636 1101 98 47 sed
1692 1101 98 47 non
1748 1101 126 47 esset
1818 1101 140 47 corpora-

1109 1136 83 53 is,
1157 1136 71 53 eo
1192 1136 95 53 quod
1252 1136 107 53 esset
1323 1136 214 53 indiuisibilis.

1110 1168 84 58 4
1144 1168 235 58 Praeterea,
1329 1168 168 58 albedo
1447 1168 168 58 posset
1564 1168 219 58 informare
1733 1168 202 58 angelum:
1867 1168 101 58 quia

1103 1216 131 57 forma
1191 1216 248 57 indiuisibilis
1395 1216 102 57 est
1453 1216 233 57 spiritualis,
1643 1216 73 57 &
1672 1216 102 57 per
1731 1216 204 57 consequens
1876 1216 88 57 eius

1103 1252 220 43 informatio
1276 1252 110 43 non
1339 1252 189 43 repugnat
1481 1252 205 43 spiritui:
1638 1252 126 43 ergo
1701 1252 63 43 &c

1118 1283 85 63 1
1152 1283 119 63 Sed
1220 1283 136 63 ista
1305 1283 119 63 non
1373 1283 255 63 concludunt,
1576 1283 136 63 quia
1661 1283 119 63 non
1729 1283 204 63 videtur,
1865 1283 102 63 quod

1099 1327 186 50 intimius,
1242 1327 72 50 &
1271 1327 229 50 essentialius
1457 1327 172 50 qualitas
1586 1327 186 50 simplicit
1730 1327 86 50 er
1773 1327 172 50 absoluta
1887 1327 72 50 de-

1105 1374 166 53 pendeat
1226 1374 76 53 a
1256 1374 227 53 quantitate,
1438 1374 121 53 quam
1513 1374 197 53 quantitas
1665 1374 76 53 a
1695 1374 227 53 substantia:
1861 1374 91 53 sedi

1094 1409 108 43 non
1155 1409 186 43 obstante
1295 1409 232 43 dependentia
1481 1409 186 43 secunda,
1620 1409 201 43 quantitas
1775 1409 108 43 est
1822 1409 139 43 separa-

1102 1452 129 46 bilis
1188 1452 72 46 a
1216 1452 215 46 substantia,
1388 1452 86 46 vt
1431 1452 115 46 isti
1503 1452 172 46 doctores
1632 1452 201 46 concedunt:
1790 1452 115 46 ergo
1862 1452 129 46 etiam

1102 1490 172 52 qualitas
1231 1490 158 52 poterit
1346 1490 72 52 a
1374 1490 201 52 quantitate
1518 1490 158 52 separari.

1116 1519 80 61 2
1148 1519 225 61 Praeterea,
1325 1519 145 61 datis
1421 1519 161 61 duobus
1533 1519 225 61 absolutis,
1710 1519 161 61 quorum
1822 1519 128 61 vnum
1887 1519 80 61 est

1118 1570 193 52 erfectius
1267 1570 163 52 altero,
1386 1570 89 52 si
1430 1570 253 52 imperfectiori
1638 1570 104 52 non
1698 1570 178 52 repugnat
1831 1570 119 52 esse
1891 1570 74 52 per

1095 1613 104 42 se,
1155 1613 104 42 nec
1214 1613 223 42 perfectiori
1392 1613 104 42 hoc
1451 1613 163 42 videtur
1570 1613 208 42 repugnare:
1733 1613 104 42 sed
1793 1613 208 42 quantitas,

1095 1649 73 45 &
1125 1649 176 45 qualitas
1257 1649 117 45 sunt
1330 1649 117 45 duae
1403 1649 147 45 formae
1506 1649 205 45 absolutae,
1668 1649 73 45 &
1697 1649 176 45 qualitas
1829 1649 103 45 est
1873 1649 88 45 per-

1103 1689 160 45 fectior
1219 1689 203 45 quantitate
1378 1689 73 45 :
1407 1689 116 45 ergo
1480 1689 87 45 si
1523 1689 203 45 quantitati
1683 1689 102 45 non
1741 1689 189 45 repugnat,
1871 1689 87 45 quin

1103 1728 158 44 virtute
1218 1728 144 44 diuina
1318 1728 144 44 possit
1419 1728 115 44 esse
1491 1728 101 44 per
1548 1728 86 44 se
1591 1728 115 44 sine
1663 1728 187 44 subiecto,
1807 1728 101 44 nec
1850 1728 115 44 quali-

1103 1770 125 43 tati
1182 1770 110 43 hoc
1244 1770 141 43 debet
1339 1770 220 43 repugnare.
1511 1770 141 43 Maior
1605 1770 157 43 patet:
1715 1770 125 43 quia
1793 1770 157 43 contra
1888 1770 78 43 ra-

1091 1806 159 43 tionem
1203 1806 127 43 esse
1282 1806 191 43 videtur,
1426 1806 127 43 quod
1505 1806 223 43 perfectior
1680 1806 143 43 modus
1776 1806 175 43 essendi
1887 1806 80 43 ma-

1094 1844 106 48 gis
1154 1844 181 48 repugnet
1290 1844 121 48 enti
1366 1844 241 48 perfectiori,
1562 1844 121 48 quam
1637 1844 272 48 imperfectiori.
1848 1844 106 48 Probo

1103 1887 189 50 minorem
1240 1887 120 50 quo
1309 1887 103 50 ad
1360 1887 172 50 primam
1480 1887 120 50 sui
1549 1887 189 50 partem:
1686 1887 137 50 quia
1772 1887 154 50 licet
1858 1887 103 50 vnum

1095 1924 105 44 sit
1155 1924 270 44 praedicamentum
1380 1924 225 44 simpliciter
1559 1924 240 44 respectiuum,
1754 1924 120 44 puta
1814 1924 150 44 relatio,

1108 1963 74 43 &
1138 1963 103 43 sex
1197 1963 250 43 praedicamenta
1402 1963 147 43 aliquo
1505 1963 118 43 modo
1579 1963 221 43 respectiua,
1755 1963 118 43 puta
1829 1963 103 43 sex
1873 1963 88 43 prin

1099 2006 162 51 cipia;
1212 2006 146 51 tamen
1310 2006 162 51 etiam,
1423 2006 195 51 secundum
1569 2006 130 51 quod
1651 2006 162 51 dicunt
1764 2006 130 51 isti
1829 2006 130 51 docto-

1102 2043 119 48 res,
1177 2043 119 48 tria
1251 2043 119 48 sunt
1325 2043 253 48 praedicamenta
1534 2043 223 48 simpliciter
1712 2043 193 48 absoluta,
1846 2043 119 48 scili-

1107 2081 104 50 cet
1166 2081 222 50 substantia,
1344 2081 192 50 quantitas
1492 2081 74 50 &
1521 2081 192 50 qualitas.
1669 2081 133 50 Patet
1758 2081 133 50 etiam
1832 2081 133 50 secunda

1117 2119 102 45 ars
1175 2119 174 45 minoris:
1305 2119 116 45 quia
1378 2119 131 45 sicut
1465 2119 131 45 forma
1552 2119 247 45 substantialis
1755 2119 102 45 est
1798 2119 174 45 perfectior

1108 2165 186 45 materia,
1247 2165 108 45 sic
1309 2165 217 45 accidentia
1479 2165 217 45 compositum
1649 2165 248 45 consequentia
1850 2165 155 45 ratio

1104 2202 92 51 ne
1150 2202 153 51 formae
1256 2202 122 51 sunt
1333 2202 229 51 perfectiora
1516 2202 122 51 his,
1592 2202 107 51 que
1653 2202 198 51 sequuntur
1790 2202 183 51 compositum

1102 2239 170 50 ratione
1225 2239 154 50 formae
1333 2239 278 50 substantialis,
1564 2239 77 50 &
1595 2239 200 50 quantitas
1749 2239 170 50 ratione
1857 2239 108 50 mate-

1101 2277 119 53 riae
1176 2277 134 53 etiam
1265 2277 134 53 sicut
1354 2277 119 53 isti
1428 2277 223 53 doctoresmet
1607 2277 149 53 dicunt
1711 2277 89 53 in
1756 2277 179 53 scriptis
1875 2277 104 53 suis.

1112 2316 200 42 Praeterea,
1269 2316 114 42 illa
1340 2316 128 42 minor
1425 2316 214 42 confirmatur
1596 2316 114 42 sic.
1668 2316 143 42 lllud,
1767 2316 114 42 quod
1839 2316 100 42 est
1881 2316 86 42 per-

1097 2357 206 50 fectissimo
1259 2357 191 50 similius,
1406 2357 103 50 hoc
1465 2357 162 50 videtur
1583 2357 118 50 esse
1656 2357 221 50 perfectius:
1833 2357 103 50 sed
1877 2357 88 50 qua-

1108 2399 126 40 litas
1192 2399 98 40 est
1248 2399 252 40 perfectissimo,
1458 2399 126 40 puta,
1543 2399 112 40 ipsi
1613 2399 98 40 Deo
1669 2399 182 40 similior,
1809 2399 112 40 quam
1865 2399 98 40 quan-

1102 2435 155 48 titas.
1210 2435 139 48 Maior
1303 2435 155 48 patet.
1411 2435 139 48 Probo
1504 2435 186 48 minorem:
1643 2435 124 48 quia
1720 2435 155 48 illud,
1829 2435 124 48 quod
1891 2435 77 48 est

1102 2474 199 44 actualius,
1258 2474 71 44 &
1286 2474 184 44 actiuius,
1428 2474 99 44 hoc
1485 2474 99 44 est
1542 2474 113 44 puro
1612 2474 128 44 actui
1698 2474 184 44 similius:
1839 2474 99 44 sed
1882 2474 85 44 qua-

1112 2513 116 51 itas
1185 2513 102 51 est
1243 2513 203 51 actualior,
1403 2513 73 51 &
1432 2513 174 51 actiuior
1563 2513 218 51 quantitate,
1737 2513 87 51 vt
1781 2513 87 51 de
1825 2513 87 51 se
1854 2513 116 51 patet:

1109 2556 129 47 ergo
1173 2556 81 47 &c.

1139 2591 112 48 Ad
1195 2591 187 48 primum
1326 2591 206 48 motiuum
1476 2591 206 48 istorum
1625 2591 224 48 doctorum
1775 2591 187 48 dicendum

1106 2631 97 42 que
1161 2631 124 42 minor
1244 2631 97 42 est
1300 2631 166 42 neganda:
1424 2631 111 42 quia
1493 2631 83 42 vt
1535 2631 152 42 probaui
1645 2631 111 42 lib.
1714 2631 83 42 2.
1756 2631 124 42 dist.
1839 2631 83 42 3.
1867 2631 124 42 arti.2.

1105 2671 122 46 Deus
1181 2671 152 46 posset
1287 2671 152 46 facere
1394 2671 152 46 plures
1500 2671 167 46 angelos
1621 2671 167 46 eiusdem
1743 2671 167 46 speciei
1849 2671 122 46 indiui

1110 2712 180 38 dualiter
1245 2712 226 38 distinctos,
1426 2712 90 38 in
1471 2712 150 38 quibus
1576 2712 135 38 tamen
1666 2712 135 38 nulla
1756 2712 105 38 est
1802 2712 180 38 quantitas.

1118 2752 142 48 ctiam
1213 2752 127 48 nunc
1292 2752 95 48 de
1340 2752 142 48 facto
1435 2752 190 48 quilibet
1577 2752 174 48 angelus
1704 2752 111 48 est
1767 2752 127 48 vnum
1831 2752 142 48 indiui-

1106 2789 120 45 duum
1181 2789 120 45 suae
1256 2789 181 45 naturae,
1392 2789 75 45 &
1422 2789 211 45 tamencaret
1588 2789 226 45 quantitate.
1768 2789 120 45 Dato
1844 2789 151 45 etiam,

1104 2827 120 52 quod
1179 2827 165 52 aliquid
1299 2827 269 52 indiuiduaretur
1523 2827 239 52 originaliter
1718 2827 105 52 per
1762 2827 210 52 quantitatem,

1103 2866 133 53 sicut
1192 2866 133 53 dicit
1281 2866 103 53 vna
1340 2866 163 53 opinio,
1458 2866 103 53 vel
1517 2866 103 53 per
1576 2866 192 53 materiam,
1724 2866 133 53 sicut
1812 2866 133 53 dicit
1886 2866 89 53 alia

1117 2907 162 45 opinio:
1235 2907 132 45 tamen
1323 2907 88 45 si
1367 2907 132 45 istud
1455 2907 191 45 separetur
1602 2907 147 45 diuina
1705 2907 162 45 virtute
1823 2907 74 45 a
1838 2907 132 45 quanti-

1111 2938 147 58 tate,
1209 2938 82 58 &
1241 2938 180 58 materia
1372 2938 245 58 nihilominus
1568 2938 180 58 maneret
1698 2938 245 58 indiuiduum,
1878 2938 98 58 quod

1116 2985 142 48 patet
1211 2985 95 48 de
1259 2985 142 48 anima
1353 2985 221 48 rationali,
1527 2985 127 48 quae
1606 2985 190 48 secundum
1749 2985 142 48 istos
1828 2985 158 48 doctores

1120 3023 246 45 ndiuiduatur,
1319 3023 92 45 eo
1365 3023 107 45 que
1427 3023 199 45 recipitur
1580 3023 92 45 in
1626 3023 184 45 corpore,
1764 3023 77 45 &
1795 3023 138 45 tamen
1872 3023 107 45 sepa-

1105 3065 120 46 rata
1180 3065 75 46 a
1210 3065 165 46 corpore
1330 3065 120 46 vera
1404 3065 135 46 manet
1494 3065 210 46 indiuidua,
1659 3065 150 46 quauis
1763 3065 105 46 non
1823 3065 105 46 sit
1868 3065 105 46 quam-

1110 3091 107 58 ta,
1171 3091 107 58 nec
1232 3091 153 58 alicui
1340 3091 215 58 quantitati
1508 3091 215 58 coniuncta.
1677 3091 92 58 Si
1723 3091 123 58 enim
1799 3091 107 58 non
1845 3091 138 58 maneret

1114 3139 204 66 indiuidua,
1275 3139 116 66 tunc
1347 3139 87 66 ab
1391 3139 116 66 alia
1464 3139 131 66 anima
1551 3139 175 66 separata
1682 3139 102 66 non
1740 3139 131 66 esset
1813 3139 175 66 distincta.
