2421 3543
378 290 92 64 si
424 290 108 64 nec
485 290 170 64 habitum
609 290 200 64 suscepit,
763 290 108 64 nec
825 290 247 64 professionem
1025 290 154 64 fecit,
1133 290 108 64 sed
1179 290 77 64 vo-

387 346 118 50 tum
455 346 236 50 solummodo,
640 346 84 50 &
674 346 101 50 se
724 346 101 50 ad
775 346 236 50 religionem
960 346 253 50 transiturum
1146 346 101 50 pro-

386 382 155 51 misit:
494 382 139 51 licet
587 382 232 51 matrimonium
772 382 155 51 postea
881 382 217 51 contraxit,
1051 382 108 51 non
1113 382 108 51 est
1159 382 93 51 cogo

394 430 111 41 dus
458 430 95 41 ad
505 430 222 41 religionem
680 430 206 41 transire,
838 430 79 41 &
870 430 222 41 matrimonii
1045 430 143 41 votum
1124 430 127 41 rescin

386 462 135 55 dere.
476 462 90 55 Ex
521 462 135 55 prima
611 462 135 55 parte
701 462 150 55 istius
806 462 240 55 auctoritatis
1000 462 135 55 plane
1090 462 135 55 patet
1165 462 90 55 pri-

394 513 99 39 ma
443 513 214 39 conclusio
608 513 115 39 Sed
674 513 99 39 ex
723 513 181 39 secunda
855 513 148 39 parte
953 513 148 39 patet
1052 513 165 39 concl.
1151 513 66 39 5.

474 540 130 48 forte
560 540 173 48 dicetur,
690 540 115 48 quod
762 540 115 48 ista
834 540 144 48 tertia
934 540 187 48 conclusio
1078 540 158 48 videtur
1179 540 72 48 com

391 585 205 42 tradicere
549 585 174 42 primae,
675 585 79 42 &
707 585 221 42 econuerso:
880 585 126 42 quia
959 585 126 42 vota
1022 585 221 42 continentiae

395 617 108 62 que
456 617 216 62 aequaliter
626 617 200 62 obligant,
780 617 123 62 illa
857 617 216 62 aequaliter
1026 617 231 62 matrimonium
1195 617 62 62 im

382 655 195 65 pediunt:
528 655 114 65 Sed
593 655 146 65 votum
691 655 211 65 sollemne,
853 655 81 65 &
886 655 146 65 votum
984 655 195 65 simplex,
1114 655 146 65 aequali

392 697 112 51 ter
456 697 209 51 obligant,
617 697 145 51 teste
713 697 193 51 Clemente
858 697 96 51 in
906 697 193 51 capitulo
1034 697 225 51 praeallegato

389 738 173 47 tursus:
515 738 126 47 ergo
594 738 94 47 si
641 738 189 47 sollemne
783 738 142 47 votum
877 738 173 47 dirimit
1003 738 236 47 matrimonium
1176 738 79 47 con

389 775 178 56 tractum,
523 775 134 56 sicut
612 775 134 56 dicit
701 775 134 56 prima
790 775 208 56 conclusio,
953 775 134 56 etiam
1042 775 163 56 simplex
1146 775 104 56 diri-

401 816 116 47 met,
474 816 116 47 quod
547 816 102 47 est
605 816 189 47 oppositum
751 816 160 47 tertiae
867 816 248 47 conclusionis:
1071 816 102 47 vel
1130 816 87 47 si
1159 816 87 47 sim-

390 852 119 61 plex
465 852 134 61 votum
554 852 104 61 non
614 852 179 61 dirimit,
748 852 134 61 sicut
837 852 134 61 dicit
926 852 149 61 tertia
1031 852 209 61 conclusio,
1180 852 74 61 se-

388 890 181 63 quitur,
519 890 131 63 quod
601 890 115 63 nec
667 890 197 63 sollemne
815 890 148 63 votum
913 890 181 63 dirimat
1028 890 230 63 matrimonium,

395 936 125 57 quod
474 936 109 57 est
536 936 203 57 oppositum
693 936 156 57 primae
786 936 235 57 conclusionis.

395 966 81 59 2
427 966 227 59 Praeterea,
606 966 97 59 si
654 966 178 59 simplex
784 966 146 59 votum
881 966 259 59 continentiae
1092 966 113 59 non
1141 966 113 59 diri-

383 1009 154 47 meret
485 1009 256 47 matrimonium
690 1009 239 47 contractum
878 1009 136 47 post
963 1009 222 47 huiusmodi
1117 1009 136 47 votum,

386 1050 119 51 tunc
460 1050 89 51 de
505 1050 223 51 necessitate
683 1050 148 51 iuris,
787 1050 119 51 homo
861 1050 134 51 esset
950 1050 193 51 obligatus
1099 1050 89 51 ad
1128 1050 119 51 facier

383 1092 113 47 dum
447 1092 177 47 mortale
576 1092 209 47 peccatum,
737 1092 113 47 sed
801 1092 225 47 consequens
978 1092 113 47 est
1027 1092 241 47 inconueniens:

388 1145 128 38 ergo
468 1145 80 38 &
500 1145 225 38 antecedens
677 1145 193 38 Falsitas
821 1145 257 38 consequentis
1030 1145 112 38 est
1094 1145 145 38 nota:
1175 1145 80 38 Ae-

383 1174 161 46 quitas
496 1174 129 46 enim
576 1174 145 46 iuris
673 1174 113 46 hoc
737 1174 113 46 non
801 1174 209 46 admittit,
962 1174 129 46 quod
1043 1174 177 46 aliquis
1155 1174 97 46 homo

383 1210 92 48 de
429 1210 230 48 necessitate
613 1210 138 48 iuris
705 1210 215 48 mortaliter
874 1210 169 48 peccet.
996 1210 245 48 Consequentia
1180 1210 77 48 pro

393 1255 157 38 batur,
503 1255 125 38 quia
582 1255 110 38 qui
644 1255 204 38 perpetuam
801 1255 141 38 vouit
895 1255 235 38 castitatem,
1083 1255 141 38 etiam
1162 1255 94 38 voto

386 1293 186 49 simplici
526 1293 155 49 absque
635 1293 233 49 adiunctione
821 1293 264 49 professionis,
1039 1293 78 49 &
1070 1293 140 49 sacri
1147 1293 109 49 ordi-

386 1336 123 45 nis,
462 1336 107 45 non
524 1336 153 45 potest
631 1336 138 45 actum
723 1336 184 45 carnalis
861 1336 169 45 copulae
983 1336 184 45 exercere
1121 1336 123 45 sine
1182 1336 77 45 mor

388 1377 74 37 t
418 1377 104 37 ali
477 1377 178 37 peccato:
611 1377 104 37 Sed
670 1377 178 37 existens
804 1377 89 37 in
849 1377 223 37 matrimonio,
1027 1377 89 37 de
1057 1377 193 37 necessitate

379 1409 138 51 iuris
471 1409 169 51 tenetur
593 1409 169 51 coniugi
716 1409 169 51 reddere
838 1409 138 51 actum
930 1409 184 51 carnalis
1068 1409 184 51 copulae,
1191 1409 61 51 er

392 1446 94 58 go
439 1446 110 58 &c.
502 1446 141 58 Maior
596 1446 204 58 probatur,
753 1446 126 58 quia
832 1446 204 58 quicumque
989 1446 157 58 elicit
1099 1446 141 58 actum
1177 1446 79 58 con

388 1496 117 39 tra
455 1496 151 39 votum
556 1496 134 39 suum
639 1496 201 39 licitum,
790 1496 84 39 &
824 1496 218 39 honestum,
991 1496 134 39 ille
1058 1496 201 39 mortaliter

390 1523 176 55 peccat:
518 1523 112 55 Sed
582 1523 96 55 si
630 1523 176 55 aliquis
758 1523 208 55 perpetuam
917 1523 160 55 vouens
1029 1523 240 55 castitatem,
1205 1523 48 55 &

385 1573 263 40 continentiam,
601 1573 201 40 exerceret
755 1573 139 40 actum
848 1573 185 40 carnalis
987 1573 185 40 copulae,
1126 1573 124 40 tunc
1188 1573 62 40 e-

382 1602 182 54 liceret
515 1602 149 54 actum
614 1602 166 54 contra
730 1602 133 54 suum
813 1602 149 54 votum
913 1602 199 54 licitum,
1062 1602 83 54 &
1078 1602 166 54 honestum

431 1642 136 51 Minor
522 1642 136 51 patet
612 1642 91 51 ex
658 1642 151 51 dictis
763 1642 181 51 superius
899 1642 242 51 distinctione
1081 1642 166 51 trigesim;

386 1678 181 53 secunda,
522 1678 181 53 articulo
658 1678 151 53 primo.

427 1719 104 53 Ad
479 1719 173 53 primum
600 1719 208 53 dicendum
756 1719 104 53 ad
808 1719 208 53 minorem,
964 1719 139 53 quod
1050 1719 156 53 licet
1137 1719 104 53 voti

390 1762 184 52 simplex,
528 1762 77 52 &
559 1762 200 52 sollemne,
712 1762 215 52 aequaliter
881 1762 200 52 obligent,
1035 1762 169 52 quantum
1158 1762 92 52 ad
1189 1762 61 52 ge

387 1810 108 44 nus
448 1810 169 44 peccati
571 1810 185 44 illorum,
710 1810 108 44 qui
772 1810 169 44 faciunt
895 1810 154 44 contra
1003 1810 200 44 huiusmodi
1141 1810 108 44 vota,

394 1853 135 47 quia
479 1853 118 47 tam
546 1853 186 47 violans
682 1853 152 47 votum
783 1853 203 47 simplex,
936 1853 135 47 quam
1020 1853 186 47 violans
1139 1853 118 47 votum

384 1890 229 40 sollemne,
560 1890 176 40 quodam
683 1890 141 40 modo
771 1890 193 40 peccant
912 1890 158 40 eodem
1017 1890 176 40 genere
1123 1890 123 40 pecc-

387 1921 104 45 ti,
446 1921 133 45 licet
535 1921 118 45 vnus
609 1921 163 45 grauius
728 1921 148 45 peccet
831 1921 163 45 altero:
950 1921 104 45 eo,
1009 1921 118 45 quod
1083 1921 148 45 peccet
1172 1921 74 45 cum

380 1959 165 45 maiori
496 1959 297 45 scandalo:tamen
744 1959 116 45 non
810 1959 231 45 aequaliter
992 1959 215 45 obligant,
1140 1959 116 45 quan-

385 2001 118 45 tum
452 2001 101 45 ad
503 2001 286 45 praeueniendum
738 2001 185 45 alterum
872 2001 269 45 superueniens
1074 2001 168 45 vinculum

391 2036 139 54 puta,
483 2036 139 54 ipsum
575 2036 231 54 matrimonium
760 2036 139 54 Cuius
853 2036 139 54 ratio
945 2036 123 54 est:
1022 2036 123 54 quia
1099 2036 139 54 votum
1176 2036 77 54 sim

383 2088 129 44 plex
463 2088 242 44 aequipollet
657 2088 145 44 nudae
753 2088 258 44 promissioni:
963 2088 113 44 Sed
1027 2088 145 44 votum
1108 2088 145 44 sollem-

386 2118 97 44 ne
434 2118 194 44 includit
580 2118 259 44 promissionem
790 2118 113 44 cum
855 2118 259 44 tramslatione
1065 2118 178 44 dominii
1178 2118 65 44 is

396 2153 186 53 alterius
536 2153 233 53 potestatem:
723 2153 202 53 Huiusmodi
878 2153 140 53 autem
971 2153 218 53 translatio
1142 2153 140 53 etiam

384 2191 122 51 fit
453 2191 105 51 in
506 2191 262 51 matrimonio,
715 2191 87 51 &
750 2191 174 51 maxime
872 2191 105 51 in
924 2191 244 51 matrimonio
1099 2191 157 51 consum-

382 2238 140 46 mato.
476 2238 124 46 Modo
553 2238 109 46 sic
616 2238 124 46 est,
693 2238 124 46 quod
771 2238 140 46 licet
864 2238 124 46 post
942 2238 202 46 simplicem
1082 2238 171 46 promissio

393 2277 120 50 nem,
468 2277 105 50 res
528 2277 180 50 promissa
662 2277 105 50 non
722 2277 150 50 debeat
827 2277 210 50 transferri
992 2277 90 50 in
1037 2277 180 50 alterius
1156 2277 90 50 pote

388 2314 161 46 statem,
506 2314 117 46 quam
579 2314 161 46 illius,
696 2314 103 46 cui
755 2314 191 46 promissio
902 2314 132 46 facta
990 2314 117 46 est:
1063 2314 132 46 tamen
1151 2314 88 46 si
1181 2314 73 46 do-

380 2358 152 47 minium
486 2358 152 47 illius
592 2358 106 47 rei
653 2358 91 47 de
698 2358 136 47 facto
789 2358 227 47 transfertur
971 2358 91 47 in
1017 2358 182 47 alterum,
1138 2358 106 47 quam-

381 2392 105 47 uis
441 2392 165 47 peccet,
561 2392 105 47 qui
621 2392 105 47 sic
681 2392 75 47 a
711 2392 135 47 primo
801 2392 180 47 promisso
936 2392 180 47 recedit,
1071 2392 135 47 tamen
1146 2392 105 47 trans

392 2432 129 52 latio
478 2432 101 52 iam
535 2432 129 52 dicti
622 2432 158 52 dominii
737 2432 101 52 non
794 2432 144 52 potest
895 2432 187 52 reuocari.
1039 2432 115 52 Hinc
1111 2432 115 52 est,
1168 2432 72 52 qui

387 2472 93 50 si
433 2472 170 50 aliquis
557 2472 124 50 post
634 2472 170 50 simplex
758 2472 139 50 votum
851 2472 248 50 continentiae
1053 2472 201 50 contrahit
1192 2472 62 50 ma

392 2510 230 50 trimonium,
573 2510 132 50 tunc
655 2510 181 50 propter
786 2510 280 50 translationem
1017 2510 181 50 dominii
1132 2510 115 50 super

392 2556 152 44 corpus
498 2556 122 44 suum
574 2556 152 44 factum
681 2556 91 44 in
727 2556 183 44 coniugis
864 2556 228 44 potestatem,
1046 2556 122 44 iste
1107 2556 137 44 obliga-

391 2597 117 41 tur
458 2597 100 41 ad
508 2597 200 41 tenendum
658 2597 267 41 matrimonium,
874 2597 167 41 maxime
991 2597 100 41 si
1041 2597 167 41 fuerit
1141 2597 100 41 con-

385 2629 222 44 summatum:
556 2629 120 44 Sed
624 2629 137 44 post
709 2629 205 44 sollemne
863 2629 154 44 votum
966 2629 120 44 non
1034 2629 154 44 ligat
1119 2629 120 44 matri

392 2666 177 48 monium,
521 2666 129 48 quia
601 2666 113 48 per
666 2666 129 48 voti
746 2666 322 48 sollemnixationem
1020 2666 113 48 iam
1069 2666 177 48 translatu

380 2706 109 42 est
443 2706 186 42 vouentis
582 2706 186 42 dominium
722 2706 93 42 in
769 2706 124 42 Dei,
846 2706 78 42 &
877 2706 109 42 sui
939 2706 171 42 vicarii
1048 2706 202 42 potestatem:

393 2744 81 44 &
425 2744 129 44 ideo
506 2744 113 44 non
570 2744 161 44 potest
683 2744 177 44 taliter
812 2744 161 44 uouens
925 2744 194 44 dominium
1071 2744 113 44 sui
1119 2744 129 44 corpo-

390 2782 105 49 ris
450 2782 179 49 vlterius
584 2782 209 49 transferre
749 2782 90 49 in
794 2782 179 49 coniugis
928 2782 224 49 potestatem:
1107 2782 105 49 Nam
1152 2782 90 49 quod

393 2825 142 50 semel
488 2825 95 50 ab
535 2825 158 50 aliquo
646 2825 221 50 translatum
820 2825 126 50 est,
899 2825 111 50 hoc
962 2825 95 50 ab
1010 2825 142 50 eodem
1089 2825 158 50 vlterius

386 2863 214 50 transferri
554 2863 107 50 non
600 2863 122 50 potest

427 2903 103 48 Ad
478 2903 222 48 secundum,
649 2903 137 48 nego
735 2903 308 48 consequentiam.
991 2903 103 48 Ad
1026 2903 222 48 probationem

376 2941 215 53 dicendum
537 2941 108 53 ad
591 2941 215 53 minorem,
752 2941 143 53 quod
842 2941 197 53 reddere
985 2941 161 53 actum
1075 2941 179 53 carnalis

385 2985 175 48 copulae,
517 2985 102 48 non
575 2985 102 48 est
634 2985 88 48 de
677 2985 219 48 necessitate
853 2985 146 48 iuris,
955 2985 117 48 nisi
1028 2985 175 48 postquam
1145 2985 102 48 tran-

385 3018 180 49 sierunt
515 3018 114 49 duo
581 3018 180 49 menses,
712 3018 213 49 coputando
875 3018 82 49 a
908 3018 131 49 die,
989 3018 114 49 qua
1055 3018 229 49 contractum

386 3063 124 41 fuit
463 3063 248 41 matrimonium,
664 3063 93 41 vt
711 3063 186 41 ostensum
850 3063 108 41 est
912 3063 186 41 superius
1036 3063 217 41 distinctione

396 3103 185 42 rigesima
534 3103 185 42 septima,
673 3103 185 42 articulo
812 3103 169 42 tertio,
935 3103 231 42 conclusione
1104 3103 139 42 secunda

378 3140 93 54 Et
424 3140 123 54 ideo
501 3140 139 54 infra
593 3140 139 54 illos
686 3140 123 54 duos
763 3140 154 54 menses
871 3140 123 54 iste
948 3140 108 54 per
1010 3140 200 54 ingressum
1148 3140 93 54 teli

1296 277 155 66 gionis
1404 277 155 66 potest
1513 277 155 66 vitare
1621 277 171 66 mortale
1745 277 202 66 peccatum.
1900 277 93 66 Si
1947 277 155 66 autem,
2040 277 109 66 ante-

1291 335 130 56 quam
1372 335 259 56 pertranseant
1582 335 113 56 iam
1647 335 146 56 dicti
1744 335 113 56 duo
1809 335 178 56 menses,
1939 335 211 56 consentit
2084 335 65 56 in

1282 377 143 43 actum
1377 377 190 43 carnalis
1520 377 190 43 copulae,
1663 377 127 43 tunc
1742 377 111 43 pro
1806 377 143 43 prima
1901 377 127 43 vice
1980 377 159 43 peccat
2076 377 79 43 mor

1284 414 179 46 taliter,
1418 414 105 46 non
1478 414 90 46 de
1523 414 134 46 iuris
1613 414 239 46 necessitate,
1807 414 119 46 quia
1881 414 134 46 adhuc
1971 414 90 46 de
2016 414 119 46 iure
2075 414 75 46 non

1290 462 200 43 tenebatur
1444 462 170 43 coniugi
1567 462 93 43 in
1613 462 108 43 hoc
1675 462 185 43 obedire:
1814 462 93 43 Et
1860 462 123 43 ideo
1937 462 200 43 huiusmodi
2076 462 77 43 pec

1280 496 158 48 carum
1386 496 210 48 procedit
1543 496 88 48 a
1578 496 193 48 propria
1719 496 228 48 voluntate
1894 496 245 48 Consummato
2069 496 88 48 ve-

1292 543 102 38 ro
1343 543 237 38 matrimonio
1529 543 118 38 per
1597 543 220 38 huiusmodi
1766 543 169 38 primam
1884 543 203 38 carnalem
2020 543 135 38 compu-

1282 572 135 53 lam,
1367 572 135 53 tunc
1451 572 169 53 postea
1569 572 203 53 reddendo
1722 572 186 53 debitum
1857 572 186 53 coniugi
1975 572 169 53 exigenti

1289 616 105 47 non
1349 616 165 47 peccat,
1469 616 120 47 quia
1544 616 90 47 ad
1589 616 105 47 hoc
1649 616 165 47 tenetur
1769 616 90 47 ex
1814 616 150 47 debito
1919 616 210 47 iustitiae,
2084 616 75 47 &
2099 616 60 47 de

1296 652 121 48 uris
1372 652 242 48 necessitate:
1568 652 151 48 igitur
1674 652 182 48 virtute,
1810 652 76 48 &
1840 652 121 48 fide
1916 652 212 48 matrimonii
2067 652 91 48 excu

1292 696 129 42 atur
1373 696 81 42 a
1405 696 194 42 peccato,
1550 696 145 42 tamen
1647 696 113 42 non
1711 696 210 42 excusatur
1873 696 194 42 petendo,
2018 696 113 42 tum
2066 696 97 42 quia

1289 726 114 57 ius
1354 726 179 57 petendi
1484 726 114 57 non
1549 726 163 57 habet:
1663 726 179 57 quantum
1793 726 130 57 enim
1874 726 98 57 in
1923 726 98 57 se
1971 726 130 57 est,
2036 726 114 57 tene-

1286 766 113 54 tur
1351 766 97 54 ad
1399 766 259 54 continentiam
1609 766 178 54 ratione
1739 766 129 54 voti
1819 766 275 54 praecedentis:
2046 766 81 54 &
2062 766 97 54 eade

1287 802 167 54 ratione
1408 802 106 54 non
1469 802 136 54 debet
1560 802 182 54 transire
1696 802 91 54 ad
1742 802 182 54 secundas
1878 802 182 54 nuptias,
2015 802 91 54 si
2045 802 106 54 super

1291 858 177 38 uixerit
1420 858 161 38 mortuo
1532 858 193 38 coniuge.
1677 858 113 38 Tum
1741 858 161 38 etiam,
1854 858 129 38 quia
1934 858 177 38 coniunx
2063 858 96 38 de
2095 858 64 38 ne

1286 894 192 42 cessitate
1434 894 133 42 iuris
1523 894 104 42 non
1582 894 163 42 tenetur
1700 894 163 42 petere,
1819 894 89 42 ut
1863 894 148 42 dictum
1967 894 104 42 est
2011 894 148 42 distinc-

1281 937 108 43 32.
1342 937 154 43 artic.
1450 937 77 43 2
1481 937 247 43 conclusione.
1681 937 92 43 2.
1728 937 154 43 Igitur
1835 937 200 43 huiusmodi
1974 937 185 43 necessitas

1282 964 110 51 non
1345 964 204 51 excusaret
1502 964 157 51 illum,
1612 964 141 51 cuius
1706 964 236 51 matrimonium
1895 964 267 51 praecessisset
2099 964 63 51 vo

1284 1004 107 52 tum
1345 1004 261 52 continentiae,
1560 1004 92 52 si
1606 1004 123 52 ipse
1682 1004 169 52 peteret
1790 1004 153 52 debitum,

1381 1128 568 91 ARTICVLVS
1775 1128 262 91 IIIR

1383 1276 113 90 De
1440 1276 284 90 impedimento
1667 1276 284 90 precedentis
1875 1276 189 90 conugij-

1305 1428 200 66 VANTVM
1445 1428 120 66 ad
1505 1428 219 66 quartum
1664 1428 259 66 articulum
1864 1428 180 66 patet
1983 1428 120 66 ex
2023 1428 140 66 prae-

1400 1481 172 47 dictis,
1526 1481 125 47 quod
1604 1481 188 47 ligamen,
1745 1481 110 47 seu
1808 1481 188 47 vinculum
1933 1481 220 47 praecedentis

1286 1515 198 52 coniugii,
1438 1515 167 52 viuente
1560 1515 183 52 coniuge,
1697 1515 167 52 dirimit
1818 1515 228 52 matrimonium
2001 1515 183 52 sequens,

1283 1555 115 48 hoc
1348 1555 198 48 dumtaxat
1497 1555 198 48 excepto,
1645 1555 99 48 si
1695 1555 132 48 vnus
1777 1555 198 48 coniugum
1925 1555 231 48 ingreditur
2090 1555 66 48 re

1283 1594 214 54 ligionem,
1447 1594 198 54 antequam
1595 1594 247 54 matrimonium
1793 1594 263 54 consummetur,
2007 1594 115 54 vel
2073 1594 99 54 si
2106 1594 49 54 a

1286 1633 143 44 statu
1381 1633 238 44 infidelium,
1572 1633 222 44 recipiendo
1746 1633 190 44 baptismi
1889 1633 254 44 sacramentum,
2080 1633 79 44 con

1289 1676 186 53 uertitur
1428 1676 93 53 ad
1474 1676 155 53 fidem,
1583 1676 155 53 altero
1691 1676 170 53 coniuge
1815 1676 170 53 manente
1939 1676 93 53 in
1986 1676 108 53 sua
2032 1676 124 53 infide

1291 1711 184 49 litate:
1425 1711 100 49 in
1475 1711 167 49 quorum
1592 1711 167 49 casuum
1708 1711 150 49 primo
1809 1711 184 49 moritur
1942 1711 167 49 mundo,
2042 1711 117 49 post-

1297 1755 185 43 ponendo
1432 1755 152 43 vitam
1533 1755 202 43 mudanam,
1684 1755 101 43 in
1735 1755 185 43 secundo
1870 1755 253 43 regeneratur
2055 1755 101 43 spi-

1289 1794 256 47 ritualiter,
1494 1794 222 47 inchoando
1665 1794 154 47 vitam
1767 1794 273 47 Christianam.
1989 1794 102 47 Et
2040 1794 102 47 de
2075 1794 85 47 his

1280 1833 200 54 omnibus
1425 1833 182 54 dictum
1553 1833 127 54 est
1625 1833 236 54 superius,
1807 1833 146 54 ideo
1898 1833 200 54 transeo
2026 1833 127 54 causa

1288 1876 261 47 breuitatis.
1496 1876 122 47 Duo
1566 1876 157 47 tamen
1671 1876 157 47 dubia
1775 1876 157 47 circa
1879 1876 157 47 istam
1984 1876 209 47 materiam

1294 1913 119 50 unt
1345 1913 203 50 declaranda

1324 1942 166 61 Primum
1440 1942 132 61 est,
1523 1942 149 61 Dato,
1622 1942 132 61 quod
1705 1942 116 61 vir
1771 1942 182 61 vxorem,
1904 1942 116 61 vel
1970 1942 132 61 vxor
2036 1942 116 61 virum

1300 2006 243 39 perdiderit
1491 2006 156 39 longo
1595 2006 208 39 tempore;
1751 2006 156 39 vtrum
1855 2006 174 39 possit
1960 2006 208 39 contrahere

1296 2036 278 52 natrimonium
1518 2036 111 52 de
1573 2036 167 52 nouo.
1684 2036 111 52 Et
1740 2036 167 52 dato,
1851 2036 148 52 quod
1943 2036 259 52 contrahat,

1282 2074 202 49 qualiter
1434 2074 118 49 cum
1501 2074 135 49 isto
1585 2074 185 49 secundo
1720 2074 185 49 coniuge
1855 2074 168 49 debeat
1973 2074 101 49 se
2006 2074 152 49 habere-

1323 2119 110 50 Ad
1378 2119 128 50 hoc
1451 2119 257 50 respondeo,
1653 2119 165 50 sicut
1763 2119 238 50 respondet
1946 2119 183 50 Lucius
2056 2119 110 50 Papa

1297 2150 131 51 extra
1385 2150 88 51 de
1429 2150 175 51 secundis
1560 2150 175 51 nuptiis,
1692 2150 175 51 capitulo
1823 2150 175 51 dominus,
1955 2150 102 51 vbi
2013 2150 102 51 sic
2071 2150 117 51 ait,

1295 2195 173 40 Nullus
1416 2195 173 40 ammodo
1537 2195 104 40 ad
1589 2195 208 40 secundas
1745 2195 191 40 nuptias
1884 2195 191 40 migrare
2005 2195 156 40 praesu-

1286 2233 124 57 mat,
1364 2233 140 57 donec
1457 2233 93 57 ei
1504 2233 186 57 constet,
1644 2233 124 57 quod
1721 2233 93 57 ab
1768 2233 109 57 hac
1830 2233 124 57 vita
1908 2233 217 57 migrauerit
2063 2233 93 57 con-

1290 2271 124 52 iunx
1353 2271 93 52 suus

1332 2287 90 75 bi
1377 2287 119 75 vero
1451 2287 179 75 aliquis,
1586 2287 104 75 vel
1646 2287 149 75 aliqua
1750 2287 134 75 illud
1840 2287 179 75 hactenus
1974 2287 104 75 non
2019 2287 134 75 seruaue

1287 2351 121 54 rit,
1363 2351 76 54 &
1393 2351 91 54 de
1438 2351 136 54 morte
1529 2351 167 54 prioris
1650 2351 182 54 coniugis
1787 2351 136 54 adhuc
1877 2351 121 54 sibi
1953 2351 197 54 existimat
2089 2351 61 54 du

1283 2389 214 55 bitandum,
1447 2389 197 55 persone,
1595 2389 131 55 quae
1677 2389 131 55 sibi
1759 2389 181 55 nupsit,
1890 2389 181 55 debitum
2022 2389 115 55 non
2071 2389 82 55 de-

1290 2431 148 52 neget
1388 2431 246 52 postulanti,
1585 2431 131 52 quod
1667 2431 82 52 a
1700 2431 98 52 se
1749 2431 148 52 tamen
1847 2431 180 52 nouerit
1962 2431 197 52 nullatenus

1295 2473 227 46 exigendum.
1473 2473 130 46 Quod
1554 2473 97 46 si
1602 2473 130 46 post
1683 2473 113 46 hoc
1748 2473 97 46 de
1797 2473 178 46 prioris
1926 2473 194 46 coniugis
2056 2473 97 46 vita

1281 2510 247 49 constiterit,
1481 2510 185 49 relictis
1620 2510 231 49 adulterinis
1805 2510 231 49 amplexibus,
1989 2510 92 49 ad
2020 2510 139 49 priorem

1275 2552 207 50 coniugem
1430 2552 259 50 reuertatur.
1638 2552 104 50 Ex
1689 2552 121 50 qua
1759 2552 259 50 auctoritate
1966 2552 173 50 patet,
2070 2552 86 50 qud

1278 2593 119 49 non
1346 2593 237 49 assistente
1532 2593 254 49 certitudine
1735 2593 102 49 de
1786 2593 152 49 morte
1888 2593 152 49 vnius
1973 2593 186 49 coniugis;

1288 2633 150 47 alter
1388 2633 184 47 coniunx
1522 2633 100 47 ad
1572 2633 200 47 secundas
1722 2633 184 47 nuptias
1856 2633 117 47 non
1922 2633 150 47 debet
2006 2633 150 47 transi-

1277 2667 123 45 re.
1348 2667 106 45 Si
1401 2667 159 45 tamen
1507 2667 264 45 transierit,
1718 2667 194 45 quamdiu
1859 2667 282 45 probabiliter
2071 2667 88 45 du-

1291 2708 176 53 bitat,
1415 2708 176 53 potest
1538 2708 194 53 debitum
1679 2708 211 53 reddere,
1837 2708 123 53 sed
1907 2708 123 53 non
1960 2708 176 53 exigere.

1324 2747 117 39 Sed
1391 2747 134 39 quam
1475 2747 134 39 cito
1559 2747 101 39 de
1609 2747 151 39 certo
1710 2747 252 39 constiterit
1911 2747 101 39 de
1962 2747 134 39 vita
2029 2747 117 39 prio-

1282 2783 122 45 ris
1351 2783 227 45 coniugis,
1526 2783 140 45 tunc
1614 2783 157 45 debet
1719 2783 87 45 a
1754 2783 192 45 secundo
1894 2783 227 45 recedere.
2051 2783 105 45 lsta

1287 2822 153 66 eadem
1389 2822 222 66 sententia
1560 2822 170 66 patet,
1679 2822 222 66 trigesima
1849 2822 187 66 quarta,
1969 2822 187 66 quaestio.

1296 2865 155 45 prima,
1404 2865 108 45 cum
1466 2865 108 45 per
1512 2865 170 45 bellicam,

1317 2903 228 46 Secundum
1488 2903 209 46 debitum
1640 2903 152 46 est,
1735 2903 171 46 dato,
1849 2903 152 46 quod
1944 2903 209 46 aliquis
2077 2903 76 46 de

1277 2944 170 42 morte
1390 2944 283 42 iuscitetur,
1617 2944 170 42 vtrum
1730 2944 227 42 teneatur
1900 2944 208 42 vxorem,
2033 2944 113 42 quam

1286 2985 166 56 habuit
1402 2985 166 56 prius,
1518 2985 133 56 quam
1601 2985 232 56 moreretur,
1783 2985 215 56 repetere,
1949 2985 83 56 &
1982 2985 133 56 ipsa
2049 2985 99 56 eum;

1288 3029 112 49 vel
1352 3029 128 49 ambo
1432 3029 128 49 sint
1513 3029 192 49 absoluti
1657 3029 80 49 a
1689 3029 176 49 vinculo
1817 3029 176 49 prioris
1930 3029 176 49 coniugii.

1312 3063 162 43 Circa
1420 3063 144 43 quod
1510 3063 126 43 est
1582 3063 288 43 aduertendum,
1815 3063 144 43 quod
1905 3063 198 43 aliquem
2031 3063 126 43 fuis-

1285 3099 107 62 se
1339 3099 196 62 mortuum
1481 3099 178 62 potest
1605 3099 249 62 dupliciter
1801 3099 249 62 intelligi,
1997 3099 125 62 Vno
2050 3099 107 62 modo

1262 3139 165 65 realiter,
