2408 3537
251 239 153 61 Forte
353 239 153 61 dices
455 239 187 61 minorem
591 239 136 61 esse
676 239 170 61 veram,
794 239 238 61 accipiendo
964 239 136 61 causam

248 298 134 54 rimo
332 298 150 54 modo:
432 298 134 54 quia
516 298 184 54 manente
649 298 184 54 gratia,
783 298 167 54 semper
883 298 217 54 conseruatur

242 339 102 58 lle
300 339 189 58 effectus,
445 339 102 58 qui
503 339 102 58 est
561 339 102 58 non
619 339 116 58 esse
691 339 160 58 peccati
807 339 145 58 deleti
909 339 102 58 per
967 339 160 58 gratiam

230 381 125 54 ergo
308 381 187 54 videtur,
449 381 125 54 quod
527 381 156 54 gratia
636 381 156 54 illius
746 381 187 54 effectus
886 381 109 54 non
949 381 141 54 solum
1027 381 78 54 sit

238 426 153 45 causa
340 426 237 45 inductiua,
526 426 119 45 sed
594 426 153 45 etiam
679 426 237 45 conseruatiua

243 459 243 51 Respondeo,
434 459 139 51 quod
520 459 121 51 qua
590 459 139 51 nuis
677 459 191 51 manente
815 459 174 51 gladio
937 459 104 51 in
972 459 121 51 corpe

233 501 104 48 re,
292 501 104 48 cui
352 501 163 48 infixus
470 501 118 48 est,
544 501 148 48 semper
647 501 148 48 maneat
751 501 163 48 vulnus:
869 501 118 48 quia
943 501 133 48 tamen
1017 501 89 48 sub-

238 547 153 42 tracto
345 547 168 42 gladio,
467 547 138 42 adhuc
559 547 138 42 manet
650 547 168 42 vulnus:
773 547 122 42 ideo
849 547 245 42 fufficienter
1033 547 76 42 ar-

233 581 168 46 guitur,
355 581 122 46 quod
431 581 168 46 gladius
553 581 107 46 non
615 581 107 46 sit
676 581 168 46 precise
798 581 137 46 causa
889 581 183 46 vulneris
1012 581 76 46 con

227 620 299 60 seruatiua:
462 620 150 60 sic
547 620 128 60 in
612 620 278 60 proposito
804 620 107 60 &c.

266 661 105 47 Ad
318 661 192 47 quintum
458 661 227 47 dicendum,
632 661 140 47 quod
720 661 245 47 antecedens
912 661 122 47 non
982 661 122 47 est
1034 661 70 47 ve

236 702 127 48 rum,
316 702 191 48 absolute
459 702 207 48 loquendo:
618 702 127 48 quii
698 702 143 48 dato,
793 702 127 48 quod
873 702 207 48 recidiuet
1016 702 80 48 per

229 747 136 43 vnum
314 747 102 43 de
365 747 237 43 leuioribus
551 747 237 43 mortalibus
738 747 220 43 peccatis,
907 747 85 43 &
924 747 170 43 antequam

240 787 218 42 poeniteret,
415 787 145 42 fuerit
516 787 87 42 in
560 787 160 42 multis,
676 787 73 42 &
705 787 218 42 grauissimis
879 787 189 42 peccatis:
1009 787 87 42 tund

225 816 121 57 post
301 816 272 57 recidiuationem
527 816 106 57 est
588 816 91 57 in
633 816 166 57 meliori
754 816 151 57 statu,
860 816 76 57 &
875 816 212 57 dispositione

233 858 130 57 quam
314 858 163 57 fuerit
428 858 195 57 antequam
574 858 228 57 poeniteret
753 858 98 57 de
802 858 146 57 illis
883 858 211 57 grauissimis

206 903 182 48 peccatis.

264 939 106 47 Ad
317 939 264 47 probationem
528 939 229 47 dicendum,
704 939 141 47 quod
792 939 193 47 quamuis
915 939 176 47 iustitia

233 977 262 45 recidiuantis
446 977 115 45 non
511 977 180 45 veniant
642 977 98 45 in
692 977 279 45 recordationem
921 977 115 45 De,
970 977 115 45 secun

231 1020 121 45 dum
300 1020 138 45 quod
386 1020 242 45 huiusmodi,
577 1020 190 45 quantum
715 1020 104 45 ad
767 1020 138 45 hunc
854 1020 225 45 effectum,
1009 1020 87 45 qui

228 1059 104 44 est
288 1059 208 44 consecutio
451 1059 134 44 vitae
540 1059 193 44 aeternae:
688 1059 134 44 tamen
777 1059 148 44 semper
881 1059 119 44 sunt
955 1059 89 44 in
985 1059 104 44 recor

233 1098 172 41 datione
358 1098 125 41 Dei,
437 1098 172 41 quantum
562 1098 94 41 ad
608 1098 125 41 hunc
687 1098 203 41 effectum,
843 1098 109 41 qui
905 1098 109 41 est
952 1098 141 41 deletio

227 1139 179 53 peccati
357 1139 260 53 praecedentis
568 1139 146 53 ipsam
665 1139 276 53 poenitentiam.
892 1139 146 53 Etiam
973 1139 114 53 conse

222 1176 171 48 quentia
347 1176 109 48 est
409 1176 171 48 neganda
534 1176 109 48 cum
596 1176 109 48 sua
658 1176 233 48 probatione:
845 1176 125 48 quia
923 1176 140 48 dato,
1001 1176 93 48 quod

229 1216 128 42 homo
309 1216 353 42 postrecidiuationem
614 1216 112 42 non
679 1216 112 42 sit
743 1216 96 42 in
791 1216 177 42 meliori
919 1216 161 42 statu,
1016 1216 80 42 vel

226 1255 108 47 sit
287 1255 92 47 in
333 1255 154 47 peiori
441 1255 154 47 statu,
549 1255 123 47 quam
626 1255 123 47 fuit
702 1255 185 47 antequam
841 1255 231 47 poeniteret,
1010 1255 77 47 hos

219 1300 111 45 non
283 1300 127 45 erit
362 1300 111 45 pro
426 1300 159 45 tanto,
538 1300 127 45 quod
617 1300 159 45 habeat
729 1300 143 45 eadem
824 1300 191 45 peccata,
968 1300 111 45 que
1015 1300 80 45 per

224 1334 238 52 poenitentiam
418 1334 164 52 fuerunt
537 1334 179 52 dimissa:
670 1334 89 52 ed
715 1334 104 52 hoc
775 1334 119 52 erit
849 1334 104 52 pro
908 1334 149 52 tanto:
998 1334 89 52 qui-

224 1385 236 41 recidiuando
413 1385 94 41 de
460 1385 126 41 nouo
538 1385 188 41 commisit
680 1385 173 41 similia
805 1385 173 41 peccata
915 1385 173 41 prioribus

217 1422 109 51 per
280 1422 249 51 poenitentiam
482 1422 187 51 deletis,
623 1422 109 51 vel
685 1422 172 51 maiora,
810 1422 78 51 &
825 1422 172 51 grauiora.

263 1460 98 43 Ad
312 1460 163 43 sextum
426 1460 212 43 dicendum,
589 1460 114 43 quo
654 1460 82 43 d
687 1460 179 43 quamuis
817 1460 179 43 iterata
947 1460 179 43 iniqui

232 1495 117 44 tas
299 1495 167 44 possit
416 1495 217 44 exinanire
583 1495 184 44 minimam
717 1495 234 44 concessam,
900 1495 184 44 quantum
1017 1495 67 44 ac

234 1534 179 41 effectum
368 1534 179 41 futurum,
502 1534 104 41 qui
561 1534 104 41 est
621 1534 134 41 vitae
710 1534 164 41 vternae
829 1534 223 41 consecutio:
993 1534 104 41 tamen

227 1565 111 53 non
291 1565 159 53 potest
402 1565 111 53 eam
465 1565 222 53 exinanire,
640 1565 175 53 quantum
767 1565 95 53 ad
815 1565 175 53 effectu
942 1565 111 53 iam
990 1565 95 53 pre-

232 1608 167 55 teritum,
357 1608 97 55 qui
413 1608 97 55 est
468 1608 180 55 preteriti
607 1608 153 55 peccati
718 1608 167 55 deletio:
843 1608 111 55 quia
912 1608 125 55 sicut
982 1608 97 55 illud

231 1653 123 56 quod
308 1653 108 56 est
369 1653 200 56 praesens,
523 1653 108 56 non
584 1653 154 56 potest
692 1653 108 56 non
754 1653 138 56 esse:
846 1653 123 56 quia
923 1653 138 56 omne,
1000 1653 92 56 quod

234 1698 118 41 est,
308 1698 147 41 quando
411 1698 118 41 est,
485 1698 162 41 necesse
603 1698 103 41 est
662 1698 133 41 esse,
750 1698 74 41 v
780 1698 162 41 dicitur
897 1698 74 41 i
912 1698 177 41 periherme-

226 1730 130 44 nias:
312 1730 101 44 sic
370 1730 144 44 illud,
471 1730 115 44 quod
543 1730 216 44 praeteritum
715 1730 115 44 est,
787 1730 101 44 non
845 1730 144 44 potest
946 1730 101 44 non
989 1730 101 44 fuis-

234 1766 107 49 se,
295 1766 77 49 &
326 1766 107 49 per
387 1766 215 49 consequens
556 1766 184 49 peccata,
693 1766 123 49 quae
770 1766 230 49 poenitentia
939 1766 153 49 deleuit,

226 1806 118 53 non
294 1806 185 53 possunt
428 1806 118 53 non
496 1806 135 53 esse
563 1806 135 53 deleta

274 1836 126 58 Alia
353 1836 142 58 opin,
447 1836 157 58 ponit,
557 1836 126 58 quod
636 1836 173 58 peccata
762 1836 110 58 per
825 1836 252 58 poenitentiam
1013 1836 79 58 de-

230 1888 149 43 leta,
330 1888 116 43 non
396 1888 182 43 redeunt
528 1888 182 43 propter
661 1888 215 43 quodlibet
826 1888 199 43 peccatum
959 1888 132 43 morta-

237 1929 111 50 le,
300 1929 111 50 quo
364 1929 206 50 poenitens
522 1929 221 50 recidiuat:
696 1929 111 50 sed
759 1929 221 50 tantummodo
933 1929 174 50 propter
1044 1929 47 50 4

251 1968 149 43 uorum
350 1968 132 43 vnum
432 1968 116 43 est
498 1968 215 43 fraternum
663 1968 165 43 odium,
779 1968 149 43 aliud
878 1968 231 43 apostatare
1043 1968 50 43 a

230 2006 149 49 fide,
330 2006 182 49 tertium
462 2006 265 49 confessionem
677 2006 248 49 contemnere,
876 2006 182 49 quartum
992 2006 99 49 poen

239 2055 141 43 tentia
338 2055 239 43 poenitentiae,
535 2055 113 43 puta
605 2055 85 43 si
647 2055 127 43 dolet
732 2055 85 43 se
774 2055 211 43 poenituisse
943 2055 85 43 de
971 2055 127 43 praete-

231 2096 137 40 ritis
322 2096 198 40 peccatis.
475 2096 92 40 Et
521 2096 122 40 haec
597 2096 122 40 opin
673 2096 198 40 roboratur
826 2096 168 40 omnibus
932 2096 168 40 auctorita

234 2129 152 47 tibus,
340 2129 122 47 quas
416 2129 182 47 Magister
553 2129 91 47 in
599 2129 76 47 c
629 2129 152 47 istius
735 2129 91 47 di
781 2129 182 47 adducit,
918 2129 76 47 &
948 2129 122 47 adeo
1009 2129 91 47 fuit

226 2172 154 49 famosa
333 2172 123 49 ista
410 2172 139 49 opin,
503 2172 123 49 quod
580 2172 185 49 Magister
718 2172 108 49 non
780 2172 231 49 praesumpsit
965 2172 92 49 ei
996 2172 92 49 con-

236 2204 201 50 tradicere,
393 2204 129 50 sicut
479 2204 129 50 patet
565 2204 86 50 in
608 2204 172 50 littera.
737 2204 100 50 Pro
794 2204 115 50 ista
866 2204 115 50 opin
937 2204 143 50 argueb
1023 2204 72 50 ant

230 2246 101 53 sui
287 2246 202 53 desensores
431 2246 87 53 sic.

250 2282 84 48 1
284 2282 168 48 Illud,
401 2282 134 48 quod
485 2282 319 48 conditionaliter
753 2282 252 48 dimittitur,
955 2282 117 48 hoc
1005 2282 84 48 non

233 2323 164 52 astante
353 2323 209 52 conditione
517 2323 224 52 reuertitur,
696 2323 75 52 &
726 2323 105 52 non
786 2323 239 52 intelligitur
980 2323 120 52 esse
1040 2323 60 52 di

226 2363 169 51 missum:
348 2363 107 51 sed
410 2363 123 51 Deus
486 2363 107 51 non
548 2363 184 51 dimittit
686 2363 184 51 peccata,
824 2363 123 51 nisi
901 2363 107 51 sub
962 2363 107 51 hac
1008 2363 92 51 con-

220 2401 168 48 ditione,
346 2401 84 48 vt
388 2401 126 48 ille,
472 2401 98 48 cui
528 2401 182 48 dimittit,
669 2401 182 48 videlicet
809 2401 182 48 praedicta
949 2401 84 48 a.
977 2401 112 48 pecca-

230 2451 106 40 ta:
290 2451 121 40 ergo
366 2451 91 40 si
412 2451 167 40 aliquod
533 2451 243 40 praedictorum
730 2451 76 40 a
760 2451 182 40 fecerit,
897 2451 121 40 tunc
958 2451 136 40 peccata

227 2481 248 53 reuertentur
426 2481 149 53 Maior
525 2481 165 53 patet.
640 2481 182 53 Minorem
773 2481 182 53 probant
888 2481 215 53 auctoritati

233 2523 123 47 bus,
309 2523 123 47 quas
386 2523 184 47 Magister
524 2523 107 47 hic
570 2523 154 47 adducit.

254 2564 81 42 2
286 2564 226 42 Praeterea,
464 2564 210 42 quicunque
625 2564 145 42 facit
722 2564 162 42 contra
835 2564 242 42 remissionis
1013 2564 81 42 com

232 2601 236 56 plementum,
418 2601 270 56 fundamentum,
637 2601 84 56 &
671 2601 270 56 sacramentum,
890 2601 169 56 illius
992 2601 101 56 pec-

240 2640 131 47 catum
328 2640 102 47 vel
386 2640 102 47 non
444 2640 218 47 dimittitur,
618 2640 102 47 vel
676 2640 87 47 si
720 2640 174 47 dimissum
850 2640 116 47 est,
908 2640 189 47 reuertitur;

234 2679 115 51 Sed
299 2679 164 51 habens
414 2679 213 51 fraternum
578 2679 148 51 odium
677 2679 148 51 facit
775 2679 164 51 contra
874 2679 213 51 remissionis

238 2719 268 50 complementum,
459 2719 142 50 puta,
553 2719 157 50 contra
663 2719 220 50 caritatem,
836 2719 126 50 quae
915 2719 157 50 operit
1009 2719 79 50 pec

234 2770 139 38 cata,
326 2770 216 38 apostatans
495 2770 77 38 a
526 2770 123 38 fide
603 2770 139 38 facit
696 2770 154 38 contra
803 2770 231 38 remissionis
973 2770 123 38 funda-

238 2802 162 47 mentum,
356 2802 177 47 scilicet
489 2802 147 47 contra
592 2802 147 47 fidem,
695 2802 103 47 sed
754 2802 177 47 spernens
887 2802 206 47 confiteri,
1049 2802 74 47 &

230 2837 199 63 poenitens
383 2837 92 63 se
428 2837 229 63 poenituisse
612 2837 138 63 facit
704 2837 153 63 contra
811 2837 229 63 remissionis
979 2837 122 63 sacra-

232 2877 91 52 me
277 2877 136 52 itum:
368 2877 121 52 quia
443 2877 211 52 confessio,
609 2877 75 52 &
639 2877 211 52 contritio,
805 2877 121 52 sunt
881 2877 151 52 partes
971 2877 121 52 poeni-

231 2918 183 50 tentiae,
368 2918 122 50 quae
445 2918 107 50 est
506 2918 229 50 remissionis
689 2918 245 50 sacramentum:
888 2918 122 50 ergo
965 2918 107 50 &c.
1011 2918 76 50 Vn-

242 2950 92 59 de
288 2950 107 59 sic
349 2950 122 59 suit
425 2950 153 59 famosa
532 2950 122 59 ista
608 2950 122 59 opin
684 2950 198 59 aliquibus
837 2950 229 59 temporibus,
1004 2950 92 59 quod

245 3002 203 47 praedicta
401 3002 109 47 sub
464 3002 109 47 his
526 3002 156 47 duobus
635 3002 187 47 versibus
776 3002 172 47 fuerunt
885 3002 218 47 comprehensa.

235 3034 140 50 Fratre
333 3034 140 50 vodit,
430 3034 167 50 apostata
556 3034 112 50 fit,
626 3034 195 50 spernitque
779 3034 153 50 fateri.
891 3034 209 50 Peeuituisse
1044 3034 56 50 pr

233 3081 115 56 ger,
304 3081 172 56 pristina
434 3081 129 56 culpa
505 3081 115 56 redit.

270 3118 103 65 Sed
329 3118 103 65 nec
388 3118 118 65 ista
461 3118 147 65 opinio
564 3118 132 65 stare
638 3118 132 65 potest.

1205 256 145 59 Quia
1296 256 127 59 cum
1368 256 145 59 amne
1459 256 218 59 peccatum
1622 256 200 59 mortale
1767 256 218 59 repugnet
1912 256 91 59 gra

1136 301 127 50 tiae,
1221 301 71 50 &
1249 301 183 50 caritati,
1390 301 99 50 non
1446 301 155 50 apparet
1559 301 141 50 aliqua
1658 301 197 50 sufficiens
1813 301 141 50 ratio,
1897 301 99 50 quare

1143 344 168 54 propter
1265 344 122 54 haec
1342 344 184 54 quattuor
1479 344 168 54 peccata
1602 344 168 54 redeant
1724 344 107 54 ea,
1786 344 122 54 quae
1862 344 122 54 sunt
1923 344 77 54 di-

1129 387 156 43 missa,
1239 387 78 43 &
1270 387 109 43 non
1332 387 172 43 propter
1441 387 94 43 alia

1183 395 208 80 Praeterea,
1346 395 104 80 cum
1406 395 119 80 isti
1480 395 163 80 dicunt,
1599 395 163 80 peccata
1718 395 178 80 reuerti,
1851 395 104 80 vel
1896 395 104 80 intel

1139 458 177 53 lipunt,
1268 458 129 53 quod
1349 458 242 53 reuertantur
1542 458 145 53 eadem
1639 458 177 53 numero,
1768 458 81 53 &
1800 458 113 53 hoc
1865 458 113 53 est
1913 458 81 53 im-

1137 500 219 53 possibile:
1309 500 125 53 quia
1387 500 109 53 per
1450 500 265 53 misericordiam
1668 500 109 53 Dei
1731 500 94 53 ad
1777 500 172 53 nihilum
1887 500 109 53 reda-

1131 540 104 57 cta
1190 540 133 57 sunt:
1279 540 104 57 vel
1339 540 237 57 intelligunt,
1531 540 119 57 quod
1606 540 222 57 reuertantur
1783 540 104 57 non
1843 540 133 57 caden
1917 540 74 57 nu-

1132 579 139 49 mero,
1224 579 108 49 sed
1286 579 139 49 eadem
1379 579 170 49 specie;
1503 579 124 49 tunc
1581 579 139 49 arguo
1658 579 93 49 sic.

1171 613 125 63 lsta
1249 613 171 63 peccata
1374 613 93 63 de
1421 613 109 63 non
1483 613 125 63 esse
1561 613 203 63 procedunt
1717 613 93 63 ad
1763 613 140 63 esse:
1857 613 109 63 aut
1904 613 93 63 ergo

1141 655 121 50 Deus
1217 655 182 50 producit
1353 655 91 50 ea
1398 655 91 50 ad
1443 655 136 50 esse,
1534 655 76 50 &
1564 655 106 50 hoc
1625 655 121 50 non,
1701 655 121 50 quia
1776 655 106 50 qui
1837 655 136 50 facit
1912 655 76 50 pec

1128 696 148 48 catum,
1232 696 148 48 seruus
1335 696 103 48 est
1394 696 177 48 peccati,
1527 696 133 48 sicut
1616 696 103 48 ait
1675 696 207 48 Apostolus:
1837 696 74 48 &
1867 696 103 48 sic
1911 696 89 48 Deus

1142 733 134 58 esset
1231 733 148 58 seruus
1335 733 178 58 peccati,
1469 733 74 58 &
1498 733 178 58 mortalis
1632 733 193 58 peccator,
1780 733 119 58 quod
1854 733 104 58 est
1899 733 89 58 abiu

1131 777 102 51 dum
1190 777 132 51 etiam
1278 777 190 51 cogitare:
1424 777 102 51 aut
1482 777 132 51 homo,
1570 777 73 51 &
1599 777 102 51 hoc
1658 777 117 51 non,
1731 777 117 51 quia
1804 777 117 51 isti
1877 777 146 51 actus,

1132 815 172 45 scilicet
1261 815 187 45 fraternum
1404 815 144 45 odium,
1505 815 72 45 &
1534 815 100 45 sic
1591 815 86 45 de
1634 815 129 45 aliis
1720 815 187 45 quattuor,
1864 815 100 45 non
1907 815 86 45 sunt

1135 859 89 52 de
1180 859 103 52 sua
1239 859 148 52 natura
1342 859 192 52 inductiui
1489 859 162 52 peccati
1607 859 192 52 adulteri,
1755 859 221 52 parricidis,
1917 859 74 52 ma-

1133 900 186 56 tricidii,
1276 900 72 56 &
1305 900 100 56 sic
1362 900 86 56 de
1405 900 129 56 aliis
1491 900 215 56 grauissimis
1663 900 186 56 peccatis,
1807 900 115 56 quae
1864 900 129 56 quando-

1131 937 112 51 que
1195 937 112 51 per
1259 937 255 51 peenitentiam
1466 937 207 51 creduntur
1625 937 127 51 esse
1689 937 143 51 dimissa

1179 971 99 45 Ad
1228 971 165 45 primum
1343 971 214 45 dicendum,
1508 971 132 45 quod
1590 971 148 45 minor
1689 971 115 45 non
1755 971 115 45 est
1821 971 148 45 vera,
1903 971 99 45 quia

1137 1011 130 48 Deus
1218 1011 114 48 dat
1283 1011 195 48 gratiam,
1429 1011 81 48 &
1461 1011 227 48 caritatem,
1640 1011 130 48 quae
1721 1011 179 48 formale
1835 1011 162 48 repugnan

1138 1052 134 38 tiam
1222 1052 168 38 labent
1340 1052 101 38 ad
1390 1052 134 38 omne
1474 1052 185 38 mortale
1608 1052 218 38 peccatum:
1776 1052 84 38 &
1809 1052 134 38 ideo
1877 1052 117 38 abso-

1123 1089 132 48 lute
1206 1089 99 48 ad
1256 1089 182 48 nihilum
1388 1089 149 48 redit
1487 1089 132 48 omne
1570 1089 182 48 mortale
1702 1089 198 48 peccatum
1835 1089 165 48 praeexi-

1140 1130 117 44 tens
1213 1130 88 44 in
1257 1130 190 44 subiecto,
1404 1130 102 44 cui
1462 1130 161 44 gratia,
1579 1130 73 44 &
1608 1130 175 44 caritas,
1740 1130 73 44 &
1769 1130 234 44 infunduntur,
1959 1130 73 44 &

1140 1171 104 37 per
1199 1171 207 37 consequens
1362 1171 237 37 simpliciter,
1554 1171 74 37 &
1584 1171 104 37 non
1643 1171 104 37 sub
1702 1171 177 37 predicta
1835 1171 192 37 conditio

1134 1209 93 41 ne
1180 1209 232 41 remittuntur
1366 1209 186 41 peccata,
1505 1209 139 41 vera,
1598 1209 77 41 &
1629 1209 108 41 non
1691 1209 139 41 ficta
1783 1209 201 41 existente
1923 1209 77 41 ho-

1137 1248 136 55 minis
1227 1248 241 55 poenitentia.
1424 1248 136 55 Verum
1514 1248 106 55 est
1575 1248 136 55 bene,
1665 1248 121 55 quod
1740 1248 121 55 vita
1801 1248 196 55 spiritualis

1126 1291 113 50 per
1190 1291 177 50 gratiam
1319 1291 145 50 datur
1416 1291 161 50 homini
1529 1291 226 50 poenitenti
1707 1291 113 50 sub
1771 1291 226 50 conditione
1932 1291 65 50 vi

1132 1332 149 49 tandi
1232 1332 132 49 omne
1314 1332 182 49 mortale
1447 1332 215 49 peccatum,
1612 1332 83 49 &
1645 1332 116 49 non
1711 1332 149 49 solum
1794 1332 198 49 praedictam

1140 1372 198 51 quattuor,
1292 1372 91 51 de
1338 1372 152 51 quibus
1444 1372 122 51 isti
1521 1372 213 51 loquuntur.
1688 1372 122 51 Vnde
1764 1372 137 51 sicut
1856 1372 122 51 Deus
1917 1372 76 51 di-

1130 1407 113 58 xit
1194 1407 161 58 homini
1307 1407 209 58 existenti
1468 1407 97 58 in
1517 1407 209 58 paradiso,
1678 1407 209 58 quacunque
1839 1407 129 58 hora
1903 1407 97 58 come

1137 1451 136 49 deris
1227 1451 91 49 ex
1273 1451 106 49 eo,
1333 1451 181 49 scilicet
1469 1451 91 49 de
1514 1451 121 49 pomo
1590 1451 211 49 prohibito,
1756 1451 136 49 morte
1831 1451 151 49 morieris

1121 1493 110 35 sic
1184 1493 141 35 etiam
1278 1493 267 35 intelligendum
1498 1493 126 35 est,
1577 1493 126 35 quod
1655 1493 126 35 Deus
1734 1493 141 35 dicat
1812 1493 173 35 poeniten-

1123 1522 108 57 ti,
1184 1522 108 57 cum
1246 1522 123 57 illi
1323 1522 170 57 gratiam
1446 1522 247 57 viuificantem
1647 1522 185 57 influit,
1786 1522 200 57 quacunque
1924 1522 62 57 ho

1129 1568 91 44 ra
1174 1568 183 44 peccatum
1312 1568 168 44 mortale
1433 1568 228 44 commiseris,
1616 1568 259 44 spiritualiter
1829 1568 198 44 morieris,

1128 1611 76 46 &
1158 1611 122 46 vita
1234 1611 167 46 gratiae
1356 1611 182 46 priuatus
1493 1611 137 46 eris.
1584 1611 91 46 Et
1629 1611 91 46 ex
1675 1611 106 46 hoc
1736 1611 137 46 tamen
1827 1611 106 46 non
1872 1611 122 46 sequi-

1131 1649 125 55 tur,
1209 1649 125 55 quod
1287 1649 171 55 aliquod
1412 1649 187 55 peccatum
1552 1649 187 55 dimissum
1692 1649 234 55 formaliter,
1879 1649 78 55 &
1895 1649 93 55 per-

1138 1687 133 53 fecte
1212 1687 192 53 reuertatur.

1151 1699 109 76 Ad
1205 1699 217 76 secundum
1368 1699 199 76 concedo
1513 1699 217 76 maiorem,
1676 1699 199 76 quantum
1821 1699 109 76 ad
1857 1699 127 76 primi

1124 1767 185 46 membrum
1259 1767 168 46 illius
1376 1767 302 46 disiunctionis:
1628 1767 134 46 quia
1712 1767 118 46 pro
1779 1767 134 46 tunc
1847 1767 134 46 quando

1134 1807 210 47 actualiter
1299 1807 135 47 facit
1389 1807 150 47 contra
1494 1807 120 47 illa
1570 1807 135 47 tria,
1660 1807 120 47 tunc
1735 1807 150 47 nullum
1840 1807 180 47 peccatum

1131 1839 258 53 eiremittitur.
1343 1839 91 53 Et
1389 1839 121 53 quia
1464 1839 91 53 ad
1510 1839 197 53 veritatem
1661 1839 243 53 disiunctiuae
1843 1839 152 53 proposi-

1125 1890 160 44 tionis
1237 1890 192 44 sufficit
1382 1890 176 44 alteram
1510 1890 160 44 partem
1622 1890 128 44 esse
1702 1890 160 44 veram,
1815 1890 128 44 ideo
1879 1890 112 44 maior

1131 1921 194 54 proposito
1280 1921 105 54 est
1340 1921 134 54 vera.
1430 1921 90 54 Et
1474 1921 134 54 licet
1564 1921 134 54 etiam
1654 1921 134 54 minor
1743 1921 105 54 sit
1803 1921 134 54 vera,
1878 1921 105 54 tamen

1128 1964 189 47 conclusio
1274 1964 102 47 est
1332 1964 145 47 falsa,
1433 1964 116 47 quia
1506 1964 160 47 virtute
1622 1964 160 47 illarum
1738 1964 232 47 praemissarum
1912 1964 73 47 non

1125 2010 174 44 sequitur
1255 2010 145 44 gratia
1356 2010 145 44 formae
1458 2010 145 44 altera
1559 2010 116 44 pars
1632 2010 261 44 disiunctionis,
1849 2010 174 44 scilicet

1124 2042 118 54 quod
1198 2042 162 54 peccata
1315 2042 162 54 dimissa
1433 2042 176 54 redeant,
1566 2042 132 54 sicut
1654 2042 118 54 ista
1727 2042 103 54 opi
1786 2042 176 54 intendit
1904 2042 88 54 con-

1129 2071 176 60 cludere,
1261 2071 103 60 sed
1320 2071 176 60 sequitur
1452 2071 117 60 ista
1525 2071 117 60 tota
1598 2071 220 60 disiunctiua
1774 2071 191 60 proposito
1906 2071 88 60 sci-

1130 2119 141 52 licet
1224 2119 125 52 quod
1302 2119 110 52 vel
1365 2119 172 52 peccata
1490 2119 110 52 non
1553 2119 250 52 dimittuntur,
1756 2119 110 52 vel
1819 2119 94 52 si
1850 2119 141 52 dimissa

1135 2162 130 48 sunt,
1221 2162 231 48 reuertuntur,
1408 2162 72 48 &
1437 2162 115 48 tunc
1509 2162 115 48 ista
1581 2162 216 48 disiunctiua
1754 2162 216 48 verificatur
1913 2162 72 48 gra

1129 2198 101 49 tia
1186 2198 145 49 primae
1288 2198 159 49 partis,
1403 2198 72 49 &
1432 2198 101 49 non
1490 2198 145 49 gratia
1591 2198 174 49 secundae
1722 2198 159 49 partis,
1837 2198 116 49 quia
1895 2198 87 49 ill-

1133 2235 101 55 per
1190 2235 87 55 se
1234 2235 159 55 accepta
1349 2235 101 55 est
1407 2235 144 55 falsa,
1508 2235 116 55 vnde
1580 2235 130 55 sicut
1667 2235 173 55 dicendo,
1797 2235 116 55 omne
1855 2235 130 55 cutrens

1121 2279 175 50 mouetur,
1253 2279 102 50 vel
1311 2279 189 50 quiescit:
1457 2279 146 50 Sortes
1559 2279 160 50 currit:
1675 2279 117 50 ergo
1748 2279 146 50 Sortes
1835 2279 146 50 quiescit

1125 2316 105 50 non
1185 2316 180 50 sequitur
1320 2316 211 50 conclusio,
1486 2316 165 50 quamuis
1606 2316 135 50 ambae
1696 2316 211 50 praemissae
1862 2316 120 50 sint
1922 2316 60 50 vo

1126 2364 98 45 re:
1182 2364 112 45 quia
1252 2364 196 45 proceditur
1406 2364 70 45 a
1434 2364 168 45 pluribus
1560 2364 140 45 causis
1657 2364 182 45 Veritatis
1797 2364 84 45 ad
1839 2364 126 45 vnam:
1909 2364 70 45 sec

1125 2393 119 48 bene
1200 2393 179 48 sequitur
1333 2393 179 48 concluso
1467 2393 223 48 disiunctiue
1646 2393 179 48 prolata,
1780 2393 179 48 scilicet
1899 2393 89 48 quod

1131 2434 160 49 Sortes,
1248 2434 102 49 vel
1306 2434 175 49 mouetur,
1437 2434 102 49 vel
1495 2434 189 49 quiescit:
1641 2434 102 49 sic
1699 2434 87 49 in
1742 2434 204 49 proposito,
1888 2434 58 49 &c

1151 2483 156 42 Opinio
1261 2483 156 42 tertia
1370 2483 125 42 est,
1448 2483 125 42 quod
1526 2483 94 42 in
1573 2483 234 42 recidiuante
1760 2483 125 42 post
1822 2483 156 42 peniten-

1124 2513 127 50 tiam
1203 2513 174 50 peccata
1330 2513 174 50 dimissa
1457 2513 111 50 non
1520 2513 174 50 redeunt
1647 2513 238 50 formaliter,
1837 2513 79 50 &
1853 2513 127 50 secun-

1124 2551 109 48 dum
1187 2551 187 48 propriam
1327 2551 249 48 existentiam,
1529 2551 109 48 sed
1591 2551 171 48 redeunt
1716 2551 187 48 secundum
1856 2551 156 48 aequi

1139 2595 235 44 pollentiam,
1328 2595 126 44 quia
1406 2595 110 44 ita
1469 2595 204 44 vitiatus,
1626 2595 78 44 &
1657 2595 78 44 a
1689 2595 110 44 Deo
1752 2595 204 44 elvngatus
1893 2595 94 44 erit

1143 2637 96 48 er
1191 2637 176 48 mortale
1319 2637 208 48 peccatum,
1479 2637 112 48 quo
1543 2637 224 48 recidiuat,
1719 2637 144 48 sicut
1815 2637 96 48 si
1847 2637 144 48 peccata

1131 2667 198 60 preterita
1283 2667 106 60 non
1344 2667 152 60 essent
1450 2667 122 60 sibi
1526 2667 167 60 dimissa
1648 2667 91 60 Et
1693 2667 122 60 isto
1769 2667 122 60 modo
1830 2667 152 60 intelli-

1134 2720 122 53 gunt
1210 2720 137 53 illud
1302 2720 153 53 verbum
1408 2720 92 53 P.
1454 2720 122 53 Iac.
1530 2720 107 53 Qui
1591 2720 214 53 ofsenderit
1759 2720 92 53 in
1805 2720 122 53 vno,
1866 2720 122 53 factus

1122 2753 123 49 est
1193 2753 176 49 omnium
1298 2753 106 49 reus

1155 2799 107 41 Sed
1216 2799 137 41 etiam
1307 2799 122 41 ista
1384 2799 137 41 opin.
1475 2799 275 41 irrationabilis
1704 2799 122 41 esse
1781 2799 183 41 videtur,
1903 2799 76 41 qui

1124 2828 191 52 secundum
1267 2828 79 52 i
1299 2828 79 52 a
1331 2828 159 52 dicta,
1442 2828 238 52 sequeretur,
1632 2828 127 52 quod
1712 2828 191 52 peccatum
1839 2828 143 52 simpli-

1131 2876 103 41 cis
1190 2876 265 41 fornicationis,
1411 2876 103 41 quo
1470 2876 118 41 ille
1543 2876 206 41 recidiuat,
1705 2876 103 41 qui
1764 2876 132 41 primo
1838 2876 147 41 penituit

1128 2903 96 54 de
1176 2903 159 54 centum
1287 2903 239 54 homicidiis,
1478 2903 143 54 aeque
1574 2903 143 54 illum
1670 2903 175 54 hominem
1797 2903 207 54 vitiaret,
1940 2903 48 54 &

1131 2953 74 44 a
1161 2953 104 44 Deo
1220 2953 208 44 elongaret,
1383 2953 133 44 sicut
1472 2953 178 44 fecerant
1605 2953 119 44 illa
1680 2953 148 44 cetum,
1783 2953 104 44 vel
1843 2953 133 44 mille
1917 2953 59 44 ho

1134 2984 178 56 micidia
1263 2984 162 56 prius,
1377 2984 130 56 quam
1458 2984 227 56 peniteret,
1636 2984 130 56 quod
1717 2984 162 56 omnino
1814 2984 162 56 absurdun

1128 3032 128 42 esse
1208 3032 192 42 videtur.
1353 3032 112 42 Nec
1417 3032 160 42 verbum
1529 3032 80 42 S
1561 3032 160 42 lacobi
1673 3032 112 42 est
1737 3032 96 42 ad
1786 3032 144 42 eorum
1866 3032 112 42 propo

1123 3073 168 42 situm.
1241 3073 152 42 Debet
1342 3073 135 42 enim
1426 3073 118 42 hoc
1494 3073 168 42 verbum
1612 3073 219 42 intelligi
1780 3073 118 42 non
1830 3073 152 42 quantum

1125 3106 90 62 ad
1170 3106 286 62 aequipollentiam
1411 3106 151 62 vitii,
1517 3106 75 62 &
1547 3106 226 62 offensionis
1728 3106 121 62 Dei,
1803 3106 106 62 sed
1848 3106 136 62 quantum
