2150 3533
27 287 104 68 nam
86 287 89 68 ad
131 287 207 68 solutionem
293 287 148 68 debiti
397 287 104 68 rei
456 287 207 68 exterioris
619 287 177 68 sufficit
737 287 133 68 restitu

33 347 98 50 tio
89 347 98 50 rei
145 347 168 50 secundum
271 347 224 50 aequalitatem
453 347 196 50 iustitiae,
607 347 98 50 sed
663 347 84 50 ad
691 347 182 50 satisfacien

28 386 111 51 dum
92 386 111 51 pro
155 386 175 51 offensa
282 386 222 51 necessario
457 386 222 51 requiritur
631 386 222 51 reformatio
790 386 79 51 ami

29 428 176 52 titiae,
157 428 128 52 quae
237 428 144 52 inter
333 428 144 52 Deum,
429 428 80 52 &
461 428 176 52 hominem
589 428 128 52 esse
669 428 208 52 nequaquam
813 428 64 52 po

27 464 136 63 test,
118 464 212 63 deficiente
284 464 91 63 in
330 464 151 63 homine
436 464 151 63 diuina
542 464 167 63 gratia,
663 464 76 63 &
693 464 182 63 caritate
814 464 61 63 &c

134 515 552 85 DISTINCTIO
528 515 197 85 SVL

86 587 155 78 Aperta
195 587 140 78 huius
288 587 264 78 distinctionis
506 587 186 78 diuisio,
645 587 93 78 in
692 587 109 78 qua
738 587 78 78 pe-

185 632 221 80 culiariter
359 632 95 80 de
407 632 190 80 partibus
533 632 174 80 poeniten-

289 692 137 65 tiae
357 692 240 65 determmatur.

334 780 88 60 N
370 780 263 60 perfectione
580 780 176 60 autem.
685 780 176 60 Postquam

343 818 191 52 magister
486 818 95 52 in
534 818 159 52 duabus
629 818 239 52 distinctioni-

346 858 117 58 bus
413 858 183 58 proxime
546 858 300 58 praecedentibus
780 858 83 58 de-

335 907 233 50 terminauit
518 907 100 50 de
568 907 233 50 sacramento
735 907 133 50 poeni-

339 936 162 54 tentiae
457 936 88 54 in
501 936 221 54 vniuersali,
678 936 118 54 nunc
751 936 88 54 in
781 936 88 54 ista

339 978 239 57 sextadecima
530 978 255 57 distinctione
721 978 143 57 determi

334 1021 111 49 nat
397 1021 95 49 de
445 1021 190 49 partibus
587 1021 158 49 istius
682 1021 190 49 sacramenti

303 1054 90 60 in
348 1054 195 60 speciali.
498 1054 90 60 Et
543 1054 195 60 diuiditur
693 1054 90 60 in
738 1054 120 60 duas
798 1054 75 60 par

81 1105 117 38 uia
148 1105 150 38 primo
248 1105 167 38 partes
365 1105 250 38 penitentiam
565 1105 250 38 integrantes
749 1105 117 38 enume

16 1140 112 41 at.
80 1140 176 41 Secundo
208 1140 96 41 de
256 1140 208 41 huiusmodi
416 1140 192 41 partibus
559 1140 208 41 distincte
703 1140 160 41 conside-

2 1179 109 41 rat
65 1179 125 41 ibi,
143 1179 109 41 Hic
205 1179 156 41 oritur
314 1179 202 41 quaestio.
470 1179 140 41 Prima
563 1179 93 41 in
610 1179 140 41 duas,
703 1179 109 41 nam
750 1179 109 41 primo

10 1220 150 44 tangit
115 1220 120 44 tres
190 1220 150 44 partes
295 1220 240 44 poenitentiam
491 1220 240 44 integrantes,
686 1220 75 44 &
701 1220 165 44 perficien

-0 1255 130 50 tes.
81 1255 179 50 Secundo
211 1255 195 50 ostendit
358 1255 130 50 tres
440 1255 147 50 modos
537 1255 228 50 poenitendi
700 1255 163 50 secundum

-1 1296 173 53 diuersa
125 1296 173 53 tempora
251 1296 268 53 poenitentibus
471 1296 268 53 conuenientes,
692 1296 126 53 ibi,
755 1296 110 53 Prae-

-5 1335 160 44 dictis
107 1335 128 44 vero
187 1335 239 44 adiiciendum
378 1335 128 44 est.
458 1335 144 44 Prima
554 1335 96 44 in
602 1335 144 44 duas:
697 1335 112 44 nam
745 1335 112 44 primo

1 1378 182 44 ostendit
137 1378 137 44 verae
229 1378 243 44 poenitentiae
426 1378 273 44 sufficientiam.
654 1378 167 44 Secundo
775 1378 106 44 tam

-2 1416 119 47 quam
72 1416 89 47 ex
117 1416 178 47 opposito
250 1416 148 47 innuit
354 1416 148 47 falsae
458 1416 237 47 poenitentiae
636 1416 223 47 deficientiam,

-9 1450 120 59 ibi,
66 1450 90 59 Et
111 1450 135 59 sicut
201 1450 120 59 sunt
276 1450 135 59 digni
366 1450 165 59 fructus
485 1450 135 59 Prima
575 1450 90 59 in
620 1450 135 59 duas:
710 1450 120 59 quia
770 1450 90 59 pri-

6 1495 88 43 mo
50 1495 190 43 ostendit,
197 1495 117 43 quod
270 1495 117 43 vera
343 1495 205 43 penitentia
504 1495 190 43 consistit
651 1495 88 43 in
695 1495 146 43 cordis
783 1495 73 43 com

13 1538 169 42 ntione,
135 1538 123 42 oris
212 1538 246 42 confessione,
412 1538 77 42 &
443 1538 154 42 operis
550 1538 261 42 satisfactione
750 1538 107 42 Secun

7 1570 92 42 lo
53 1570 107 42 hoc
114 1570 214 42 manifestat
282 1570 92 42 ex
327 1570 137 42 textu
419 1570 153 42 sacrae
526 1570 229 42 scripturae,
709 1570 122 42 ibi,
770 1570 92 42 Com-

-2 1615 173 43 punctio
124 1615 141 43 nobis
218 1615 110 43 ibi
281 1615 251 43 commendatur.
485 1615 94 43 Et
532 1615 126 43 haec
611 1615 94 43 in
658 1615 141 43 tres,
736 1615 126 43 secun-

2 1650 126 43 lum,
81 1650 126 43 quod
160 1650 142 43 primo
255 1650 174 43 allegat
382 1650 237 43 scripturam,
571 1650 111 43 qua
635 1650 206 43 indicitur
777 1650 79 43 no-

5 1691 94 48 is
52 1691 156 48 cordis
161 1691 234 48 compunctio;
349 1691 187 48 Secundo,
489 1691 109 48 qua
552 1691 125 48 oris
630 1691 219 48 confessio;
786 1691 78 48 Ter

15 1734 88 43 o,
59 1734 103 43 qua
118 1734 146 43 operis
220 1734 234 43 satisfactio.
411 1734 176 43 Secunda,
543 1734 117 43 ibi,
616 1734 205 43 Confessio.
762 1734 88 43 Ter.

-6 1770 113 44 tia,
64 1770 113 44 ibi,
135 1770 127 44 Satis
219 1770 141 44 sactio
318 1770 141 44 autem.
416 1770 85 44 Et
459 1770 113 44 haec
529 1770 85 44 in
571 1770 127 44 tres:
656 1770 99 44 nam
712 1770 127 44 primo
783 1770 70 44 in-

-7 1813 123 46 nuit
69 1813 276 46 poenitentialis
299 1813 276 46 satisfactionis
529 1813 261 46 perfectionem,
744 1813 77 46 &
759 1813 92 46 com-

-2 1852 235 44 plementum.
183 1852 185 44 Secundo
318 1852 151 44 ponit
419 1852 101 44 in
469 1852 219 44 proposito
637 1852 151 44 valde
721 1852 135 44 excel-

-10 1891 128 38 ens,
70 1891 80 38 &
102 1891 144 38 vtile
198 1891 241 38 documentum.
391 1891 160 38 Tertio
503 1891 96 38 ex
551 1891 225 38 praedictis
712 1891 144 38 conclu-

-7 1927 112 49 lit
57 1927 175 49 quoddam
184 1927 255 49 corollarium.
392 1927 191 49 Secunda,
535 1927 128 49 ibi,
615 1927 128 49 ldeo
679 1927 175 49 discretio

3 1974 199 44 tenitenti
156 1974 168 44 Tertia,
278 1974 122 44 ibi,
354 1974 92 44 Ex
400 1974 107 44 his
461 1974 214 44 ostenditur
630 1974 168 44 lstarum
737 1974 122 44 secun-

-3 2008 89 48 la
42 2008 192 48 diuiditur
189 2008 89 48 in
233 2008 118 48 duas
307 2008 162 48 partes,
425 2008 118 48 quia
499 2008 89 48 in
543 2008 118 48 isto
617 2008 221 48 saluberrimo
779 2008 74 48 do-

-4 2052 177 44 umento
120 2052 142 44 dato
209 2052 89 44 a
244 2052 160 44 Deato
351 2052 248 44 Augustino,
546 2052 160 44 primo
634 2052 213 44 ostenditur

-1 2088 115 44 uae
64 2088 198 44 secundum
213 2088 148 44 veram
312 2088 264 44 poenitentiam
526 2088 132 44 sint
609 2088 198 44 facienda
741 2088 115 44 Secun

-10 2130 112 41 do,
54 2130 128 41 quae
134 2130 193 41 cauenda,
279 2130 80 41 &
311 2130 209 41 fugienda,
472 2130 128 41 ibi,
552 2130 161 41 Caueat
664 2130 96 41 ne
696 2130 145 41 verecun

-14 2166 112 45 dia.
56 2166 112 45 Haec
126 2166 98 45 est
182 2166 182 45 sententia
322 2166 140 45 istius
420 2166 238 45 distinctionis
615 2166 84 45 in
657 2166 182 45 genarali,
783 2166 70 45 cit

-6 2211 90 53 ta
39 2211 121 53 quam
115 2211 151 53 quaero
220 2211 90 53 in
265 2211 196 53 speciali.

275 2289 298 71 Quaertio
474 2289 99 71 3.

38 2324 103 87 An
89 2324 241 87 contritio,
279 2324 241 87 confessio,
468 2324 86 87 &
502 2324 258 87 satisfactio
692 2324 103 87 sint

246 2393 175 68 partes
350 2393 262 68 poenitentiae.

20 2725 145 90 3TRVM
116 2725 225 90 contritio,
293 2725 225 90 confessio,
470 2725 80 90 &
502 2725 257 90 satisfactio,
711 2725 129 90 sint
776 2725 80 90 pat

32 2801 112 49 tes
96 2801 272 49 poenitentiae.
320 2801 96 49 Et
368 2801 192 49 videtur,
512 2801 128 49 quod
592 2801 128 49 non.
672 2801 128 49 Quia
752 2801 96 49 si
784 2801 64 49 es

-5 2840 102 47 ent
53 2840 145 47 partes
154 2840 246 47 poenitentiae,
357 2840 131 47 tunc,
444 2840 102 47 vel
502 2840 145 47 essent
604 2840 145 47 partes
705 2840 116 47 eius
763 2840 87 47 inti

-14 2877 152 48 rales,
92 2877 106 48 vel
153 2877 152 48 partes
259 2877 243 48 subiectiuae.
457 2877 106 48 Non
518 2877 228 48 integrales:
700 2877 122 48 quia
761 2877 91 48 totu

-9 2918 183 50 ntegrale
128 2918 92 50 de
174 2918 137 50 nulla
265 2918 107 50 sua
326 2918 137 50 parte
418 2918 229 50 praedicatur
601 2918 259 50 praedicatione
799 2918 61 50 di

-21 2961 157 45 tente,
89 2961 110 45 hoc
152 2961 110 45 est
214 2961 125 45 hoc.
293 2961 110 45 Sed
355 2961 235 45 poenitentia
544 2961 235 45 praedicatur
732 2961 94 45 de
763 2961 94 45 vera

-16 2996 236 51 ontritione.
173 2996 110 51 Nec
236 2996 236 51 subiectiue:
425 2996 126 51 quia
503 2996 142 51 totum
597 2996 220 51 vniuersale
755 2996 94 51 per-

-6 3032 105 54 cte
54 3032 179 54 seruatur
188 3032 90 54 in
233 3032 179 54 qualibet
367 3032 105 54 sua
427 3032 134 54 parte
517 3032 224 54 subiectiua:
696 3032 105 54 sed
741 3032 119 54 sacra-

-8 3076 164 47 ramentui
115 3076 205 47 penitentiae
279 3076 82 47 in
320 3076 123 47 nulla
402 3076 150 47 istarum
511 3076 150 47 partium
620 3076 136 47 pfecte
702 3076 150 47 seruatur.

8 3112 126 46 illa
87 3112 126 46 pars
165 3112 204 46 separatim
323 3112 94 46 ab
370 3112 141 46 aliis
464 3112 157 46 duabus
574 3112 189 46 sumatur,
716 3112 126 46 ergo
778 3112 79 46 &c.

14 3153 166 67 Contra,
134 3153 135 67 illud
225 3153 105 67 est
285 3153 120 67 pars
360 3153 196 67 alicuius,
511 3153 120 67 quod
586 3153 211 67 includitur
752 3153 90 67 in
782 3153 75 67 sua

903 300 234 76 integritate,
1093 300 102 76 sed
1152 300 205 76 integritas
1313 300 249 76 sacramentalis
1517 300 234 76 poenitentiae
1693 300 73 76 in-

913 356 137 61 cludit
1009 356 110 61 ista
1078 356 123 61 tria:
1160 356 110 61 quia
1229 356 164 61 quocuque
1352 356 137 61 storum
1448 356 192 61 deficiente
1599 356 96 61 non
1653 356 96 61 pot
1694 356 69 61 es-

894 394 86 57 se
937 394 158 57 integra
1051 394 244 57 sacramentalis
1252 394 215 57 penitentia,
1424 394 86 57 vt
1467 394 129 57 patet
1553 394 86 57 ex
1596 394 143 57 multis
1682 394 72 57 san

903 438 145 63 ctorum
1004 438 275 63 auctoritatibus:
1236 438 116 63 ergo
1308 438 101 63 &c.
1366 438 101 63 Hic
1424 438 130 63 primo
1511 438 159 63 videdum
1627 438 116 63 est,
1685 438 72 63 quo

911 472 200 61 compunctio,
1071 472 187 61 confessio,
1218 472 67 61 &
1245 472 214 61 saticsfactio
1419 472 107 61 sint
1485 472 134 61 partes
1566 472 200 61 sacramentalis

904 523 220 46 penitentiae.
1083 523 138 46 Secudo
1179 523 83 46 de
1221 523 248 46 circustantiis,
1427 523 83 46 de
1468 523 138 46 quibus
1564 523 165 46 penitens
1674 523 83 46 tene

905 561 104 58 tur
965 561 223 58 specialiter
1143 561 179 58 penitere
1277 561 149 58 Tertio
1381 561 89 58 de
1426 561 238 58 impedimentis
1619 561 134 58 verae
1694 561 60 58 po

898 593 191 55 nitentiae,
1049 593 68 55 a
1076 593 137 55 quibus
1172 593 123 55 debet
1254 593 164 55 penitens
1377 593 150 55 cauere.
1486 593 82 55 Et
1527 593 150 55 quarto,
1637 593 123 55 vtrum
1705 593 55 55 ve

906 640 103 50 rum
965 640 206 50 penitentem
1127 640 88 50 de
1171 640 177 50 peccatis
1304 640 206 50 venialibus
1466 640 162 50 necesse
1583 640 103 50 sit
1628 640 132 50 dolere-

1043 703 540 93 RESOLVTI
1403 703 180 93 O.

896 789 128 80 Nullus
986 789 179 80 catbolicus
1126 789 153 80 ambigere
1241 789 128 80 debet,
1331 789 102 80 quin
1395 789 179 80 contritio,
1536 789 179 80 confessio,
1676 789 64 80 u
1689 789 64 80 sa-

934 867 160 40 tisfactio
1057 867 98 40 sint
1118 867 123 40 partes
1204 867 172 40 integrales
1339 867 123 40 ipsius
1425 867 209 40 paenitentiae,
1597 867 172 40 quandoqui

945 899 90 55 lem
996 899 115 55 ipsis
1073 899 141 55 positis
1175 899 205 55 paenitentiae
1342 899 192 55 sacramentum
1495 899 166 55 perfectum
1623 899 153 55 dicitur,

938 943 66 59 &
964 943 144 59 quacunq
1069 943 118 59 harum
1148 943 158 59 sublata,
1266 943 131 59 mancu,
1358 943 197 59 &rmutilatim
1516 943 105 59 esse
1581 943 197 59 perbibetur,

1010 1021 517 68 ARTICVLV
1398 1021 215 68 S
1441 1021 172 68 1.

898 1064 187 84 Quomodo
1034 1064 255 84 compunctio,
1238 1064 238 84 confessio,
1425 1064 85 84 &
1459 1064 255 84 satisfactio
1646 1064 102 84 sint

1030 1125 169 68 partes
1148 1125 287 68 sacramentalis
1368 1125 236 68 poenitentie.

912 1220 204 47 VANTVM
1054 1220 122 47 ad
1116 1220 204 47 primum
1258 1220 143 47 sic
1340 1220 265 47 procedam;
1544 1220 163 47 Quia
1626 1220 122 47 pri

936 1264 102 45 mo
987 1264 221 45 ostendam,
1157 1264 119 45 quo
1225 1264 255 45 compunctio,
1429 1264 238 45 confessio,
1599 1264 153 45 satisfa

891 1292 133 59 ctio,
980 1292 207 59 respiciunt
1142 1292 251 59 poenitentiam,
1349 1292 89 59 vt
1393 1292 222 59 sacramentum
1571 1292 118 59 est.
1630 1292 118 59 Secun-

890 1340 90 54 do
935 1340 165 54 quomodo
1055 1340 210 54 respiciunt
1220 1340 255 54 poenitentiam,
1430 1340 90 54 vt
1475 1340 150 54 virtus
1580 1340 120 54 est.
1655 1340 90 54 Et
1685 1340 60 54 so

895 1380 171 53 cundum
1015 1380 120 53 hoc
1083 1380 137 53 pono
1169 1380 137 53 duas
1237 1380 257 53 conclusiones.

933 1414 118 49 Prima
1011 1414 105 49 est,
1077 1414 105 49 quod
1142 1414 235 49 praedictatria,
1338 1414 157 49 scilicet
1455 1414 196 49 compunctio,
1612 1414 91 49 seu
1651 1414 118 49 contri,

895 1455 112 45 tio,
965 1455 196 45 confessio,
1119 1455 70 45 &
1147 1455 224 45 satisfactio,
1329 1455 112 45 sunt
1398 1455 140 45 partes
1496 1455 196 45 integrales
1636 1455 112 45 poeni-

886 1503 176 43 tentiae,
1018 1503 88 43 vt
1062 1503 220 43 sactamentum
1238 1503 117 43 est:
1312 1503 117 43 Quia
1385 1503 132 43 illa,
1473 1503 117 43 quae
1546 1503 103 43 sic
1605 1503 88 43 se
1634 1503 103 43 habet

901 1539 95 44 que
956 1539 122 44 ipsis
1037 1539 150 44 positis
1146 1539 204 44 sacramentum
1310 1539 204 44 penitentiae
1473 1539 150 44 dicitur
1582 1539 109 44 esse
1636 1539 109 44 perfe-

890 1579 121 49 ctu,
965 1579 75 49 &
996 1579 181 49 quocuque
1131 1579 136 49 eorum
1222 1579 151 49 omnino
1328 1579 226 49 deficiente,
1509 1579 226 49 sactamentum
1675 1579 75 49 pe-

891 1618 182 51 nitentiae
1031 1618 98 51 est
1087 1618 210 51 imperfectu,
1255 1618 112 51 illa
1325 1618 168 51 videntur
1451 1618 112 51 esse
1521 1618 140 51 partes
1605 1618 140 51 integra-

891 1653 98 48 les
947 1653 111 48 hmoi
1016 1653 209 48 penitentie,
1184 1653 98 48 sed
1239 1653 167 48 prositis
1365 1653 167 48 ordinate
1490 1653 181 48 predictis
1616 1653 125 48 tribus;

882 1690 162 56 habetur
1000 1690 177 56 perfecte
1133 1690 221 56 sacramentum
1309 1690 236 56 penitentiae,
1501 1690 74 56 &
1530 1690 177 56 quocuque
1648 1690 103 56 eorum

895 1733 137 42 omnino
991 1733 205 42 deficiente.
1155 1733 123 42 setam
1238 1733 82 42 in
1279 1733 164 42 effectu,
1402 1733 110 42 quam
1470 1733 82 42 in
1511 1733 192 42 penitentis
1648 1733 96 42 volun

898 1773 115 46 tate
969 1773 101 46 non
1027 1773 158 46 habetur
1142 1773 158 46 pfectum
1257 1773 215 46 sacramentum
1429 1773 230 46 penitentiae;
1616 1773 115 46 ergo
1673 1773 72 46 &c.

893 1814 120 50 Sed
961 1814 171 50 contra
1081 1814 154 50 istam
1184 1814 274 50 conclusionem
1407 1814 137 50 sunt
1493 1814 171 50 plures
1596 1814 154 50 opinio-

894 1852 130 42 nes.
975 1852 162 42 Quidam
1089 1852 130 42 enim
1170 1852 162 42 dicunt
1283 1852 130 42 quod
1364 1852 211 42 praedicta
1527 1852 130 42 tria
1608 1852 114 42 non
1657 1852 97 42 sunt

902 1900 144 43 partes
1002 1900 201 43 integrales
1146 1900 215 43 poenitentiae.

909 1929 76 50 1
939 1929 121 50 Quia
1015 1929 151 50 partes
1121 1929 227 50 subiectiuae
1303 1929 182 50 alicuius
1439 1929 151 50 totius
1545 1929 106 50 non
1606 1929 121 50 sunt
1666 1929 76 50 pat

899 1970 99 52 tes
956 1970 213 52 integrales,
1126 1970 99 52 sed
1182 1970 184 52 praedicta
1324 1970 113 52 tria
1395 1970 113 52 sunt
1466 1970 142 52 partes
1551 1970 198 52 subiectiuae-

885 2007 145 45 ipsius
987 2007 233 45 penitentiae,
1176 2007 87 45 vt
1220 2007 116 45 ipsi
1292 2007 145 45 dicunt
1394 2007 73 45 :
1423 2007 116 45 ergo
1496 2007 102 45 &c.
1554 2007 131 45 Maior
1627 2007 116 45 patet,

884 2049 178 46 Probatur
1017 2049 148 46 minor,
1121 2049 118 46 quia
1195 2049 118 46 illa
1269 2049 104 46 est
1328 2049 118 46 pars
1402 2049 207 46 subiectiua
1565 2049 178 46 alicuius
1684 2049 59 46 to

895 2089 127 53 tius,
980 2089 85 53 ad
1022 2089 127 53 cuius
1106 2089 141 53 partis
1205 2089 183 53 positonem
1346 2089 226 53 sufficienter
1529 2089 169 53 infertur
1642 2089 99 53 ipsum

889 2130 145 47 tetum,
990 2130 102 47 sic
1048 2130 131 47 autem
1135 2130 102 47 est
1193 2130 87 47 in
1237 2130 203 47 proposito:
1396 2130 116 47 quia
1469 2130 87 47 si
1512 2130 160 47 aliquis
1614 2130 131 47 conteri

899 2168 115 53 tur,
971 2168 187 53 sequitur,
1115 2168 115 53 quod
1187 2168 187 53 poenitet,
1331 2168 72 53 &
1360 2168 187 53 similiter
1504 2168 187 53 poenitere
1634 2168 115 53 sequi-

893 2211 123 46 tur
963 2211 105 46 ad
1015 2211 245 46 confiteri,
1208 2211 88 46 &
1243 2211 105 46 ad
1295 2211 158 46 satis
1383 2211 158 46 facere.

921 2249 77 48 2
951 2249 200 48 Preterea,
1105 2249 154 48 partes
1213 2249 215 48 integrales
1382 2249 138 48 entis
1474 2249 231 48 permanentis
1644 2249 92 48 opos

882 2286 106 49 tet
942 2286 121 49 esse
1018 2286 196 49 manentes,
1169 2286 106 49 sed
1229 2286 226 49 sactamentum
1410 2286 106 49 est
1470 2286 106 49 ens
1531 2286 211 49 permanens,
1697 2286 75 49 &

887 2328 191 46 praedicta
1034 2328 118 46 tria
1108 2328 103 46 non
1167 2328 118 46 sunt
1240 2328 235 46 permanentia,
1432 2328 88 46 vt
1476 2328 88 46 de
1520 2328 88 46 se
1549 2328 118 46 patet.

931 2366 78 48 3
963 2366 218 48 Praeterea,
1133 2366 155 48 partes
1242 2366 218 48 integrales
1413 2366 171 48 oportet
1537 2366 124 48 esse
1615 2366 140 48 simul
1693 2366 62 48 ad

890 2402 103 42 hoc,
954 2402 103 42 quod
1018 2402 115 42 totum
1095 2402 103 42 heat
1159 2402 115 42 esse:
1236 2402 90 42 sed
1288 2402 128 42 pdicta
1377 2402 103 42 tria
1441 2402 90 42 non
1493 2402 141 42 possunt
1595 2402 103 42 esse
1646 2402 103 42 simul-

934 2441 98 43 Sed
990 2441 112 43 ista
1060 2441 140 43 opinio
1158 2441 182 43 manifeste
1298 2441 154 43 deficit
1410 2441 84 43 in
1452 2441 112 43 hoc,
1522 2441 112 43 quod
1592 2441 126 43 ponit
1662 2441 98 43 prae-

892 2482 138 47 dicta
984 2482 123 47 tria
1061 2482 123 47 esse
1137 2482 154 47 partes
1245 2482 230 47 subiectiuas
1429 2482 154 47 ipsius
1521 2482 215 47 penitentiae.

892 2527 82 45 1
924 2527 131 45 Quia
1006 2527 98 45 in
1055 2527 196 45 qualibet
1202 2527 147 45 parte
1300 2527 229 45 subiectiua
1480 2527 196 45 seruatur
1610 2527 131 45 perfe-

894 2561 102 43 cta
953 2561 131 43 ratio
1040 2561 146 43 totius
1142 2561 233 43 vniuersalis.
1331 2561 102 43 Sed
1389 2561 189 43 perfecta,
1535 2561 73 43 &
1564 2561 175 43 completa
1680 2561 73 43 rae

883 2603 108 39 tio
944 2603 247 39 poenitentiae
1145 2603 108 39 non
1206 2603 185 39 seruatur
1345 2603 93 39 in
1391 2603 154 39 aliqua
1499 2603 170 39 istarum
1607 2603 139 39 partium

897 2637 104 43 per
957 2637 89 43 se
1001 2637 209 43 sumptarum,
1165 2637 179 43 exclusis
1299 2637 134 43 aliis
1374 2637 134 43 duabus.

907 2679 78 46 2
939 2679 219 46 Praeterea,
1111 2679 141 46 totum
1204 2679 235 46 vniuersale,
1392 2679 156 46 habens
1501 2679 156 46 partes
1595 2679 141 46 subiect

886 2716 127 46 uas,
966 2716 111 46 non
1029 2716 111 46 est
1093 2716 127 46 vnum
1173 2716 175 46 numero,
1300 2716 111 46 sed
1364 2716 239 46 sactamentum
1539 2716 207 46 penitentiae

886 2757 236 50 integratum
1072 2757 101 50 ex
1122 2757 118 50 his
1190 2757 185 50 tribus,
1325 2757 118 50 est
1392 2757 135 50 vnum
1476 2757 185 50 numero;
1611 2757 135 50 ergo
1679 2757 67 50 &c

925 2797 84 56 Ad
967 2797 141 56 primum
1065 2797 155 56 motiuum
1178 2797 155 56 istorum
1290 2797 183 56 dicendum,
1431 2797 112 56 quod
1501 2797 126 56 minor
1585 2797 98 56 est
1642 2797 141 56 falsa,

892 2836 86 46 vt
935 2836 128 46 patet
1020 2836 100 46 per
1077 2836 100 46 iam
1134 2836 143 46 dicta.
1234 2836 86 46 Ad
1277 2836 214 46 probationem
1448 2836 186 46 dicendum,
1591 2836 114 46 quod
1648 2836 100 46 mamor

897 2874 96 52 non
952 2874 96 52 est
1007 2874 124 52 vera,
1090 2874 110 52 quia
1159 2874 83 52 si
1200 2874 96 52 est
1255 2874 110 52 hora
1324 2874 124 52 diei,
1407 2874 96 52 tuc
1462 2874 110 52 dies
1531 2874 110 52 est:
1600 2874 69 52 &
1613 2874 138 52 tamenpae

896 2915 108 47 tet,
963 2915 108 47 quod
1031 2915 108 47 hora
1098 2915 108 47 diei
1166 2915 95 47 non
1220 2915 95 47 est
1274 2915 108 47 pars
1341 2915 189 47 subiectiua
1490 2915 122 47 dici;
1571 2915 95 47 sed
1625 2915 95 47 est
1665 2915 81 47 eius

897 2951 108 52 pars
965 2951 189 52 integralis
1114 2951 108 52 lte,
1182 2951 81 52 si
1222 2951 162 52 risibile
1344 2951 108 52 est,
1412 2951 108 52 homo
1479 2951 108 52 est.
1547 2951 68 52 &
1561 2951 189 52 tamenrisibi-

898 2992 71 47 e
926 2992 99 47 non
983 2992 99 47 est
1040 2992 113 47 pars
1110 2992 198 47 subiectiua
1266 2992 170 47 hominis,
1394 2992 99 47 cum
1450 2992 99 47 sit
1507 2992 198 47 proprietas
1649 2992 99 47 eius)

918 3034 105 48 Ad
971 3034 210 48 secundum
1129 3034 140 48 nego
1216 3034 210 48 minorem,
1374 3034 88 48 &
1409 3034 175 48 maxime
1532 3034 105 48 in
1567 3034 175 48 proposi-

888 3073 111 48 to:
951 3073 126 48 quia
1030 3073 174 48 materia
1157 3073 237 48 penitentiae
1347 3073 126 48 sunt
1426 3073 158 48 quidam
1536 3073 142 48 actus
1616 3073 126 48 humani

906 3108 91 49 ui
951 3108 107 49 cum
1012 3108 122 49 sint
1088 3108 228 49 suceessiui,
1271 3108 76 49 &
1302 3108 107 49 non
1362 3108 244 49 permanentes,
1560 3108 122 49 ergo
1621 3108 122 49 satra-

879 3156 166 53 mentum
996 3156 249 53 penitentiae
1195 3156 216 53 consistit
1362 3156 100 53 in
1411 3156 166 53 quadam
1511 3156 233 53 suceessioner
