2396 3527
372 278 123 66 sed.
448 278 108 66 12.
510 278 200 66 discipuli
663 278 200 66 tenuerunt
817 278 154 66 statum
924 278 276 66 presbvterorum,
1155 278 92 66 vt
1186 278 61 66 pa

376 328 101 53 tet
433 328 86 53 in
476 328 144 53 decre.
577 328 129 53 dist.
663 328 101 53 21.
721 328 72 53 c
749 328 86 53 in
793 328 115 53 nouo
850 328 187 53 testamento.

419 365 164 53 Neganda
538 365 104 53 est
598 365 149 53 igitur
702 365 134 53 minor
791 365 208 53 praedictae
940 365 178 53 instantiae

424 399 101 59 Ad
475 399 253 59 probationem
677 399 219 59 dicendum,
846 399 135 59 quod
930 399 135 59 ista
1014 399 202 59 vocabula
1149 399 101 59 Epi-

381 445 163 46 scopus,
500 445 74 46 &
530 445 119 46 pres
604 445 149 46 byter,
708 445 208 46 dupliciter
872 445 163 46 possunt
990 445 238 46 considerari.
1169 445 74 46 Vno

373 486 168 51 modo,
485 486 205 51 quantum
634 486 112 51 ad
690 486 168 51 eorum
802 486 298 51 etvmologiam:
1045 486 149 51 Alio
1119 486 131 51 modo,

391 527 191 51 quantum
529 527 104 51 ad
581 527 156 51 eorum
685 527 295 51 impositionem,
928 527 87 51 &
945 527 295 51 significationem

384 575 231 39 propriam.
562 575 160 39 Primo
669 575 142 39 modo
758 575 178 39 potest
882 575 142 39 vnum
971 575 196 39 istorum
1096 575 142 39 vocabu

390 605 143 41 lorum
485 605 206 41 quandoque
644 605 159 41 accipi
755 605 111 41 pro
819 605 175 41 altero:
945 605 127 41 quia
1025 605 206 41 Episcopus
1168 605 63 41 di

389 640 129 50 citur
475 640 144 50 quasi,
575 640 129 50 super
662 640 201 50 intendens,
820 640 86 50 vt
863 640 129 50 patet
949 640 101 50 hic
1007 640 86 50 in
1050 640 172 50 littera:
1179 640 101 50 sed

381 681 225 57 presbyter,
557 681 176 57 dicitur
686 681 144 57 quasi
782 681 192 57 praebens
926 681 144 57 iter.
1022 681 112 57 Cum
1087 681 128 57 ergo
1151 681 96 57 ille

372 726 138 44 idem,
464 726 108 44 qui
525 726 108 44 est
587 726 108 44 dux
648 726 246 44 spiritualis,
848 726 184 44 praebens
986 726 123 44 iter
1063 726 154 44 populo
1155 726 92 44 dei,

381 761 108 46 deb
442 761 108 46 eat
504 761 200 46 intendere
657 761 138 46 super
750 761 123 46 ipso
827 761 169 46 populo,
950 761 77 46 &
981 761 215 46 econuerso,
1134 761 108 46 cuius

373 804 119 49 est
441 804 221 49 intendere
611 804 153 49 super
713 804 170 49 populo
833 804 170 49 debeat
952 804 170 49 verbo,
1071 804 85 49 &
1088 804 153 49 exemplo

372 837 133 55 iter
455 837 199 55 praebere
605 837 183 55 populo:
738 837 133 55 ideo
821 837 266 55 auctoritates
1020 837 233 55 scripturarum

374 888 227 44 quandoque
548 888 122 44 vno
618 888 192 44 istorum
758 888 262 44 vocabulorum
967 888 192 44 vtuntur
1107 888 122 44 pro
1160 888 87 44 al-

370 925 153 44 tero,
472 925 85 44 &
506 925 238 44 econuerso.
693 925 102 44 Si
744 925 187 44 secundo
881 925 153 44 modo,
983 925 136 44 tunc
1068 925 119 44 hoc
1119 925 119 44 nomen

377 969 220 43 praesbvter,
553 969 103 43 est
612 969 249 43 vniuersalius,
818 969 73 43 &
847 969 88 43 in
891 969 117 43 plus
964 969 88 43 se
1008 969 147 43 habet,
1111 969 117 43 quam
1170 969 73 43 hoc

366 998 166 50 nomen,
483 998 233 50 Episcopus:
665 998 133 50 quia
749 998 116 50 hoc
815 998 166 50 nomen,
931 998 233 50 Episcopus,
1114 998 116 50 non
1164 998 83 50 est

373 1042 221 43 impositum
543 1042 102 43 ad
594 1042 289 43 significandum
833 1042 221 43 quemlibet
986 1042 255 43 praesbvterum;

375 1077 103 48 sed
434 1077 133 48 solum
523 1077 148 48 illum,
626 1077 103 48 qui
685 1077 162 48 taliter
803 1077 103 48 est
862 1077 133 48 super
951 1077 207 48 intendens,
1113 1077 118 48 quod
1172 1077 74 48 iu-

372 1119 242 46 risdictionem
568 1119 136 46 habet
659 1119 136 46 super
750 1119 136 46 omnes
841 1119 151 46 alios,
947 1119 106 46 tam
1007 1119 197 46 clericos,
1158 1119 121 46 quam

366 1157 171 44 laicos
485 1157 154 44 infra
588 1157 137 44 suam
673 1157 222 44 dicecesim
844 1157 273 44 commorantes.
1066 1157 154 44 Etiam
1152 1157 85 44 non

373 1195 151 40 solum
474 1195 101 40 in
524 1195 218 40 huiusmodi
692 1195 218 40 potestate
861 1195 302 40 iurisdictionis
1096 1195 151 40 verume-

373 1236 124 55 tiam
451 1236 93 55 in
498 1236 202 55 potestate
653 1236 295 55 confirmationis,
902 1236 78 55 &
933 1236 202 55 potestate
1073 1236 171 55 consecra-

375 1269 159 55 tionis
486 1269 207 55 Episcopus
646 1269 175 55 excedit
773 1269 207 55 simplicem
932 1269 143 55 praes
1027 1269 191 55 byterum:
1155 1269 95 55 quia

374 1311 129 51 ipse
454 1311 145 51 solus
551 1311 161 51 potest
664 1311 97 51 de
712 1311 129 51 iure
793 1311 177 51 communi
922 1311 242 51 sacramentum
1099 1311 145 51 confir-

370 1353 183 62 mationis
507 1353 137 62 dare,
599 1353 92 62 ac
645 1353 198 62 clericos,
797 1353 76 62 &
828 1353 244 62 praesbvteros
1026 1353 198 62 ordinare,
1164 1353 76 62 seu

358 1392 204 46 consecrare

408 1413 108 72 Sed
469 1413 154 72 contra
577 1413 154 72 istud,
685 1413 77 72 &
716 1413 108 72 per
778 1413 216 72 consequens
947 1413 154 72 contra
1040 1413 200 72 principalem

381 1474 227 50 conclusionem
565 1474 85 50 ex
608 1474 142 50 dictis
707 1474 185 50 aliquorum
849 1474 170 50 doctorum
977 1474 142 50 potest
1077 1474 128 50 argui
1162 1474 114 50 sic.

453 1511 236 46 Cuiuscunque
642 1511 189 46 potestas
783 1511 94 46 se
830 1511 189 46 extendit
972 1511 94 46 ad
1019 1511 236 46 principale,
1192 1511 47 46 &

380 1548 87 43 ad
423 1548 145 43 illud,
524 1548 116 43 quod
597 1548 101 43 est
655 1548 145 43 maius,
756 1548 145 43 illius
857 1548 174 43 potestas
987 1548 159 43 poterit
1103 1548 87 43 se
1132 1548 116 43 exten-

375 1590 122 50 dere
451 1590 91 50 ad
496 1590 243 50 accessorium,
694 1590 76 50 &
724 1590 91 50 ad
770 1590 152 50 illud,
876 1590 122 50 quod
952 1590 106 50 est
1013 1590 152 50 minus:
1119 1590 106 50 sed
1165 1590 76 50 po-

382 1631 148 41 testas
486 1631 208 41 cuiuslibet
649 1631 222 41 praesbvteri
827 1631 237 41 sufficienter
1020 1631 89 41 se
1064 1631 178 41 extendit
1183 1631 59 41 ad

381 1670 288 41 consecrationem
621 1670 224 41 sacramenti
797 1670 192 41 altaris,
942 1670 128 41 quod
1022 1670 112 41 est
1086 1670 144 41 maius
1166 1670 80 41 sa-

374 1704 193 47 cramento
518 1704 193 47 ordinis,
663 1704 80 47 &
695 1704 193 47 respectu
840 1704 128 47 eius
920 1704 241 47 sacramentum
1096 1704 145 47 ordinis

368 1745 104 46 est
428 1745 238 46 accessorium:
621 1745 119 46 ergo
695 1745 178 46 potestas
829 1745 208 46 cuiuslibet
992 1745 223 46 praesbvteri
1156 1745 89 46 suf-

374 1786 213 49 ficienter
537 1786 98 49 se
587 1786 197 49 extendit
734 1786 98 49 ad
783 1786 279 49 consecrandum,
1013 1786 82 49 &
1029 1786 213 49 conferendum

378 1822 256 53 sacramentum
566 1822 153 53 ordinis

384 1856 77 63 2
414 1856 217 63 Praeterea,
585 1856 108 63 non
647 1856 108 63 est
709 1856 170 63 minoris
832 1856 170 63 vigoris
956 1856 186 63 potestas
1080 1856 155 63 spiritus

370 1900 116 49 lis,
443 1900 116 49 quam
516 1900 218 49 corporalis:
690 1900 102 49 Sed
748 1900 145 49 tantus
849 1900 102 49 est
907 1900 131 49 vigor
994 1900 203 49 potestatis
1139 1900 102 49 rerum

372 1945 272 52 corporalium,
593 1945 136 52 quod
678 1945 255 52 vnumquodque
881 1945 221 52 perfectum
1051 1945 102 52 in
1102 1945 119 52 sua
1153 1945 85 52 spe

371 1982 100 41 cie
428 1982 143 41 potest
528 1982 114 41 sibi
599 1982 143 41 simile
699 1982 185 41 generare,
842 1982 86 41 vt
884 1982 143 41 patet.
984 1982 86 41 2.
1027 1982 86 41 de
1070 1982 143 41 anima:
1155 1982 86 41 ergo

369 2022 152 60 habens
475 2022 198 60 perfectam
627 2022 213 60 potestatem
795 2022 228 60 praesbyteri
977 2022 167 60 poterit
1099 2022 122 60 sibi
1160 2022 76 60 si-

373 2059 153 46 milem
475 2059 153 46 alium
577 2059 272 46 praesbyterum
782 2059 187 46 ordinare.

449 2092 212 53 Preterea,
612 2092 212 53 Episcopus
775 2092 163 53 potest
889 2092 228 53 consecrare
1052 2092 196 53 Episcopum:

378 2140 124 46 ergo
455 2140 232 46 praesbvyter
641 2140 155 46 potest
749 2140 217 46 consecrare
919 2140 263 46 praesbvterum,
1136 2140 108 46 vel
1182 2140 62 46 ad

379 2176 150 52 minus
479 2176 217 52 diaconum,
646 2176 117 52 vel
713 2176 267 52 subdiaconum,
930 2176 117 52 aut
997 2176 150 52 alios
1080 2176 167 52 clericos

373 2215 250 44 inferiores.
574 2215 234 44 Antecedens
757 2215 167 44 patet:
874 2215 200 44 probatur
1007 2215 234 44 consequentia

376 2259 183 51 quantum
509 2259 100 51 ad
559 2259 166 51 primam
676 2259 166 51 partem
792 2259 283 51 consequentis,
1025 2259 133 51 quia
1091 2259 150 51 aequali

375 2294 106 47 ter
436 2294 91 47 se
481 2294 137 47 habet
572 2294 213 47 praesbyter
740 2294 91 47 ad
785 2294 258 47 praesbvterum,
998 2294 137 47 sicut
1074 2294 167 47 Episcopus

371 2337 104 53 ad
423 2337 242 53 Episcopum.
613 2337 104 53 Et
665 2337 190 53 quantum
803 2337 104 53 ad
855 2337 207 53 secundam
1010 2337 190 53 partem:
1131 2337 104 53 qui-

377 2378 130 46 plus
458 2378 178 46 excedit
588 2378 195 46 potestas
733 2378 243 46 praesbvteri
928 2378 227 46 potestatem
1090 2378 146 46 diaconi

383 2419 128 49 quam
463 2419 192 49 potestas
607 2419 144 49 vnius
703 2419 192 49 Episcopi
848 2419 224 49 potestatem
1024 2419 192 49 alterius
1152 2419 80 49 Epi

375 2454 146 45 scopi,
478 2454 73 45 &
507 2454 102 45 per
565 2454 204 45 consequens
726 2454 131 45 actus
813 2454 234 45 hierarchicae
1003 2454 219 45 dignitatis,
1164 2454 73 45 pro

384 2494 95 39 ta
432 2494 205 39 ordinare,
589 2494 110 39 non
652 2494 142 39 minus
747 2494 189 39 conuenit
889 2494 237 39 praesbytero
1062 2494 174 39 respectiu

381 2533 193 38 diaconi,
525 2533 128 38 quam
606 2533 209 38 Episcopo,
766 2533 193 38 respectu
895 2533 160 38 Episcopi

392 2566 80 50 4
424 2566 223 50 Praeterea,
600 2566 239 50 praesbvteri
791 2566 223 50 Cardinales
967 2566 176 50 possunt
1078 2566 160 50 conferre

373 2608 186 47 ordines
508 2608 203 47 minores:
660 2608 135 47 ergo
745 2608 203 47 conferre
897 2608 254 47 sacramentum
1083 2608 152 47 ordinis

372 2654 119 46 non
440 2654 187 46 spectat
576 2654 102 46 ad
626 2654 153 46 solos
728 2654 237 46 Episcopos.
915 2654 237 46 Antecedens
1084 2654 153 46 communi

378 2690 107 41 ter
439 2690 230 41 conceditur.
623 2690 138 41 Etiam
714 2690 245 41 consequentia
914 2690 153 41 patet:
1021 2690 122 41 quia
1082 2690 153 41 praesby-

385 2728 130 46 teri
466 2728 228 46 Cardinales
645 2728 114 46 non
710 2728 130 46 sunt
792 2728 212 46 Episcopi,
955 2728 147 46 sicut
1053 2728 114 46 nec
1101 2728 147 46 diaconi

389 2766 217 48 Cardinales
559 2766 124 48 sunt
621 2766 201 48 praesbyteri

423 2796 95 55 Ad
471 2796 159 55 primum
582 2796 159 55 potest
693 2796 143 55 dici,
789 2796 127 55 quod
868 2796 143 55 maior
964 2796 111 55 non
1027 2796 111 55 est
1091 2796 143 55 vera,
1170 2796 64 55 ma

382 2840 132 56 xime
465 2840 165 56 quando
581 2840 165 56 maius,
696 2840 83 56 &
729 2840 165 56 minus,
845 2840 116 56 non
911 2840 132 56 sunt
993 2840 182 56 eiusdem
1109 2840 132 56 ratio-

380 2884 126 59 nis,
459 2884 126 59 ita,
538 2884 126 59 quod
616 2884 142 59 maius
710 2884 110 59 non
773 2884 173 59 claudit
899 2884 94 59 in
946 2884 94 59 se
993 2884 157 59 minus,
1104 2884 126 59 quod
1166 2884 79 59 pa-

385 2928 100 42 tet
442 2928 86 42 in
485 2928 230 42 naturalibus:
672 2928 115 42 quia
744 2928 129 42 licet
830 2928 129 42 maius
916 2928 100 42 sit
973 2928 230 42 raciocinari,
1160 2928 115 42 quam

383 2967 246 38 volare:tamen
583 2967 108 38 non
644 2967 200 38 sequitur,
798 2967 123 38 homo
875 2967 154 38 potest
983 2967 246 38 ratiocinari,
1167 2967 77 38 er-

381 3003 89 48 go
426 3003 148 48 potest
529 3003 163 48 volare,
647 3003 74 48 &
677 3003 104 48 hoc
736 3003 104 48 pro
795 3003 148 48 tanto:
899 3003 118 48 quia
973 3003 237 48 ratiocinari,
1165 3003 74 48 &
1180 3003 59 48 vo

385 3047 136 51 lare,
476 3047 106 51 non
536 3047 121 51 sunt
612 3047 167 51 eiusdem
733 3047 197 51 rationis:
885 3047 106 51 nec
945 3047 227 51 ratiocinari
1112 3047 136 51 claudit

373 3084 87 43 in
416 3084 87 43 se
459 3084 159 43 volare.
575 3084 130 43 Patet
661 3084 130 43 etiam
748 3084 87 43 in
791 3084 274 43 artificialibus:
1022 3084 115 43 quia
1094 3084 130 43 licet
1166 3084 72 43 ars

380 3121 249 51 sroenefactiua
586 3121 103 51 sit
644 3121 132 51 minor
732 3121 117 51 atte
806 3121 191 51 militari,
952 3121 73 51 &
982 3121 205 51 accessorie
1143 3121 88 51 se
1172 3121 59 51 ha

1265 263 127 75 beat
1344 263 190 75 respectu
1487 263 143 75 eius,
1583 263 206 75 inquantum
1741 263 127 75 omne
1821 263 159 75 illud,
1932 263 127 75 quod
1995 263 143 75 appella

1274 323 109 52 tur
1337 323 250 52 accessorium,
1540 323 188 52 respectu
1681 323 203 52 alterius,
1837 323 125 52 quod
1915 323 156 52 aliquo
2025 323 125 52 modo
2087 323 63 52 or

1274 364 181 45 dinatur
1405 364 99 45 ad
1455 364 165 45 ipsum:
1570 364 82 45 &
1603 364 148 45 tamen
1702 364 115 45 non
1768 364 198 45 sequitur
1916 364 165 45 habens
2032 364 148 45 artem

1285 406 195 48 militatem
1435 406 120 48 scit
1510 406 195 48 militare,
1659 406 120 48 ergo
1734 406 120 48 scit
1809 406 150 48 srenum
1914 406 150 48 facere
2018 406 105 48 Cum
2063 406 75 48 igi

1284 444 105 45 tur
1344 444 180 45 potestas
1479 444 226 45 consecrandi
1660 444 150 45 corpus
1765 444 180 45 Christi,
1900 444 75 45 &
1931 444 180 45 potestas
2051 444 90 45 ordi

1286 484 156 51 nandi,
1396 484 110 51 non
1458 484 125 51 sint
1537 484 172 51 eiusdem
1662 484 203 51 rationis:
1818 484 125 51 ideo
1897 484 156 51 patet,
2006 484 125 51 quod
2069 484 78 51 ma-

1274 522 102 54 ior
1333 522 88 54 in
1377 522 190 54 proposito
1523 522 102 54 est
1582 522 146 54 falsa.
1684 522 132 54 Etiam
1772 522 132 54 minor
1860 522 102 54 non
1918 522 102 54 est
1977 522 132 54 vera:
2050 522 88 54 quia

1281 564 168 50 ratione
1403 564 275 50 implicationis,
1632 564 122 50 tunc
1709 564 183 50 potestas
1846 564 214 50 conferendi
1999 564 138 50 ordines

1287 599 109 53 est
1349 599 140 53 maior
1442 599 202 53 potestate
1597 599 233 53 consecrandi
1783 599 155 53 corpus
1891 599 186 53 Christi:
2031 599 109 53 nam
2077 599 62 53 po

1284 652 129 42 tens
1365 652 194 42 ordinare
1510 652 162 42 potest
1623 652 243 42 consecrare,
1818 652 146 42 eodem
1915 652 129 42 enim
1995 652 129 42 die,
2060 652 81 42 quo

1276 680 173 46 ordinat,
1406 680 130 46 etiam
1492 680 188 46 consecrat
1637 680 145 46 corpus
1738 680 173 46 Christi,
1868 680 101 46 sed
1926 680 101 46 non
1970 680 173 46 econuerso.

1323 719 96 50 Ad
1371 719 191 50 secundum
1514 719 207 50 dicendum,
1673 719 127 50 quod
1753 719 143 50 licet
1848 719 191 50 potestas
1976 719 159 50 spititus

1288 762 90 52 is
1333 762 106 52 non
1393 762 106 52 sit
1454 762 166 52 minoris
1574 762 181 52 vigoris,
1710 762 121 52 quam
1785 762 226 52 corporalis,
1966 762 181 52 absolute
2087 762 60 52 lo

1276 799 172 54 quendo,
1401 799 125 54 immo
1479 799 109 54 est
1542 799 172 54 maioris
1667 799 187 54 vigoris,
1807 799 125 54 quia
1885 799 156 54 potest
1995 799 94 54 in
2026 799 125 54 alique

1286 839 207 46 effectum,
1445 839 96 46 in
1493 839 128 46 quem
1573 839 112 46 non
1637 839 159 46 potest
1748 839 191 46 potestas
1892 839 239 46 corporalis:
2067 839 80 46 ta-

1285 886 120 46 men,
1360 886 164 46 quantum
1479 886 90 46 ad
1524 886 149 46 facere
1629 886 120 46 sibi
1704 886 164 46 simile,
1823 886 105 46 est
1883 886 164 46 minoris
1988 886 149 46 vigoris.

1284 930 114 43 quia
1355 930 129 43 sicut
1441 930 214 43 praepositus
1612 930 200 43 Imperialis
1770 930 143 43 curiae
1870 930 143 43 potest
1970 930 143 43 filium
2055 930 86 43 sibi

1274 960 173 37 similem
1400 960 204 37 generare:
1557 960 141 37 tamen
1651 960 110 37 non
1714 960 157 37 potest
1823 960 125 37 sibi
1902 960 173 37 similem
2012 960 125 37 praepo

1275 997 133 40 situm
1364 997 236 40 constituere,
1556 997 118 40 quia
1629 997 133 40 talis
1718 997 221 40 institutio,
1895 997 103 40 vel
1954 997 177 40 pertinet
2072 997 74 40 im-

1280 1035 192 51 mediate
1419 1035 105 51 ad
1471 1035 279 51 lmperatorem,
1698 1035 122 51 vel
1768 1035 105 51 ad
1820 1035 192 51 aliquem
1942 1035 209 51 superiorem

1286 1075 213 43 officialem:
1456 1075 99 43 sic
1513 1075 113 43 quia
1583 1075 213 43 spiritualis
1753 1075 184 43 potestas,
1895 1075 85 43 de
1938 1075 99 43 qua
1994 1075 184 43 loquimur,

1281 1117 211 46 constituit
1446 1117 165 46 hominem
1567 1117 90 46 in
1612 1117 180 46 officio,
1747 1117 75 46 &
1777 1117 135 46 gradu
1867 1117 241 46 determinato,
2048 1117 90 46 ideo

1276 1154 107 41 non
1337 1154 153 41 semper
1444 1154 92 41 in
1490 1154 168 41 talibus
1612 1154 153 41 simile
1719 1154 138 41 habet
1811 1154 183 41 efficere
1948 1154 122 41 suum
2009 1154 138 41 simile-

1276 1191 86 49 Ad
1319 1191 100 49 hoc
1376 1191 115 49 enim
1448 1191 100 49 non
1505 1191 172 49 sufficit
1634 1191 172 49 potestas
1764 1191 258 49 sufficientiae,
1979 1191 115 49 qua,
2036 1191 115 49 scili-

1271 1234 104 41 cet
1331 1234 193 41 potestate
1479 1234 149 41 potest
1584 1234 119 41 esse
1658 1234 89 41 in
1703 1234 119 41 tali
1777 1234 164 41 officio
1896 1234 74 41 :
1926 1234 208 41 verumetiam
2075 1234 74 41 re-

1275 1280 179 47 quiritur
1409 1280 134 47 poten
1499 1280 89 47 as
1543 1280 253 47 redundantiae,
1752 1280 104 47 qua
1811 1280 194 47 potestate
1960 1280 149 47 possit
2050 1280 89 47 alte

1282 1313 110 48 rum
1345 1313 126 48 sibi
1424 1313 157 48 simile
1534 1313 220 48 instituere
1707 1313 110 48 Cum
1770 1313 126 48 ergo
1848 1313 204 48 huiusmodi
1990 1313 157 48 potestas

1280 1351 262 49 redundantiae
1492 1351 115 49 non
1558 1351 115 49 sit
1623 1351 98 49 in
1672 1351 196 49 quolibet
1820 1351 229 49 sacerdote:
2000 1351 131 49 ideo
2065 1351 82 49 non

1275 1391 198 54 quilibet
1423 1391 198 54 sacerdos
1571 1391 165 54 potest
1686 1391 181 54 ordines
1818 1391 214 54 conserre.
1982 1391 99 54 Ad
2015 1391 132 54 formam

1280 1439 145 45 etiam
1376 1439 209 45 argumenti
1537 1439 209 45 dicendum,
1697 1439 128 45 quod
1778 1439 145 45 maior
1874 1439 112 45 non
1938 1439 112 45 est
2002 1439 145 45 vera,
2083 1439 64 45 in

1288 1477 182 49 uantum
1415 1477 127 49 per
1488 1477 200 49 minorem
1633 1477 309 49 propositionem
1888 1477 254 49 applicatur
2069 1477 73 49 ad

1294 1512 220 44 propositum:
1471 1512 117 44 quia
1544 1512 132 44 vigor
1632 1512 220 44 spiritualis
1808 1512 206 44 potestatis
1970 1512 103 44 non
2014 1512 132 44 consti-

1284 1549 121 43 tuit
1360 1549 121 43 sibi
1435 1549 166 43 simile,
1556 1549 121 43 nisi
1632 1549 136 43 insit
1723 1549 106 43 cum
1783 1549 151 43 quadam
1889 1549 242 43 redundantia,
2070 1549 76 43 qua

1289 1585 114 46 iter
1360 1585 100 46 non
1417 1585 185 46 inuenitur
1559 1585 171 46 potestas
1687 1585 228 46 spiritualis,
1872 1585 85 46 de
1914 1585 100 46 qua
1971 1585 85 46 ad
2000 1585 142 46 praesens

1284 1630 197 38 loquimur,
1435 1630 91 38 in
1481 1630 182 38 quolibet
1617 1630 106 38 suo
1678 1630 197 38 subiecto,
1829 1630 106 38 sed
1890 1630 136 38 solum
1980 1630 91 38 in
2011 1630 136 38 maiori-

1287 1666 104 54 bus
1346 1666 208 54 praelatis,
1510 1666 119 54 Vnde
1584 1666 89 54 si
1628 1666 178 54 quilibet
1762 1666 178 54 sacerdos
1895 1666 148 54 posset
1984 1666 163 54 ordinare,

1274 1708 109 56 seu
1337 1708 171 56 ordines
1461 1708 202 56 conferre,
1616 1708 124 56 tunc
1694 1708 124 56 ordo
1771 1708 109 56 non
1833 1708 140 56 esset
1927 1708 140 56 ordo,
2020 1708 124 56 quin
2082 1708 62 56 po

1290 1748 120 45 tius
1365 1748 150 45 fieret
1470 1748 165 45 horror,
1591 1748 75 45 &
1621 1748 180 45 confusio
1756 1748 75 45 :
1786 1748 165 45 Propter
1906 1748 120 45 quod
1982 1748 135 45 dixit
2057 1748 90 45 Apo-

1280 1787 157 65 stolus
1390 1787 94 65 ad
1438 1787 126 65 feb.
1516 1787 94 65 7.
1564 1787 126 65 Sine
1642 1787 126 65 vlla
1721 1787 299 65 contradictione,
1973 1787 126 65 quod
2036 1787 110 65 minus

1287 1822 116 47 est,
1360 1822 218 47 benedicitur
1535 1822 73 47 a
1549 1822 131 47 maiori.

1324 1861 100 60 Ad
1374 1861 83 60 a
1407 1861 133 60 nego
1490 1861 299 60 consequentiam.

1323 1887 98 69 Ad
1372 1887 246 69 probationem
1568 1887 164 69 primae
1683 1887 164 69 partis
1798 1887 213 69 dicendum,
1962 1887 131 69 quod
2027 1887 115 69 licet

1276 1935 209 62 aequaliter
1440 1935 90 62 se
1485 1935 149 62 habeat
1590 1935 194 62 presbyter
1739 1935 90 62 ad
1784 1935 239 62 prrsbvterum,
1978 1935 134 62 sicut
2052 1935 90 62 Epi-

1273 1986 162 58 scopus
1386 1986 97 58 ad
1435 1986 210 58 Episcopum
1597 1986 97 58 in
1645 1986 178 58 essendo
1775 1986 113 58 non
1839 1986 146 58 tamen
1937 1986 97 58 in
1969 1986 178 58 consecran

1276 2022 103 46 do,
1335 2022 88 46 vt
1379 2022 132 46 patet
1467 2022 88 46 ex
1511 2022 103 46 iam
1555 2022 117 46 dictis

1320 2054 107 66 Ad
1374 2054 213 66 secundam
1533 2054 266 66 probationem
1747 2054 231 66 dicendum,
1924 2054 142 66 quod
2013 2054 107 66 in
2048 2054 107 66 gra-

1284 2093 147 59 dibus
1381 2093 244 59 officiorum,
1577 2093 81 59 &
1609 2093 195 59 ordinum,
1756 2093 114 59 non
1821 2093 130 59 quod
1903 2093 147 59 libet
1984 2093 163 59 excedens

1288 2141 255 50 potestaiterum
1498 2141 210 50 instituere
1663 2141 90 50 in
1708 2141 120 50 tali
1784 2141 150 50 gradu,
1889 2141 120 50 quem
1964 2141 180 50 excedit.
2084 2141 60 50 Da

1283 2189 98 39 to
1332 2189 131 39 enim
1414 2189 131 39 quod
1496 2189 262 39 Campiductor,
1709 2189 115 39 seu
1775 2189 115 39 dux
1840 2189 230 39 Imperialis
2004 2189 148 39 exerci-

1278 2223 109 47 tus
1341 2223 172 47 excedat
1466 2223 203 47 dignitate
1622 2223 203 47 Portarium
1778 2223 218 47 Imperialis
1949 2223 203 47 cubiculi,
2090 2223 62 47 ta

1279 2269 119 48 men
1347 2269 119 48 non
1415 2269 204 48 interest
1569 2269 119 48 sua
1637 2269 239 48 instituere
1824 2269 153 48 talem
1926 2269 239 48 Portarium,
2097 2269 51 48 &

1290 2306 99 43 oc
1339 2306 115 43 pro
1405 2306 165 43 tanto,
1520 2306 132 43 quia
1603 2306 148 43 licet
1702 2306 132 43 ipse
1784 2306 115 43 Dux
1850 2306 165 43 habeat
1949 2306 198 43 potestatem

1280 2342 235 46 sufficientem
1471 2342 103 46 pro
1530 2342 205 46 executione
1691 2342 103 46 sui
1750 2342 161 46 proprij
1867 2342 176 46 officii,
1999 2342 132 46 tamen
2073 2342 73 46 non

1273 2380 113 57 hab
1337 2380 97 57 et
1386 2380 226 57 potestatem
1564 2380 258 57 redundantem,
1774 2380 113 57 qua
1838 2380 129 57 sibi
1919 2380 194 57 competat
2048 2380 97 57 Por-

1291 2423 132 62 arium
1380 2423 206 62 instituere
1541 2423 176 62 Regalis,
1674 2423 103 62 vel
1732 2423 206 62 lmperialis
1894 2423 191 62 cubiculi:
2041 2423 103 62 sic
2085 2423 59 62 in

1291 2455 219 56 proposito
1443 2455 67 56 &c

1326 2480 99 73 Ad
1375 2480 99 73 4.
1424 2480 214 73 dicendum,
1588 2480 131 73 quod
1671 2480 131 73 dato
1753 2480 131 73 quod
1835 2480 246 73 praesbvteri
2016 2480 131 73 Cardi-

1277 2542 144 51 nales
1373 2542 176 51 possint
1501 2542 192 51 conferre
1645 2542 208 51 quandoque
1804 2542 176 51 ordines
1932 2542 192 51 minores,
2060 2542 80 51 hoc

1282 2584 147 48 tamen
1380 2584 114 48 non
1445 2584 196 48 conuenit
1592 2584 114 48 eis
1657 2584 98 48 de
1706 2584 131 48 iure
1788 2584 196 48 communi,
1935 2584 147 48 sicut
2016 2584 131 48 Episco

1283 2617 121 54 pis,
1359 2617 106 54 sed
1419 2617 151 54 potius
1525 2617 91 54 de
1570 2617 151 54 gratia
1676 2617 197 54 speciali;
1827 2617 76 54 &
1858 2617 106 54 hoc
1918 2617 106 54 non
1979 2617 106 54 est
2024 2617 121 54 contra

1291 2653 233 52 praemissam
1457 2653 233 52 conclusionem

1328 2679 206 70 Conclusio
1486 2679 95 70 2.
1534 2679 126 70 est,
1613 2679 126 70 quod
1692 2679 174 70 simplex
1818 2679 221 70 praesbvter
1992 2679 111 70 non
2040 2679 126 70 potest

1278 2721 223 79 consecrare
1453 2721 207 79 Episcopu:
1612 2721 127 79 quia
1692 2721 127 79 nemo
1772 2721 159 79 potest
1883 2721 127 79 dare
1963 2721 127 79 quod
2027 2721 111 79 digno

1284 2772 137 68 scitur
1380 2772 96 68 non
1435 2772 151 68 habere,
1545 2772 82 68 vt
1586 2772 96 68 ait
1641 2772 110 68 Aug.
1710 2772 82 68 in
1751 2772 96 68 li,
1806 2772 82 68 de
1848 2772 137 68 libero
1944 2772 179 68 arbitrio:
2067 2772 69 68 Set

1280 2813 181 75 simplex
1411 2813 214 75 presbyter
1576 2813 115 75 non
1642 2813 148 75 habet
1741 2813 247 75 Episcopalem
1923 2813 214 75 dignitatem.

1288 2852 132 59 ergo
1371 2852 116 59 per
1437 2852 298 59 consecrationem
1685 2852 116 59 non
1751 2852 165 59 potest
1867 2852 116 59 eam
1917 2852 99 59 dare

1282 2890 85 69 2
1316 2890 239 69 Praeterea,
1504 2890 205 69 ordinans
1658 2890 222 69 Episcopum
1829 2890 120 69 non
1897 2890 171 69 potest
2016 2890 137 69 esse
2085 2890 51 69 m

1279 2922 141 65 noris
1373 2922 266 65 auctoritatis,
1593 2922 125 65 quam
1671 2922 188 65 ordinans
1812 2922 204 65 diaconum,
1969 2922 110 65 vel
2016 2922 125 65 subdia

1276 2977 159 49 conum:
1387 2977 111 49 sed
1451 2977 111 49 nec
1515 2977 95 49 de
1562 2977 127 49 iure
1642 2977 191 49 communi,
1785 2977 111 49 nec
1849 2977 95 49 de
1896 2977 159 49 gratia
1992 2977 159 49 speciali

1275 3010 154 55 potest
1383 3010 154 55 fieri,
1490 3010 123 55 quod
1568 3010 170 55 aliquis
1691 3010 185 55 conferat
1830 3010 170 55 ordinem
1938 3010 200 55 diaconatus;

1283 3063 108 49 vel
1344 3063 277 49 subdiaconatus,
1575 3063 123 49 nisi
1651 3063 123 49 ipse
1728 3063 108 49 sit
1790 3063 215 49 Episcopus,
1959 3063 92 49 vt
1989 3063 154 49 communi-

1273 3090 115 66 ter
1338 3090 164 66 dicunt
1453 3090 214 66 doctores,
1618 3090 132 66 ergo
1700 3090 115 66 non
1766 3090 197 66 existens
1914 3090 214 66 Episcopus
2062 3090 82 66 non

1282 3126 164 67 potest
1396 3126 230 67 consecrare
1560 3126 197 67 Episcopum.
