2382 3551
252 266 243 83 influentiam:
449 266 137 83 sicut
540 266 137 83 etiam
631 266 182 83 recessus
768 266 76 83 a
798 266 152 83 gratia
905 266 91 83 in
950 266 152 83 culpam
1041 266 76 83 non

260 323 108 56 est
321 323 108 56 per
383 323 154 56 motum,
490 323 108 56 sed
552 323 108 56 per
613 323 200 56 huiusmodi
767 323 200 56 simplicis
921 323 169 56 gratiae
1029 323 92 56 sub-

257 366 237 56 tractionem:
447 366 127 56 ideo
526 366 142 56 nihil
621 366 190 56 repugnat
763 366 127 56 vni,
842 366 127 56 quod
921 366 111 56 non
969 366 158 56 repugnat

261 403 163 56 ilteri.
380 403 104 56 Sed
439 403 104 56 nec
498 403 118 56 ista
572 403 192 56 palliatio
720 403 148 56 valet:
823 403 118 56 quia
897 403 89 56 in
942 403 104 56 hoc
986 403 133 56 videtur

251 444 185 53 differre
389 444 139 53 forma
482 444 216 53 permanens,
651 444 77 53 &
682 444 231 53 suceessiua:
867 444 123 53 quia
944 444 139 53 forma
1021 444 92 53 per-

256 483 159 57 manens
367 483 95 57 ad
415 483 143 57 minus
511 483 111 57 per
574 483 111 57 duo
638 483 207 57 instantia
797 483 223 57 aequaliter
972 483 95 57 se
1004 483 111 57 habet

255 521 117 62 puta
328 521 132 62 nunc,
416 521 132 62 sicut
504 521 146 62 prius,
606 521 117 62 quod
679 521 219 62 impossibile
855 521 102 62 est
913 521 117 62 dare
986 521 88 62 in
1016 521 102 62 forma

255 569 232 49 suceessiua.
440 569 108 49 Cum
502 569 155 49 igitur
610 569 155 49 gratia
718 569 108 49 sit
780 569 139 49 forma
873 569 216 49 permanens:
1027 569 93 49 ideo

249 599 93 55 de
295 599 108 55 sui
357 599 170 55 ratione
480 599 123 55 est,
557 599 123 55 quod
634 599 201 55 vbicunque
789 599 185 55 ponitur,
928 599 170 55 maiorem
1036 599 77 55 ha-

242 639 114 53 bet
307 639 244 53 durationem,
502 639 130 53 quam
584 639 114 53 per
649 639 130 53 vnum
730 639 147 53 solum
828 639 195 53 instams.
974 639 98 53 Et
1007 639 114 53 eodem

240 684 137 50 modo
326 684 137 50 dico
412 684 103 50 de
463 684 155 50 culpa
566 684 137 50 sibi
635 684 189 50 opposita.

262 730 70 48 2
290 730 197 48 Praeterea,
445 730 155 48 secudum
557 730 141 48 istos,
656 730 155 48 gratiae
768 730 155 48 infusio
881 730 98 48 fit
937 730 84 48 in
965 730 155 48 instanti;

252 757 103 60 aut
311 757 118 60 ergo
385 757 133 60 inter
473 757 177 60 instans,
606 757 103 60 quo
665 757 118 60 isti
738 757 147 60 dicunt
841 757 177 60 virginem
974 757 147 60 suisse
1062 757 59 60 in

249 797 132 70 culpa
337 797 205 70 originali,
499 797 73 70 &
528 797 176 70 instans,
660 797 103 70 quo
719 797 161 70 gratiae
836 797 205 70 infusionem
983 797 132 70 recepit

254 836 129 60 fuit
334 836 161 60 tempus
447 836 177 60 medium,
575 836 113 60 aut
640 836 129 60 non.
720 836 96 60 Si
768 836 145 60 primo
865 836 145 60 modo,
961 836 145 60 tunc,
1042 836 80 60 cum

258 874 138 59 etiam
350 874 184 59 secundum
488 874 108 59 eos
550 874 138 59 culpa
642 874 108 59 non
703 874 215 59 expellatur
872 874 123 59 nisi
949 874 108 59 per
995 874 123 59 gratis

241 920 235 55 infusionem,
429 920 156 55 igitur
538 920 141 55 virgo
632 920 188 55 gloriosa
773 920 172 55 fuisset
898 920 109 55 non
961 920 141 55 solum
1039 920 78 55 por

248 950 165 62 Instans
368 950 75 62 :
398 950 105 62 sed
458 950 105 62 per
518 950 135 62 totum
608 950 150 62 tempus
714 950 150 62 medium
819 950 90 62 in
864 950 135 62 culpa
939 950 180 62 originali-

247 992 94 56 Si
294 992 172 56 secundo
420 992 141 56 modo,
513 992 125 56 tunc
592 992 110 56 duo
654 992 204 56 instantia
811 992 204 56 immediate
952 992 172 56 consequen

248 1029 90 63 ter
299 1029 77 63 se
338 1029 167 63 haberent,
466 1029 103 63 quod
530 1029 90 63 est
582 1029 205 63 impossibile,
748 1029 77 63 vt
787 1029 115 63 patet
864 1029 77 63 e.
902 1029 103 63 lib.
953 1029 167 63 physicorum.

271 1070 157 59 ETper
375 1070 122 59 hoc
445 1070 157 59 patet
550 1070 192 59 solutio
690 1070 105 59 ad
742 1070 175 59 primum
864 1070 192 59 motiuum
987 1070 122 59 eorum

251 1105 121 71 quod
326 1105 181 71 recessus
462 1105 136 71 fabae
553 1105 91 71 ab
598 1105 121 71 vbi,
673 1105 121 71 quod
749 1105 211 71 acquisiuit
915 1105 91 71 in
960 1105 151 71 vltimo
1051 1105 60 71 su

260 1147 171 71 proprij
384 1147 140 71 motus
477 1147 186 71 termino,
616 1147 109 71 est
678 1147 109 71 per
740 1147 140 71 motum
833 1147 171 71 lapidis
942 1147 171 71 descendei

257 1182 126 70 tis,
336 1182 110 70 qui
399 1182 158 70 quidem
509 1182 142 70 motus
604 1182 110 70 non
667 1182 221 70 mensuratur
840 1182 205 70 instanti,
998 1182 110 70 sed
1045 1182 79 70 tem

259 1223 123 74 pore.
341 1223 96 74 Non
396 1223 96 74 est
451 1223 123 74 autem
533 1223 233 74 inconueniens:
725 1223 96 74 sed
780 1223 96 74 est
834 1223 219 74 necessarium,
1012 1223 110 74 quod
1067 1223 55 74 te

249 1271 108 65 pus
310 1271 185 65 sequatur
449 1271 200 65 immediate
602 1271 138 65 ipsum
695 1271 185 65 instans,
833 1271 169 65 quamuis
956 1271 108 65 sit
1002 1271 123 65 incon-

253 1315 168 52 ueniens,
379 1315 112 52 quod
449 1315 154 52 instans
561 1315 168 52 sequatur
687 1315 126 52 ipsum
770 1315 182 52 instanms,
910 1315 126 52 sicut
994 1315 126 52 esset
1064 1315 56 52 in

257 1344 217 80 proposito,
427 1344 93 80 eo
473 1344 124 80 quod
551 1344 170 80 infusio
675 1344 170 80 gratiae
799 1344 186 80 instanti
923 1344 201 80 mensuretur.

294 1383 104 59 Ad
346 1383 209 59 secundum
502 1383 226 59 dicendum,
676 1383 139 59 quod
763 1383 157 59 magis
868 1383 174 59 decuit
972 1383 139 59 filiun

253 1430 156 57 matrem
363 1430 235 57 praeseruare
551 1430 78 57 a
582 1430 188 57 peccato,
723 1430 125 57 quam
801 1430 125 57 post
879 1430 188 57 peccatum
1004 1430 110 57 libe-

259 1469 141 55 rare,
353 1469 78 55 &
385 1469 110 55 hoc
447 1469 141 55 etiam
541 1469 172 55 videtur
667 1469 125 55 esse
745 1469 266 55 conuenientius
964 1469 141 55 modo,
1043 1469 78 55 quo

252 1515 122 54 dixi
313 1515 167 54 superius.

286 1514 93 84 Ad
333 1514 171 84 tertium
457 1514 202 84 dicendum,
613 1514 124 84 quod
691 1514 218 84 antecedens
862 1514 109 84 non
924 1514 171 84 videtur
1033 1514 93 84 esse

260 1588 143 55 verum:
360 1588 114 55 quia
431 1588 86 55 si
474 1588 100 55 per
531 1588 129 55 solum
617 1588 157 55 instans
731 1588 129 55 esset
817 1588 157 55 gratia,
931 1588 114 55 tunc
1003 1588 100 55 non
1046 1588 71 55 ap-

258 1615 170 76 pateret,
385 1615 99 76 quo
442 1615 113 76 modo
513 1615 142 76 posset
612 1615 184 76 desinere:
753 1615 113 76 quia
824 1615 85 76 in
866 1615 113 76 illo
937 1615 170 76 instanti
1050 1615 71 76 non

255 1656 146 72 posset
358 1656 176 72 definere
490 1656 132 72 esse:
577 1656 117 72 quia
651 1656 88 72 in
695 1656 88 72 eo
738 1656 161 72 incepit
856 1656 132 72 esse;
943 1656 132 72 nihil
1017 1656 102 72 autem

248 1704 165 53 desinit
368 1704 90 53 in
413 1704 135 53 eadem
503 1704 210 53 inuisibili
668 1704 180 53 mensura,
803 1704 105 53 qua
863 1704 165 53 incipit
983 1704 135 53 esse,
1058 1704 75 53 nec

253 1734 89 63 in
298 1734 149 63 aliqua
402 1734 134 63 parte
491 1734 179 63 temporis
625 1734 209 63 sequentis:
789 1734 119 63 quia
864 1734 89 63 si
908 1734 134 63 solum
998 1734 104 63 per
1043 1734 74 63 in-

257 1776 139 61 stans
349 1776 139 61 habet
442 1776 139 61 esse,
535 1776 124 61 tunc
613 1776 124 61 toto
690 1776 170 61 tempore
814 1776 186 61 sequenti
954 1776 124 61 erit
1016 1776 108 61 purum

260 1810 149 70 nihil:
365 1810 105 70 sed
424 1810 119 70 quod
499 1810 105 70 est
559 1810 134 70 purum
648 1810 149 70 nihil,
753 1810 105 70 non
812 1810 149 70 desmit
917 1810 134 70 esse:
1007 1810 119 70 quia
1066 1810 60 70 om

250 1853 109 70 ne,
313 1853 125 70 quod
391 1853 172 70 desinit
516 1853 140 70 esse,
609 1853 187 70 oportet,
750 1853 125 70 quod
828 1853 156 70 aliquo
937 1853 125 70 modo
999 1853 125 70 habeat

261 1892 132 63 esse,
349 1892 73 63 a
378 1892 102 63 qud
437 1892 176 63 recedens
569 1892 161 63 desinit
686 1892 132 63 esse:
774 1892 117 63 ergo
847 1892 88 63 Si
891 1892 190 63 intempore
1023 1892 102 63 desi-

268 1944 101 48 nit
325 1944 130 48 esse,
412 1944 116 48 tunc
485 1944 101 48 non
543 1944 145 48 habuit
644 1944 116 48 esse
716 1944 130 48 solum
803 1944 101 48 per
847 1944 130 48 instans

297 1970 103 72 Ad
348 1970 256 72 probationem
553 1970 222 72 dicendum,
724 1970 137 72 quod
809 1970 188 72 quamuis
946 1970 137 72 Deus
1014 1970 103 72 libe

249 2012 86 58 re
292 2012 128 58 agat,
377 2012 71 58 &
406 2012 114 58 eius
477 2012 128 58 actio
562 2012 100 58 non
619 2012 100 58 sit
676 2012 214 58 suceessiua,
847 2012 128 58 tamen
933 2012 171 58 effectus
1047 2012 71 58 non

251 2051 177 74 patitur,
384 2051 118 74 quod
458 2051 148 74 aliqua
561 2051 162 74 natura,
679 2051 118 74 quae
753 2051 103 74 est
812 2051 103 74 res
871 2051 192 74 permanes,
1004 2051 118 74 produm

262 2089 151 61 catur,
367 2089 121 61 quae
443 2089 196 61 solummodo
594 2089 151 61 habeat
699 2089 121 61 esse
774 2089 106 61 per
835 2089 151 61 vnicum
940 2089 181 61 instans:
1061 2089 60 61 ta

253 2134 111 57 lis
317 2134 127 57 erim
396 2134 159 57 natura
507 2134 111 57 non
570 2134 143 57 esset
665 2134 190 57 actuens,
808 2134 111 57 sed
871 2134 143 57 solum
951 2134 174 57 potentia.

271 2164 130 63 Vnde
352 2164 260 63 Commentator.
563 2164 97 63 8.
612 2164 227 63 physicorum
790 2164 146 63 super
888 2164 130 63 illo
969 2164 146 63 uerbo
1050 2164 81 63 Ari

256 2212 112 58 sto
320 2212 144 58 inter
416 2212 128 58 duos
496 2212 144 58 motus
592 2212 224 58 contrarios
769 2212 176 58 oportet
897 2212 128 58 dare
977 2212 176 58 requiem

260 2246 174 68 mediam,
387 2246 126 68 ait.
466 2246 95 68 Si
513 2246 174 68 aliquid
639 2246 142 68 motum
734 2246 95 68 ad
781 2246 205 68 albedinem
939 2246 158 68 statim
1034 2246 79 68 mo-

258 2277 170 67 ueretur
381 2277 93 67 ad
427 2277 154 67 formam
535 2277 216 67 oppositam,
705 2277 93 67 in
751 2277 123 67 illo
828 2277 185 67 subiecto
967 2277 108 67 non
1013 2277 108 67 essei

267 2325 158 71 albedo,
382 2325 115 71 nisi
453 2325 86 71 in
497 2325 187 71 potentia.
640 2325 101 71 Sic
698 2325 86 71 in
741 2325 172 71 pposito,
870 2325 86 71 Si
913 2325 86 71 in
957 2325 129 71 beata
1028 2325 101 71 Virgi

255 2361 90 63 ne
300 2361 164 63 fuisset
419 2361 194 63 originale
569 2361 179 63 peccatum
703 2361 105 63 per
763 2361 135 63 solum
853 2361 179 63 instans,
987 2361 75 63 &
1002 2361 120 63 statim

254 2403 127 62 mota
333 2403 190 62 fuisset,
476 2403 111 62 seu
539 2403 159 62 mutata
650 2403 95 62 ad
698 2403 159 62 formam
809 2403 238 62 contrariam,
999 2403 127 62 puta
1063 2403 63 62 ad

261 2449 176 61 gratiam,
394 2449 118 61 ipsa
467 2449 162 61 numquam
584 2449 162 61 fuisset
702 2449 88 61 in
746 2449 118 61 tali
820 2449 162 61 peccato
937 2449 220 61 actualiter,

267 2480 103 63 sed
326 2480 132 63 solum
414 2480 264 63 potentialiter:
634 2480 117 63 quod
707 2480 103 63 nec
765 2480 117 63 ego,
839 2480 132 63 iuxta
927 2480 103 63 ea,
985 2480 117 63 quae
1044 2480 73 63 dix

255 2523 188 59 superius,
399 2523 116 59 nego
472 2523 159 59 habuit.
588 2523 87 59 n.
631 2523 130 59 beata
718 2523 130 59 virgo
805 2523 87 59 in
849 2523 101 59 sua
907 2523 159 59 origine
1008 2523 116 59 possi-

263 2559 185 61 bilitatem
405 2559 85 61 ad
448 2559 199 61 praedictam
604 2559 171 61 maculam,
732 2559 128 61 licet
817 2559 128 61 talis
903 2559 227 61 possibilitas
1073 2559 57 61 po

263 2599 149 63 tentia
368 2599 149 63 diuina
472 2599 209 63 praeuenta,
637 2599 149 63 nuquam
741 2599 90 63 ad
786 2599 135 63 actum
876 2599 149 63 fuerit
966 2599 149 63 reducta.

307 2637 204 65 DETICIVNT
465 2637 142 65 etiam
559 2637 142 65 istae
653 2637 126 65 duae
732 2637 204 65 opiniones
889 2637 173 65 vltimae
1015 2637 94 65 in
1046 2637 79 65 eo,

266 2679 129 74 quod
347 2679 274 74 praesupponunt
572 2679 194 74 virginem
718 2679 210 74 gloriosam
879 2679 129 74 esse
944 2679 177 74 conceptam

272 2715 92 62 in
318 2715 199 62 originali
471 2715 184 62 peccato:
609 2715 123 62 quia
686 2715 184 62 ecclesia
824 2715 107 62 Dei
885 2715 169 62 nullius
992 2715 123 62 homini

272 2758 175 58 celebrat
404 2758 161 58 festum,
521 2758 117 58 nisi
594 2758 131 58 prout
681 2758 146 58 credit
783 2758 117 58 sibi
856 2758 190 58 competere
988 2758 131 58 sancti-

269 2795 155 67 tatem,
377 2795 109 67 vel
439 2795 78 67 a
470 2795 171 67 peccato
594 2795 248 67 immunitatem:
796 2795 109 67 sed
858 2795 155 67 sancta
966 2795 109 67 Dei
1013 2795 109 67 eccle

269 2836 104 62 Sia
329 2836 149 62 festum
433 2836 238 62 conceptionis
626 2836 178 62 virginis
760 2836 193 62 gloriosae
908 2836 223 62 sollemniter
1072 2836 59 62 ce

263 2888 177 59 lebrat:
392 2888 129 59 ergo
456 2888 81 59 &c.

307 2907 109 73 SeD
370 2907 94 73 ad
417 2907 109 73 hoc
479 2907 219 73 respondent
651 2907 109 73 iam
713 2907 140 73 dicti
807 2907 187 73 doctores
932 2907 187 73 multiplici

269 2952 125 62 ter.
348 2952 156 62 Quidam
457 2952 125 62 enim
535 2952 156 62 dicit,
645 2952 125 62 quod
723 2952 141 62 illud
817 2952 172 62 festum,
942 2952 110 62 aut
1005 2952 110 62 non
1052 2952 78 62 be-

279 2990 90 62 ne
324 2990 120 62 sit,
399 2990 105 62 aut
459 2990 105 62 non
519 2990 120 62 banc
594 2990 210 62 nominatur:
759 2990 120 62 quia
834 2990 150 62 festum
939 2990 150 62 potest
1029 2990 90 62 fier

275 3035 90 60 de
320 3035 120 60 eius
395 3035 301 60 sanctificatione:
651 3035 105 60 sed
712 3035 120 60 quia
787 3035 105 60 non
847 3035 105 60 est
907 3035 151 60 omnino
998 3035 120 60 certum

273 3070 149 73 quando
377 3070 238 73 sanctificata
571 3070 164 73 fuerit,
690 3070 149 73 certum
794 3070 104 73 est
853 3070 134 73 autem
943 3070 149 73 quando
1032 3070 89 73 fuit

270 3114 198 64 concepta:
422 3114 137 64 ideo,
514 3114 168 64 ponendo
636 3114 153 64 certum
743 3114 107 64 pro
804 3114 183 64 incerto,
941 3114 168 64 vocatur
1048 3114 76 64 fe

1157 258 119 67 stum
1231 258 252 67 conceptionis,
1439 258 119 67 quod
1513 258 148 67 vocari
1617 258 163 67 deberet
1736 258 148 67 sestum
1825 258 193 67 sanctifica,

1148 315 166 50 tionis.
1268 315 105 50 Sed
1329 315 121 50 ista
1404 315 181 50 resposio
1540 315 136 50 primo
1630 315 181 50 deficit:
1766 315 121 50 quia
1841 315 166 50 natalem
1947 315 75 50 plu

1151 362 190 43 rimorum
1289 362 224 43 sanctorum
1462 362 207 43 colimus,
1617 362 104 43 de
1669 362 173 43 quibus
1790 362 155 43 tamen
1876 362 138 43 nullam

1151 395 175 48 habemus
1279 395 271 48 certitudinem,
1502 395 112 48 qua
1566 395 112 48 die
1629 395 96 48 ab
1677 395 112 48 hac
1741 395 128 48 vita
1805 395 207 48 migrauerint

1156 430 80 60 &
1188 430 161 60 sursum
1301 430 97 60 ad
1349 430 193 60 aeternam
1494 430 145 60 vitam
1590 430 129 60 nati
1655 430 209 60 ascenderint

1163 478 82 42 2
1195 478 181 42 Secundo
1327 478 197 42 deficit:
1475 478 132 42 quia
1557 478 181 42 angelus
1689 478 82 42 a
1722 478 115 42 Deo
1788 478 165 42 missus
1903 478 99 42 ad
1936 478 82 42 Ab-

1148 503 142 53 batem
1243 503 94 53 in
1290 503 173 53 marinis
1416 503 79 53 p
1447 503 189 53 ericulis
1589 503 220 53 laborantem
1762 503 94 53 ad
1794 503 220 53 denunciandum

1150 546 126 50 istud
1234 546 140 50 festum
1332 546 196 50 gloriosum,
1486 546 98 50 non
1542 546 182 50 nominauit
1681 546 126 50 ipsum
1765 546 140 50 festum
1849 546 168 50 sanctifica

1155 587 148 52 tionis:
1262 587 94 52 sed
1316 587 134 52 sestum
1410 587 229 52 conceptionis:
1598 587 108 52 Quod
1665 587 134 52 fecit,
1760 587 81 52 vt
1800 587 134 52 credo,
1881 587 134 52 insinuam

1154 637 96 40 do
1202 637 160 40 omnib.
1314 637 208 40 hominibus
1474 637 256 40 conceptionem
1682 637 192 40 virginis
1826 637 176 40 penitus
1938 637 80 40 im-

1149 656 199 64 maculatam
1302 656 169 64 fuisse,
1425 656 77 64 &
1456 656 184 64 expertem
1594 656 92 64 ab
1640 656 123 64 omni
1716 656 184 64 peccato.
1839 656 169 64 Expressit

1146 706 153 48 etiam
1248 706 187 48 angelus
1384 706 170 48 multum
1503 706 255 48 determinate
1707 706 170 48 tempus
1809 706 204 48 conceptio-

1153 741 110 53 nis,
1222 741 166 53 scilicet
1346 741 83 53 8.
1388 741 110 53 idus
1457 741 193 53 Decembris,
1609 741 83 53 ab
1650 741 110 53 illo
1719 741 110 53 enim
1788 741 97 53 die
1843 741 124 53 vsque
1926 741 83 53 ad
1954 741 55 53 e.

1155 778 117 49 idus
1228 778 219 49 Septembris,
1403 778 102 49 quo
1462 778 102 49 die
1520 778 204 49 natiuitate
1681 778 175 49 virginis
1812 778 190 49 gloriosae
1943 778 73 49 co-

1146 826 153 45 limus,
1253 826 123 45 sunt
1330 826 184 45 completi
1468 826 138 45 nouem
1560 826 169 45 menses.
1683 826 92 45 Ex
1729 826 107 45 quo
1790 826 184 45 apparet,
1913 826 92 45 quod

1148 860 106 52 non
1208 860 212 52 loquebatur
1375 860 167 52 angelus
1497 860 91 52 de
1542 860 106 52 dic
1603 860 318 52 sanctificationis:
1876 860 121 52 quia
1936 860 76 52 nec

1160 893 152 57 corpus,
1271 893 97 57 nec
1326 893 124 57 anima
1409 893 166 57 virginis
1533 893 111 57 illa
1602 893 97 57 dic
1658 893 166 57 fuerunt,
1782 893 111 57 nisi
1851 893 83 57 in
1892 893 97 57 sua
1934 893 69 57 di-

1146 939 249 58 spositiua,
1342 939 89 58 &
1377 939 213 58 seminali
1519 939 178 58 origine.

1187 947 125 78 Atit
1266 947 172 78 dicunt,
1391 947 125 78 quod
1469 947 156 78 Homana
1579 947 188 78 ecclesia
1719 947 110 78 non
1782 947 219 78 sollenixat
1938 947 63 78 il

1146 1024 104 41 lud
1205 1024 163 41 festum,
1324 1024 163 41 quamuis
1442 1024 192 41 permittat
1590 1024 192 41 ecclesias
1738 1024 163 41 aliquas
1857 1024 148 41 colere
1946 1024 59 41 i-

1152 1053 117 47 stud
1225 1053 161 47 festum.
1342 1053 88 47 Et
1386 1053 175 47 allegant
1518 1053 102 47 pro
1576 1053 88 47 se
1620 1053 146 47 glosam
1722 1053 205 47 decretorum
1883 1053 88 47 de
1912 1053 88 47 com-

1151 1091 126 51 secra.
1239 1091 113 51 dist.
1315 1091 75 51 3.
1353 1091 75 51 c.
1390 1091 75 51 1.
1428 1091 214 51 Pronuiciandum
1604 1091 101 51 est.
1667 1091 88 51 ibi
1717 1091 113 51 dicit
1792 1091 101 51 glo,
1855 1091 75 51 vt
1893 1091 101 51 isti
1943 1091 63 51 di-

1152 1132 146 54 cunt,
1249 1132 130 54 quod
1330 1132 162 54 festum
1443 1132 259 54 conceptionis
1654 1132 113 54 non
1719 1132 113 54 est
1767 1132 227 54 celebrandum.

1154 1181 109 42 SeD
1217 1181 109 42 nec
1279 1181 125 42 ista
1357 1181 171 42 solutio
1482 1181 156 42 valet.
1591 1181 125 42 Quia
1669 1181 140 42 etiam
1762 1181 156 42 festum
1856 1181 140 42 natiui-

1158 1214 134 48 tatis
1247 1214 178 48 virginis
1381 1214 193 48 gloriosae
1530 1214 193 48 quandoque
1678 1214 74 48 a
1708 1214 149 48 Romana
1812 1214 178 48 ecclesia
1931 1214 74 48 non

1155 1248 207 52 colebatur:
1318 1248 118 52 quae
1391 1248 133 52 tamen
1480 1248 177 52 ecclesia
1613 1248 148 52 diuina
1716 1248 221 52 reuelatione
1878 1248 118 52 perci-

1163 1283 141 57 iens,
1257 1283 141 57 huius
1351 1283 125 57 modi
1430 1283 235 57 natiuitatem
1617 1283 125 57 esse
1696 1283 204 57 colendam,
1837 1283 172 57 sollemni-

1157 1324 104 57 ter
1217 1324 134 57 ipsam
1306 1324 163 57 coluit.
1424 1324 104 57 Sic
1484 1324 134 57 eodem
1573 1324 119 57 modo
1647 1324 119 57 dico
1721 1324 89 57 de
1766 1324 134 57 festo
1840 1324 178 57 conceptio.

1162 1365 109 53 nis:
1230 1365 109 53 Vnde
1298 1365 122 53 dato,
1380 1365 109 53 quod
1447 1365 109 53 illa
1515 1365 136 53 verba,
1610 1365 109 53 sint
1678 1365 81 53 in
1719 1365 122 53 glosa
1800 1365 190 53 praedicta,
1936 1365 68 53 ho-

1152 1399 108 58 die
1213 1399 139 58 tamen
1306 1399 93 58 de
1352 1399 139 58 facto
1445 1399 154 58 essent
1553 1399 201 58 abrogata:
1708 1399 124 58 quia
1785 1399 154 58 sancta
1877 1399 124 58 Homana

1156 1456 173 40 ecelesia
1285 1456 144 40 festum
1386 1456 231 40 conceptionis
1574 1456 144 40 ipsius
1675 1456 173 40 virginis
1805 1456 188 40 gloriosae
1935 1456 72 40 so-

1153 1496 130 52 let
1227 1496 278 52 sollemniter
1430 1496 222 52 celebrare.

1249 1568 655 60 ARTICVLVS
1702 1568 151 60 I

1142 1605 168 64 Vtrum
1254 1605 168 64 beata
1367 1605 168 64 virgo
1479 1605 280 64 contraxerit
1703 1605 206 64 aliquod
1834 1605 187 64 peccatum

1336 1661 179 64 actuale
1466 1661 97 64 in
1514 1661 114 64 sua
1563 1661 260 64 conuersatione.

1225 1748 174 60 VANTVM
1347 1748 105 60 ad
1399 1748 209 60 secundum
1556 1748 227 60 articulum
1730 1748 139 60 dico
1817 1748 227 60 breuiter,

1261 1808 130 53 quod
1342 1808 194 53 gloriosa
1488 1808 146 53 virgo
1585 1808 162 53 nuquam
1698 1808 243 53 contraxerit
1876 1808 130 53 pecca-

1155 1833 103 54 tum
1214 1833 176 54 actuale.
1346 1833 117 54 Quia
1419 1833 88 54 si
1463 1833 147 54 illud,
1566 1833 117 54 quod
1639 1833 132 54 magis
1727 1833 176 54 videtur,
1859 1833 103 54 non
1918 1833 117 54 est,

1148 1876 105 51 nec
1208 1876 135 51 illud
1298 1876 120 51 quod
1373 1876 150 51 minus:
1478 1876 105 51 sed
1538 1876 135 51 magis
1627 1876 180 51 videtur,
1762 1876 225 51 contraxisse
1927 1876 75 51 pec

1150 1910 133 55 catum
1239 1910 207 55 originale,
1402 1910 74 55 &
1432 1910 104 55 non
1491 1910 207 55 contraxit,
1654 1910 89 55 vt
1698 1910 133 55 patet
1787 1910 89 55 ex
1817 1910 192 55 praedictis:

1153 1958 123 59 ergo
1229 1958 107 59 nec
1291 1958 153 59 habuit
1398 1958 168 59 aliquod
1505 1958 153 59 actuale-

1221 1989 200 56 Praeterea,
1378 1989 128 56 dicit
1463 1989 157 56 August.
1577 1989 86 56 in
1620 1989 128 56 libro
1706 1989 86 56 de
1748 1989 157 56 natura,
1862 1989 71 56 &
1877 1989 128 56 gratia.

1154 2025 107 67 Hac
1215 2025 122 67 ergo
1291 2025 168 67 virgine
1413 2025 183 67 excepra,
1550 2025 91 67 si
1595 2025 137 67 omnes
1687 2025 168 67 sancti,
1809 2025 76 67 &
1839 2025 168 67 sanctae
1946 2025 91 67 Deit

1149 2075 209 52 congregari
1313 2075 179 52 possent,
1447 2075 75 52 &
1477 2075 224 52 quaereretur
1656 2075 89 52 ab
1701 2075 119 52 eis,
1775 2075 89 52 an
1820 2075 179 52 peccatum
1939 2075 60 52 h-

1161 2110 159 50 perent.
1276 2110 116 50 quid
1348 2110 246 50 responderent,
1551 2110 130 50 nisi,
1638 2110 116 50 quod
1710 2110 159 50 loannes
1826 2110 116 50 ait:
1898 2110 87 50 Si
1927 2110 72 50 di-

1152 2146 187 70 xerimus,
1293 2146 94 70 um
1339 2146 187 70 peccatum
1480 2146 109 70 non
1542 2146 187 70 habemus,
1682 2146 109 70 nos
1745 2146 140 70 ipsos
1823 2146 171 70 seducimus

1202 2220 159 68 A
1266 2220 159 68 R
1329 2220 318 68 ICVLVS
1552 2220 255 68 Iit.
1711 2220 159 68 &
1743 2220 191 68 hlj-

1213 2271 104 80 De
1265 2271 156 80 prima
1369 2271 87 80 &
1403 2271 191 80 secunda
1542 2271 347 80 sanctificatione:
1837 2271 139 80 quam

1309 2332 177 66 recepit
1437 2332 96 66 in
1486 2332 177 66 christi
1598 2332 225 66 conceptione.

1234 2429 181 46 VANTVM
1361 2429 109 46 ad
1415 2429 217 46 tertium,
1578 2429 90 46 &
1614 2429 199 46 quartum
1759 2429 235 46 articulum
1922 2429 90 46 di-

1264 2467 115 55 cunt
1336 2467 173 55 doctores
1465 2467 130 55 satis
1551 2467 144 55 multi,
1652 2467 115 55 quod
1724 2467 259 55 sanctificatio,
1926 2467 86 55 quam

1153 2508 129 53 virgo
1238 2508 157 53 recepit
1353 2508 86 53 in
1396 2508 129 53 vtero
1481 2508 157 53 matris,
1596 2508 129 53 fecit
1681 2508 86 53 ad
1724 2508 157 53 fomitis
1824 2508 186 53 ligationem,

1153 2556 102 46 sed
1212 2556 247 46 sanctificatio
1415 2556 189 46 abundans,
1561 2556 116 46 quam
1634 2556 160 46 recepit
1750 2556 87 46 in
1794 2556 102 46 sui
1852 2556 131 46 filij
1925 2556 87 46 con-

1155 2588 191 51 ceptione,
1302 2588 132 51 fecit
1391 2588 88 51 ad
1435 2588 162 51 fomitis
1553 2588 103 51 iam
1612 2588 147 51 ligati
1715 2588 162 51 totalem
1818 2588 191 51 extirpatio-

1155 2615 117 62 nem.
1229 2615 132 62 Sicut
1317 2615 73 62 n
1346 2615 117 62 auis
1419 2615 147 62 habens
1522 2615 117 62 alas
1595 2615 176 62 ligatas,
1727 2615 147 62 volare
1830 2615 103 62 non
1874 2615 132 62 potesti

1157 2664 214 52 inhabilior
1325 2664 137 52 tamen
1416 2664 199 52 efficitur
1569 2664 92 52 ad
1615 2664 199 52 volandum,
1768 2664 92 52 si
1813 2664 122 52 alae
1875 2664 137 52 fuerint

1155 2705 117 58 sibi
1229 2705 206 58 amputatae,
1390 2705 103 58 sic
1434 2705 59 58 &c

1186 2738 97 56 Sed
1242 2738 153 56 quamuis
1353 2738 125 56 istud
1436 2738 97 56 sit
1492 2738 208 56 benedictum,
1658 2738 250 56 praesupposito,
1866 2738 111 56 quod
1922 2738 97 56 virgo

1158 2780 198 65 originali
1310 2780 137 65 culpa
1401 2780 152 65 fuerit
1507 2780 198 65 maculata:
1659 2780 122 65 quia
1735 2780 137 65 fomes
1827 2780 106 65 est
1872 2780 137 65 quaedam

1159 2824 195 51 inordinata
1312 2824 251 51 concupiscentia
1521 2824 181 51 appetitus
1661 2824 195 51 sensitiui,
1814 2824 98 51 seu
1870 2824 167 51 rebellio

1161 2861 150 49 virium
1266 2861 210 49 inferiorum
1431 2861 90 49 ad
1476 2861 210 49 superiores
1641 2861 90 49 ex
1686 2861 195 49 originali
1836 2861 165 49 peccato
1941 2861 75 49 pro

1161 2907 169 50 cedens:
1283 2907 138 50 saluo
1376 2907 138 50 tamen
1468 2907 154 50 semper
1575 2907 169 50 meliori
1698 2907 184 50 iudicio,
1836 2907 107 50 non
1882 2907 123 50 udetur

1150 2944 136 45 mihi,
1241 2944 121 45 quod
1317 2944 197 45 huiusmodi
1468 2944 136 45 fomes
1559 2944 152 45 fuerit
1665 2944 91 45 in
1711 2944 136 45 beata
1802 2944 182 45 virgine:
1923 2944 91 45 quia

1154 2976 106 54 non
1215 2976 152 54 posita
1321 2976 137 54 causa
1412 2976 106 54 non
1473 2976 167 54 ponitur
1594 2976 197 54 effectus,
1746 2976 106 54 nec
1807 2976 106 54 est
1852 2976 167 54 ponendus:

1153 3023 119 44 sed
1221 3023 119 44 ego
1289 3023 119 44 non
1358 3023 136 44 pono
1443 3023 205 44 virginem
1597 3023 171 44 vmquam
1716 3023 171 44 fuisse
1818 3023 188 44 maculatam

1159 3054 113 53 per
1224 3054 146 53 ipsam
1321 3054 226 53 originalem
1498 3054 178 53 culpam:
1628 3054 129 53 ergo
1692 3054 65 53 &c

1202 3093 142 72 DICO
1291 3093 195 72 igitur,
1433 3093 142 72 quod
1521 3093 248 72 praedictae
1699 3093 319 72 sanctificationes
