2117 3522
440 266 112 60 est
504 266 208 60 superius,
664 266 208 60 intelligi
823 266 144 60 debet
919 266 192 60 secundum
1063 266 144 60 legem
1142 266 160 60 commune:

448 329 113 42 hic
512 329 129 42 vero
593 329 193 42 secundum
738 329 242 42 priuilegium
931 329 226 42 singulare.
1109 329 129 42 Quod
1173 329 113 42 auten

441 370 101 44 Des
498 370 130 44 illud
585 370 159 44 possit,
700 370 173 44 quilibet
830 370 159 44 fidelis
946 370 159 44 tenetur
1061 370 159 44 credere
1162 370 130 44 propter

441 400 156 48 animam
551 400 188 48 Christi,
691 400 125 48 quae
770 400 172 48 quamdiu
895 400 125 48 fuit
973 400 94 48 in
1020 400 109 48 hoc
1082 400 156 48 mundo,
1176 400 125 48 infor-

436 439 132 56 mabat
525 439 147 56 corpus
627 439 206 56 passibile,
789 439 74 56 &
819 439 250 56 corruptibile,
1024 439 74 56 &
1054 439 132 56 tamen
1142 439 118 56 fuit
1201 439 88 56 bea-

435 477 82 50 ta
476 477 163 50 visione,
599 477 68 50 &
626 477 177 50 fruitione
762 477 150 50 diuinae
858 477 163 50 essentiae.

472 511 102 48 Ad
523 511 204 48 secundum
676 511 221 48 respondet
846 511 187 48 ipsemet
983 511 170 48 Deatus
1085 511 204 48 Augustinus

438 559 89 45 in
483 559 194 45 praedicta
632 559 179 45 epistola
766 559 89 45 ad
810 559 268 45 Fortunatianum,
1034 559 104 45 vbi
1093 559 104 45 sic
1153 559 119 45 ait,
1213 559 74 45 De-

435 597 122 46 inde
511 597 152 46 potest
617 597 167 46 quaeri,
739 597 167 46 quomodo
860 597 106 46 iam
921 597 122 46 ipsa
997 597 106 46 Dei
1058 597 213 46 substantia
1210 597 76 46 ui-

434 639 115 47 deri
506 639 173 47 potuerit
635 639 72 47 a
664 639 187 47 quibusdam
808 639 86 47 in
851 639 101 47 hac
909 639 115 47 vita
981 639 173 47 positis,
1110 639 158 47 propter
1211 639 72 47 il-

432 679 122 46 lud,
508 679 122 46 quod
585 679 153 46 dictum
692 679 107 46 est
753 679 92 46 ad
799 679 168 46 Movsen,
921 679 122 46 Nemo
997 679 153 46 potest
1105 679 153 46 faciem
1196 679 92 46 meam

443 719 172 41 videre,
569 719 78 41 &
600 719 172 41 viuere:
726 719 125 41 nisi
804 719 125 41 quia
882 719 157 41 potest
992 719 157 41 humana
1102 719 125 41 mens
1180 719 141 41 diui¬

435 757 139 46 nitus
527 757 123 46 rapi
604 757 92 46 ex
650 757 108 46 hac
712 757 123 46 vita
789 757 92 46 ad
835 757 200 46 angelicam
989 757 154 46 vitam,
1097 757 185 46 antequam
1220 757 62 46 po

440 799 171 40 mortem
560 799 205 40 communem
714 799 86 40 a
748 799 154 40 carne
850 799 222 40 soluatur.
1021 799 120 40 Sic
1090 799 137 40 enim
1158 799 137 40 raptus

445 829 110 48 est,
514 829 96 48 qui
569 829 151 48 audiuit
679 829 124 48 illic
761 829 206 48 ineffabilia
926 829 137 48 verba,
1022 829 110 48 quae
1091 829 96 48 non
1146 829 124 48 licet
1214 829 69 48 hom

447 865 87 55 ni
491 865 146 55 loqui,
593 865 102 55 vbi
652 865 190 55 vsqueadeo
797 865 131 55 facta
885 865 102 55 est
943 865 87 55 ab
987 865 131 55 huius
1074 865 131 55 vitae
1147 865 146 55 sensibus

441 909 162 45 quaedam
559 909 221 45 intentionis
736 909 177 45 auersio,
869 909 88 45 vt
913 909 118 45 siue
986 909 88 45 in
1031 909 177 45 corpore,
1163 909 118 45 siue
1222 909 59 45 ex

443 946 94 48 tra
496 946 148 48 fuerit,
604 946 148 48 diceret
712 946 81 48 se
752 946 161 48 nescire,
873 946 94 48 ita
927 946 81 48 vt
967 946 67 48 &
994 946 121 48 illud
1075 946 121 48 verum
1155 946 108 48 sit,
1209 946 81 48 quod

433 986 174 49 dictum
555 986 122 49 est
624 986 87 49 a
659 986 192 49 domino.
798 986 139 49 Nemo
885 986 174 49 potest
1007 986 174 49 faciem
1129 986 139 49 meam
1199 986 87 49 vi-

433 1024 133 48 dere,
522 1024 74 48 &
551 1024 162 48 viuere:
669 1024 118 48 quia
742 1024 162 48 necesse
860 1024 103 48 est
919 1024 177 48 abstrahi
1052 1024 88 48 ad
1096 1024 103 48 hac
1155 1024 118 48 iita
1214 1024 88 48 men-

440 1062 118 46 tem,
514 1062 148 46 quando
618 1062 89 46 in
662 1062 148 46 illius
766 1062 177 46 visionis
899 1062 281 46 ineffabilitatem
1121 1062 177 46 assumitur.

441 1104 103 52 Est
500 1104 117 52 ergo
573 1104 176 52 intentio
705 1104 161 52 August.
823 1104 117 52 quod
896 1104 88 52 ad
940 1104 191 52 ueritatem
1087 1104 147 52 istius
1175 1104 117 52 uerbi,

440 1153 111 39 quo
504 1153 143 39 dixit
599 1153 191 39 dominus.
742 1153 111 39 Non
805 1153 175 39 videbit
933 1153 95 39 me
980 1153 143 39 homo,
1076 1153 79 39 &
1107 1153 159 39 uiuet:
1203 1153 79 39 non

431 1185 110 46 est
494 1185 189 46 necesse,
636 1185 126 46 quod
715 1185 126 46 homo
794 1185 237 46 simpliciter
983 1185 205 46 moriatur,
1141 1185 110 46 ita
1188 1185 95 46 quod

435 1224 132 44 anima
523 1224 103 44 sua
582 1224 161 44 corpori
699 1224 103 44 non
758 1224 103 44 det
817 1224 147 44 vitam:
919 1224 103 44 sed
978 1224 191 44 sufficit,
1125 1224 117 44 quod
1183 1224 103 44 tali-

440 1271 108 39 ter
501 1271 201 39 moriatur,
656 1271 124 39 quod
733 1271 170 39 nesciat
857 1271 93 39 se
903 1271 155 39 viuere
1012 1271 93 39 in
1058 1271 108 39 hoc
1120 1271 139 39 mundo
1197 1271 93 39 pro-

440 1299 129 50 pter
521 1299 226 50 vehementem
699 1299 194 50 extasim,
844 1299 113 50 qua
909 1299 178 50 penitus
1038 1299 113 50 fit
1103 1299 210 50 alienatus
1248 1299 49 50 a

441 1336 202 56 sensibus,
597 1336 93 56 &a
643 1336 124 56 vita
721 1336 202 56 sensibili
876 1336 171 56 quantum
1000 1336 93 56 ad
1047 1336 217 56 sensibiles
1202 1336 78 56 ope

425 1379 166 47 rationes.

486 1404 148 63 Forte
584 1404 148 63 adhuc
682 1404 197 63 dicetur.
830 1404 164 63 lilud,
945 1404 131 63 quod
1027 1404 213 63 Apostolus
1174 1404 115 63 dicit

434 1463 147 42 nulli
532 1463 164 42 homini
646 1463 147 42 posse
745 1463 229 42 conuenire,
925 1463 115 42 hoc
990 1463 131 42 ipsi
1072 1463 196 42 Apostolo
1203 1463 82 42 non

436 1492 193 47 videtur
576 1492 140 47 esse
663 1492 245 47 concessum.
856 1492 123 47 Sed
926 1492 228 47 Apostolus
1101 1492 193 47 loquens
1223 1492 70 47 de

430 1530 134 51 Deo,
514 1530 134 51 ait.
598 1530 117 51 Qui
665 1530 151 51 lucem
766 1530 218 51 inhabitat
934 1530 319 51 inaccessibilem,
1185 1530 101 51 quem

439 1568 163 51 nullus
553 1568 179 51 hominum
683 1568 163 51 vidit:
797 1568 114 51 sed
862 1568 147 51 neque
960 1568 163 51 uidere
1074 1568 179 51 potest:
1188 1568 98 51 ergo

418 1613 158 49 &cetera

478 1642 230 51 Respondeo,
659 1642 132 51 quod
741 1642 99 51 ut
790 1642 230 51 communiter
971 1642 198 51 dicitur,
1119 1642 148 51 illud
1202 1642 82 51 di-

434 1691 127 42 ctum
514 1691 191 42 Apostoli
657 1691 111 42 est
720 1691 270 42 intelligendum
943 1691 95 42 de
991 1691 175 42 uisione
1102 1691 175 42 comprehet

430 1730 120 50 siua
505 1730 165 50 penitus
625 1730 195 50 adaequata
776 1730 241 50 visibilitati
971 1730 150 50 ipsius
1077 1730 120 50 Dei:
1152 1730 105 50 Sic
1197 1730 90 50 enim

440 1774 138 42 solus
532 1774 230 42 intellectus
716 1774 169 42 diuinus
839 1774 138 42 uidet
931 1774 138 42 ipsum
1023 1774 123 42 Deum
1100 1774 107 42 Per
1161 1774 107 42 hoc
1207 1774 77 42 ta-

428 1809 104 49 men
488 1809 104 49 non
547 1809 179 49 habetur,
682 1809 119 49 quin
756 1809 134 49 clara
846 1809 134 49 uisio
935 1809 164 49 diuinae
1054 1809 194 49 essentiae
1189 1809 89 49 pos-

424 1845 116 49 sit
491 1845 265 49 communicari,
706 1845 83 49 &
739 1845 166 49 beatis
855 1845 99 49 in
905 1845 166 49 patria
1021 1845 199 49 secundum
1170 1845 149 49 legem

434 1889 213 49 communem,
597 1889 82 49 &
630 1889 147 49 etiam
728 1889 262 49 existentibus
941 1889 98 49 in
990 1889 115 49 uia
1056 1889 98 49 de
1089 1889 196 49 priuilegio

435 1924 237 42 singulari;
621 1924 135 42 Quae
705 1924 169 42 uisio,
824 1924 186 42 quamuis
959 1924 118 42 non
1027 1924 118 42 sit
1077 1924 203 42 comprehen-

434 1963 143 44 siua,
529 1963 111 44 est
593 1963 143 44 tamen
688 1963 269 44 apprehensiua.
910 1963 158 44 Potest
1021 1963 143 44 etiam
1116 1963 143 44 dici,
1195 1963 95 44 quod

425 1999 162 44 dictum
538 1999 194 44 Apostoli
684 1999 275 44 intelligendum
911 1999 113 44 est
975 1999 97 44 de
1024 1999 178 44 visione
1137 1999 146 44 hominis

441 2039 207 51 naturali,
600 2039 127 51 quae
679 2039 191 51 conuenit
822 2039 175 51 homini,
949 2039 95 51 ut
997 2039 127 51 homo
1077 2039 127 51 est.
1156 2039 111 51 Per
1204 2039 79 51 hoc

433 2080 138 42 tamen
525 2080 107 42 non
586 2080 184 42 habetur,
724 2080 92 42 si
770 2080 169 42 aliquis
893 2080 123 42 homo
970 2080 107 42 per
1031 2080 169 42 gratiam
1139 2080 138 42 effici-

426 2117 109 41 tur
488 2117 155 41 melior
596 2117 155 41 homine
705 2117 264 41 transcendendo
922 2117 171 41 limites
1046 2117 124 41 suae
1108 2117 171 41 naturalis

434 2166 262 42 coriditionis,
649 2166 123 42 quin
726 2166 139 42 talis
818 2166 123 42 homo
895 2166 139 42 etiam
988 2166 92 42 in
1034 2166 108 42 uia
1095 2166 154 42 prius,
1188 2166 92 42 quam

431 2198 205 49 moriatur,
589 2198 158 49 possit
699 2198 158 49 videre
810 2198 126 49 nude
889 2198 174 49 diuinam
1015 2198 205 49 essentiam
1157 2198 126 49 uisio-

435 2247 91 33 ne
480 2247 274 33 supernaturali.
708 2247 91 33 Et
754 2247 122 33 ista
830 2247 167 33 secunda
952 2247 198 33 responsio
1104 2247 182 33 procedit
1225 2247 61 33 ex

431 2275 200 41 intentione
588 2275 128 41 Deati
673 2275 185 41 Augustini
816 2275 86 41 1.
858 2275 128 41 libr,
944 2275 86 41 de
987 2275 157 41 trinit.
1101 2275 100 41 ubi
1143 2275 143 41 tractans

428 2316 210 51 praedicta
590 2316 146 51 uerba
687 2316 210 51 Apostoli,
848 2316 113 51 sic
913 2316 129 51 ait.
994 2316 162 51 Videri
1107 2316 146 51 autem
1188 2316 97 51 dei-

434 2358 111 47 tas
498 2358 159 47 humano
609 2358 127 47 uisu
689 2358 143 47 nullo
784 2358 127 47 modo
864 2358 159 47 potest
975 2358 80 47 :
1007 2358 111 47 sed
1070 2358 95 47 eo
1102 2358 175 47 uisuuide-

426 2396 122 50 tur,
502 2396 107 50 quo
563 2396 107 50 iam
624 2396 107 50 qui
685 2396 198 50 uiderunt,
838 2396 107 50 non
899 2396 183 50 homines,
1036 2396 107 50 sed
1097 2396 137 50 uitra
1173 2396 107 50 homi-

424 2432 116 45 nes
473 2432 99 45 sunt

439 2469 90 42 18
484 2469 211 42 Praeterea,
649 2469 195 42 praedicta
800 2469 165 42 veritas
920 2469 135 42 etiam
1010 2469 150 42 potest
1116 2469 165 42 probari
1221 2469 60 42 au

430 2509 221 42 ctoritate
600 2509 153 42 Deati
702 2509 221 42 Oregorii.
873 2509 119 42 Nam
941 2509 170 42 Deatus
1060 2509 221 42 Oregorius
1213 2509 68 42 de

433 2547 247 41 beatitudine,
633 2547 123 41 quam
710 2547 169 41 pronunc
833 2547 154 41 habent
941 2547 154 41 animae
1049 2547 169 41 sanctae
1172 2547 77 41 a
1188 2547 92 41 suis

420 2595 216 42 corporibus
590 2595 216 42 separatae,
760 2595 93 42 in
806 2595 155 42 quadam
914 2595 155 42 Homel.
1023 2595 124 42 quae
1100 2595 170 42 legitur
1208 2595 62 42 di

423 2630 106 41 uno
483 2630 182 41 martvre,
620 2630 106 41 sic
680 2630 121 41 ait.
756 2630 121 41 Quae
831 2630 136 41 autem
922 2630 151 41 lingua
1028 2630 166 41 dicere,
1149 2630 106 41 aut
1194 2630 76 41 qui

431 2666 195 39 intellectus
587 2666 130 39 capere
678 2666 169 39 sufficit,
808 2666 104 39 illa
874 2666 156 39 supernae
991 2666 169 39 ciuitatis
1121 2666 130 39 quanta
1199 2666 78 39 sint

426 2705 166 50 gaudia,
547 2705 196 50 Angelorum
698 2705 151 50 choris
803 2705 211 50 interesse,
969 2705 106 50 cum
1029 2705 226 50 beatisiimis
1195 2705 91 50 spi-

418 2751 163 41 ritibus
537 2751 163 41 gloriae
655 2751 208 41 conditoris
818 2751 208 41 assistere,
982 2751 208 41 praesentem
1145 2751 104 41 Dei
1189 2751 89 41 uul-

418 2781 116 43 tum
485 2781 198 43 cernere,
633 2781 330 43 incircumscriptum
914 2781 149 43 lumen
1013 2781 165 43 uidere
1128 2781 116 43 &c.
1178 2781 99 43 Item

430 2824 89 40 2.
475 2824 133 40 libus
563 2824 133 40 mora.
652 2824 148 40 8rego.
756 2824 222 40 pertractans
933 2824 133 40 illud
1022 2824 148 40 uerbum
1125 2824 118 40 lob,
1184 2824 89 40 quod

426 2860 163 50 habetur
545 2860 119 50 lob.
619 2860 104 50 14.
678 2860 119 50 Quis
752 2860 119 50 mihi
826 2860 178 50 tribuat,
960 2860 89 50 ut
1004 2860 89 50 in
1049 2860 163 50 inferno
1152 2860 119 50 prote-

430 2897 108 48 gas
491 2897 108 48 me,
553 2897 77 48 &
584 2897 201 48 abscondas
738 2897 108 48 me,
800 2897 139 48 donec
893 2897 232 48 pertranseat
1078 2897 139 48 furor
1155 2897 108 48 tuus.

425 2937 75 49 &
455 2937 210 49 constituas
620 2937 120 49 mihi
695 2937 165 49 tempus,
815 2937 90 49 in
859 2937 105 49 quo
919 2937 210 49 recorderis
1084 2937 165 49 mei:sic
1189 2937 75 49 ait

422 2976 126 49 lste
501 2976 142 49 furor
596 2976 174 49 quantum
722 2976 95 49 ad
769 2976 205 49 electorum
927 2976 158 49 animas
1037 2976 95 49 in
1069 2976 205 49 redemptori;

421 3016 142 47 nostri
520 3016 156 47 aduentu
634 3016 213 47 pertransit:
804 3016 113 47 quia
875 3016 99 47 eas
932 3016 85 47 ab
974 3016 156 47 inferni
1088 3016 184 47 claustris
1215 3016 57 47 ac

425 3059 191 57 paradisi
569 3059 159 57 gaudia
680 3059 191 57 mediator
824 3059 128 57 Dei,
903 3059 80 57 &
935 3059 191 57 hominum,
1079 3059 112 57 dum
1142 3059 128 57 ipse
1206 3059 64 57 il

1319 263 97 69 lue
1374 263 97 69 pie
1430 263 221 69 descenderat,
1609 263 166 69 reduxit.
1733 263 110 69 Item
1802 263 179 69 Cregorius
1940 263 124 69 super
2009 263 69 69 Cus

1316 324 103 49 tica
1381 324 155 49 tractans
1497 324 129 49 illud.
1587 324 129 49 Flores
1678 324 194 49 apparuerunt
1833 324 77 49 in
1871 324 116 49 terra
1949 324 129 49 mstra,
2026 324 52 49 si

1324 359 141 51 fiores
1423 359 198 51 apparuisse
1578 359 170 51 dicuntur
1706 359 71 51 :
1734 359 113 51 quia
1804 359 155 51 sanctae
1918 359 141 51 animae
2002 359 71 51 cum

1317 403 210 53 corporibus
1482 403 195 53 recedunt,
1632 403 90 53 in
1677 403 135 53 coelo
1767 403 240 53 recipiuntur.
1962 403 90 53 Et
1992 403 90 53 quan

1325 438 100 54 hac
1382 438 128 54 vita,
1467 438 157 54 quamuis
1581 438 128 54 hyems
1666 438 142 54 esset,
1766 438 71 54 a
1794 438 114 54 bono
1866 438 128 54 opere
1937 438 142 54 nontomu-

1319 482 127 39 runt:
1404 482 113 39 ideo
1475 482 113 39 mox,
1545 482 85 39 vt
1588 482 113 39 hinc
1659 482 227 39 recesserunt,
1843 482 85 39 in
1871 482 184 39 terrauiuenu

1327 519 176 49 gloriose
1459 519 220 49 fioruerunt.
1635 519 103 49 Sed
1694 519 161 49 quamuis
1812 519 132 49 anima
1900 519 147 49 possit
1988 519 73 49 gat

1323 564 91 47 se
1368 564 168 47 florere
1490 564 107 47 cum
1551 564 213 47 enigmatica
1719 564 107 47 Dei
1780 564 183 47 visione,
1902 564 152 47 tamengio

1318 594 165 61 fioritio
1442 594 96 61 non
1497 594 138 61 potest
1593 594 110 61 esse
1662 594 110 61 sine
1731 594 124 61 clara
1813 594 110 61 Dei:
1882 594 165 61 visione:
1992 594 69 61 egi

1304 638 124 40 cetera

1335 669 88 54 1S
1379 669 206 54 Praeterea,
1541 669 118 54 idem
1615 669 132 54 patet
1703 669 221 54 auctoritate
1880 669 177 54 Hierony.
1997 669 59 54 qi

1328 711 150 47 sermone
1437 711 82 47 de
1478 711 163 47 gloriosa
1600 711 163 47 Virgine,
1723 711 95 47 sic
1777 711 109 47 ait.
1845 711 204 47 Perseuerate
1995 711 54 47 in

1314 751 175 50 tionibus
1446 751 204 50 vnanimiter
1606 751 190 50 uiuentes,
1752 751 175 50 quousque
1884 751 161 50 intrare
1986 751 73 50 pos

1331 795 131 44 gaudia
1422 795 157 44 aeternae
1540 795 131 44 vitae,
1632 795 92 44 quo
1684 795 118 44 beata
1762 795 118 44 uirgo
1841 795 118 44 hodie
1906 795 144 44 introiumm

1327 830 223 52 ternantibus
1506 830 208 52 hymnidicis
1669 830 193 52 Angelorum
1818 830 149 52 choris
1922 830 134 52 infra
1997 830 60 52 po

1324 870 165 43 aeternae
1448 870 220 43 uiriditatis,
1626 870 96 43 ubi
1681 870 96 43 una
1736 870 192 43 dulcissima
1887 870 165 43 societas
1997 870 55 43 om

1321 904 207 47 supernorum
1484 904 177 47 ciuiumi,
1617 904 103 47 vbi
1676 904 207 47 sollenitas
1838 904 207 47 Angelorum,
1986 904 74 47 ibi

1325 943 157 61 labores,
1443 943 65 61 &
1469 943 157 61 aerumnas
1587 943 118 61 huius
1665 943 144 61 saeculi
1770 943 118 61 felix
1848 943 105 61 est,
1914 943 65 61 &
1940 943 131 61 suauis
2019 943 65 61 rmo

1311 983 148 50 ctio
1385 983 204 50 animarum.

1338 1021 91 53 2:
1383 1021 211 53 Praeterea,
1549 1021 121 53 idem
1625 1021 136 53 patet
1716 1021 227 53 auctoritate
1897 1021 136 53 Ambro
1972 1021 91 53 inse

1322 1064 93 54 ne,
1375 1064 93 54 qui
1428 1064 146 54 legitur
1534 1064 80 54 in
1574 1064 159 54 ecclesia
1693 1064 80 54 de
1733 1064 186 54 confessore
1879 1064 173 54 episcopo,
1999 1064 66 54 ubi

1312 1099 156 56 Digne
1416 1099 104 56 in
1468 1099 208 56 memoriam
1624 1099 208 56 vertitur
1780 1099 208 56 hominum,
1919 1099 139 56 quiadg

1315 1142 178 54 transijt
1449 1142 208 54 Angelorum,
1612 1142 104 54 qui
1672 1142 104 54 iam
1731 1142 163 54 gratiam
1850 1142 163 54 Christi
1954 1142 134 54 danfiom

1316 1182 179 45 inuenit,
1450 1182 104 45 qui
1510 1182 149 45 niundi
1614 1182 164 45 gloriam
1733 1182 104 45 non
1777 1182 179 45 quaesiuit.

1338 1223 79 47 21
1377 1223 185 47 Praeterea,
1523 1223 106 47 ista
1589 1223 145 47 veritas
1695 1223 106 47 etam
1761 1223 119 47 patet
1840 1223 79 47 in
1880 1223 172 47 oratione,
1999 1223 53 47 se

1323 1259 133 39 lecta,
1416 1259 107 39 quae
1483 1259 147 39 legitur
1589 1259 80 39 in
1629 1259 133 39 sancta
1723 1259 93 39 Dei
1776 1259 160 39 ecclesia
1896 1259 80 39 de
1936 1259 133 39 beatis
2016 1259 40 39 A

1318 1299 100 45 lis
1375 1299 156 45 Simone,
1488 1299 71 45 &
1517 1299 114 45 luda
1588 1299 85 45 in
1631 1299 100 45 qua
1687 1299 185 45 oratione,
1830 1299 100 45 seu
1872 1299 185 45 collectamen

1315 1336 194 47 militantis
1468 1336 181 47 ecclesiae
1607 1336 194 47 supplicant
1759 1336 111 47 ipsi
1829 1336 97 47 Deo
1884 1336 181 47 dicentia.
2009 1336 42 47 P

1317 1377 109 44 bis
1380 1377 140 44 corum
1473 1377 171 44 gloriam
1597 1377 249 44 sempiternam,
1799 1377 78 44 &
1815 1377 233 44 proficiendote

1320 1414 104 50 re,
1379 1414 74 50 &
1409 1414 207 50 celebrando
1572 1414 207 50 proficere.
1734 1414 89 50 Ex
1779 1414 104 50 quo
1838 1414 148 50 patet,
1942 1414 118 50 quod
2001 1414 59 50 ed

1320 1454 191 48 supponit
1463 1454 159 48 animas
1574 1454 175 48 istorum
1701 1454 207 48 sanctorum
1844 1454 207 48 Apostolorum

1308 1494 106 41 rum
1368 1494 166 41 corpora
1489 1494 136 41 adhuc
1580 1494 227 41 requiescunt
1761 1494 91 41 in
1806 1494 151 41 terra,
1912 1494 106 41 iam
1957 1494 91 41 habe

1317 1532 125 44 riam
1396 1532 251 44 sempiternam:
1599 1532 125 44 quae
1678 1532 125 44 sine
1756 1532 141 44 clara
1850 1532 110 44 Dei
1897 1532 157 44 uisienel

1312 1572 108 40 non
1373 1572 170 40 potest.
1497 1572 93 40 Et
1544 1572 124 40 idem
1621 1572 155 40 potest
1729 1572 139 40 argui
1822 1572 93 40 ex
1868 1572 201 40 collecta,
2008 1572 46 40 d

1312 1610 127 52 Deato
1396 1610 169 52 Cregorio
1523 1610 155 52 legitur
1635 1610 84 52 in
1677 1610 183 52 ecclesia,
1818 1610 84 52 in
1860 1610 98 52 qua
1916 1610 155 52 dicitus
2015 1610 42 52 I

1310 1650 100 42 qui
1367 1650 143 42 animae
1467 1650 143 42 famuli
1566 1650 100 42 tui
1623 1650 171 42 Qregorij
1752 1650 171 42 aeternae
1866 1650 185 42 beatitudini

1313 1692 126 48 inia
1392 1692 237 48 contulisti:
1582 1692 205 48 Huiusmodi
1739 1692 142 48 autem
1834 1692 158 48 premia
1929 1692 126 48 essent

1303 1729 219 47 includunt
1471 1729 219 47 perfectam
1640 1729 118 47 Dei
1707 1729 252 47 fruitionem,
1909 1729 84 47 &
1925 1729 135 47 claram

1311 1766 198 48 visionem,
1463 1766 91 48 ut
1509 1766 137 48 patet
1600 1766 91 48 ex
1646 1766 152 48 dictis
1752 1766 91 48 in
1798 1766 168 48 secundo
1905 1766 152 48 artitulo

1302 1805 197 55 quaestionis,

1321 1817 90 76 22
1366 1817 209 76 Praeterea,
1530 1817 179 76 secundum
1665 1817 120 76 quod
1739 1817 164 76 statuit
1859 1817 179 76 ecclesia
1978 1817 75 76 unm

1312 1890 87 47 in
1355 1890 173 47 qualibet
1485 1890 144 47 missa,
1586 1890 115 47 quae
1658 1890 159 47 legitur
1773 1890 101 47 pro
1831 1890 173 47 animabus
1947 1890 115 47 defuns

1319 1923 165 46 dicitur,
1443 1923 96 46 Tux
1498 1923 165 46 aeterna,
1621 1923 137 46 luceat
1718 1923 96 46 eis
1773 1923 151 46 domine,
1882 1923 96 46 cum
1924 1923 137 46 sanctis;

1309 1962 176 49 aeternum:
1445 1962 108 49 quia
1513 1962 108 49 pius
1580 1962 95 49 es:
1635 1962 95 49 Sed
1689 1962 108 49 ista
1757 1962 95 49 lux
1811 1962 149 49 eterna,
1919 1962 95 49 uel
1960 1962 81 49 esti

1306 2000 86 46 ra
1349 2000 100 46 Dei
1406 2000 143 46 visio,
1506 2000 100 46 vel
1563 2000 143 46 saltem
1663 2000 100 46 est
1720 2000 186 46 perfecta,
1862 2000 71 46 &
1877 2000 171 46 immediata,

1316 2041 101 55 tio
1373 2041 87 55 ad
1417 2041 187 55 huiusmodi
1561 2041 187 55 visionem,
1705 2041 130 55 sicut
1791 2041 101 55 est
1849 2041 130 55 lumen
1921 2041 130 55 gloriae

1352 2078 86 46 Si
1395 2078 157 46 dixerit
1509 2078 229 46 aduersarius,
1695 2078 114 46 quod
1767 2078 157 46 quamuis
1881 2078 114 46 modo
1938 2078 129 46 oremusl

1317 2118 102 41 lux
1376 2118 131 41 detur
1463 2118 131 41 ipsis
1551 2118 204 41 defunctis,
1712 2118 131 41 istud
1799 2118 131 41 tamen
1887 2118 146 41 lumena
1974 2118 88 41 prim

1302 2168 118 36 tur
1370 2168 135 36 post
1454 2168 219 36 mortuorum
1606 2168 287 36 resurrectionem,

1351 2195 101 47 Hoc
1408 2195 101 47 non
1466 2195 145 47 ualet,
1568 2195 116 47 quia
1640 2195 174 47 secundum
1770 2195 130 47 istam
1843 2195 217 47 responsionem,

1313 2234 169 56 ecclesiae
1443 2234 117 56 esset
1522 2234 169 56 inutilis,
1652 2234 65 56 &
1678 2234 130 56 absque
1769 2234 104 56 omni
1834 2234 143 56 fructu.
1939 2234 91 56 Sed
1978 2234 91 56 istul

1312 2278 170 49 sequens
1435 2278 108 49 est
1497 2278 247 49 periculosum,
1697 2278 77 49 &
1728 2278 185 49 absurdum
1867 2278 139 49 Probo
1944 2278 123 49 consel

1313 2317 119 41 tiam:
1392 2317 106 41 quia
1459 2317 106 41 illa
1525 2317 133 41 oratio
1618 2317 93 41 est
1671 2317 172 41 inutilis,
1804 2317 66 41 &
1830 2317 212 41 infructuosa,
1989 2317 80 41 quad

1304 2358 116 45 quam
1377 2358 131 45 facta
1464 2358 131 45 aeque
1551 2358 116 45 bene
1624 2358 189 45 contingit
1769 2358 145 45 illud,
1870 2358 102 45 pro
1928 2358 131 45 cuius
2001 2358 58 45 di

1306 2396 134 56 tione
1395 2396 104 56 fit
1455 2396 194 56 huiusmodi
1604 2396 149 56 oratio
1708 2396 104 56 Sed
1768 2396 134 56 dato,
1857 2396 119 56 quod
1917 2396 134 56 numquam

1314 2434 147 47 oratio
1417 2434 147 47 fieret
1520 2434 88 47 in
1564 2434 176 47 ecclesia
1695 2434 191 47 militante
1842 2434 103 47 pro
1886 2434 132 47 quacumo

1300 2472 77 53 a
1330 2472 169 53 corpore
1453 2472 200 53 separata,
1607 2472 138 53 tamen
1699 2472 123 53 post
1776 2472 200 53 mortuorum
1915 2472 138 53 resurrs

1299 2512 139 43 omnes
1391 2512 154 43 electi
1499 2512 185 43 haberent
1637 2512 139 43 lucem
1730 2512 185 43 aeternae
1853 2512 185 43 beatitudin

1301 2554 109 50 cat
1364 2554 156 50 holica
1473 2554 125 50 fide
1551 2554 187 50 tenemus:
1692 2554 125 50 ergo
1754 2554 47 50 &

1317 2589 91 56 23
1362 2589 213 56 Praeterea,
1529 2589 122 56 ista
1605 2589 167 56 verita:
1727 2589 137 56 etiam
1818 2589 137 56 patet
1909 2589 91 56 ex
1940 2589 106 56 detem

1303 2630 95 55 ne,
1358 2630 95 55 seu
1412 2630 218 55 diffinitione
1589 2630 163 55 ecclesie
1712 2630 82 55 in
1753 2630 136 55 multis
1848 2630 123 55 locis
1930 2630 123 55 iuris
1998 2630 41 55 e

1302 2666 103 42 Nam
1361 2666 133 42 extra
1450 2666 89 42 de
1494 2666 192 42 baptismo,
1642 2666 74 42 &
1671 2666 118 42 eius
1745 2666 177 42 effectu,
1878 2666 103 42 es,
1922 2666 133 42 maionei

1304 2705 120 48 ctio
1379 2705 135 48 inter
1469 2705 210 48 efficaciam
1634 2705 285 48 circumcisionis,
1874 2705 75 48 &
1889 2705 150 48 bantimis

1302 2746 193 52 minatione
1451 2746 193 52 ecclesiae
1600 2746 208 52 ostenditur
1763 2746 104 52 per
1823 2746 119 52 haec
1897 2746 149 52 uerba,
1986 2746 45 52 Q

1303 2786 73 54 &
1333 2786 88 54 si
1377 2786 205 54 originalis
1538 2786 132 54 culpa
1626 2786 234 54 remittebatur
1816 2786 103 54 per
1860 2786 176 54 circumcifu

1306 2821 183 56 sterium,
1443 2821 76 56 &
1473 2821 228 56 damnationis
1656 2821 198 56 periculum
1808 2821 213 56 uitabatur,
1960 2821 91 56 noni

1303 2859 282 60 perueniebatur
1536 2859 100 60 ad
1586 2859 166 60 regnum
1702 2859 216 60 coelorum,
1852 2859 199 60 quoulaucad

1307 2898 108 57 tem
1368 2898 170 57 Christi
1492 2898 123 57 fuit
1569 2898 170 57 omnibus
1692 2898 93 57 ob
1738 2898 185 57 seratum:
1877 2898 108 57 Sed
1924 2898 123 57 persam

1295 2944 110 45 tum
1358 2944 189 45 baptismi
1500 2944 173 45 Christi
1625 2944 189 45 sanguine
1767 2944 204 45 rubricati
1908 2944 142 45 cuparem

1303 2980 178 50 uitatur
1433 2980 227 50 periculum,
1611 2980 81 50 &
1643 2980 97 50 ad
1692 2980 162 50 regnum
1806 2980 146 50 etiam
1887 2980 162 50 peruemtm

1302 3015 152 44 ianuan
1408 3015 167 44 Christi
1529 3015 167 44 sanguis
1651 3015 197 44 fidelibus
1802 3015 121 44 suis
1878 3015 197 44 milericor
2015 3015 45 44 e

1299 3060 161 63 rauit.
1412 3060 129 63 Item
1493 3060 145 63 extra
1590 3060 97 63 de
1638 3060 226 63 Presbytero
1816 3060 161 63 nondum
1929 3060 129 63 bant
1993 3060 81 63 amd
