2413 3553
235 287 279 52 Auetoritatem
461 287 209 52 adductam
618 287 105 52 de
671 287 157 52 libro
775 287 209 52 Prosperi
915 287 192 52 dicendum,

237 335 122 41 quod
313 335 137 41 licet
404 335 107 41 per
465 335 122 41 illa
541 335 137 41 verba
633 335 122 41 bene
709 335 198 41 babeatur,
861 335 122 41 quod
922 335 183 41 suppositum

241 376 184 39 humanum,
379 376 123 39 tunc
455 376 77 39 a
486 376 138 39 primo
578 376 184 39 incipiat
716 376 123 39 esse
792 376 138 39 ciuis
884 376 199 39 coelestis
1022 376 77 39 pa-

238 413 157 49 triae,
348 413 157 49 quando
458 413 142 49 anima
553 413 204 49 resumpsit
710 413 173 49 corpus,
836 413 126 49 quod
914 413 94 49 in
962 413 142 49 morte
1040 413 63 49 di

233 452 177 52 miserat
362 452 113 52 eo,
426 452 129 52 quod
507 452 177 52 humanum
636 452 226 52 suppositum
814 452 113 52 sit
862 452 242 52 essentialiter

229 496 231 36 compositum
410 496 99 36 ex
460 496 165 36 anima,
575 496 83 36 &
608 496 198 36 corpore,
757 496 149 36 tamen
856 496 99 36 ex
905 496 116 36 hoc
971 496 116 36 non
1021 496 83 36 ha-

247 535 145 43 petur,
349 535 116 43 quin
422 535 116 43 ipsa
494 535 131 43 anima
581 535 131 43 prius
668 535 116 43 sine
741 535 160 43 corpore
857 535 145 43 fuerit
959 535 131 43 ciuis
1031 535 73 43 il-

241 568 122 45 lius
317 568 183 45 supernae
454 568 183 45 patriae,
592 568 76 45 &
622 568 183 45 praemium
760 568 198 45 receperit
897 568 214 45 beatitudinis

215 610 228 54 sempiternae.

289 645 92 55 Ad
335 645 154 55 dictum
443 645 123 55 Aug.
520 645 154 55 potest
627 645 139 55 dici,
720 645 123 55 quod
797 645 123 55 isti
874 645 108 55 non
936 645 123 55 bene
997 645 108 55 alle-

232 675 132 63 gant
315 675 248 63 Augustinum,
514 675 132 63 quia
596 675 232 63 Augustinus
778 675 116 63 non
844 675 149 63 dicit
944 675 165 63 animas
1043 675 66 63 de

225 735 216 42 functorum
392 735 216 42 pertinere
558 735 100 42 ad
608 735 216 42 ecclesiam
774 735 249 42 militantem,
973 735 116 42 sed
1023 735 83 42 di-

233 770 121 47 cit
302 770 155 47 omnes
405 770 172 47 animas
526 770 190 47 istorum
664 770 224 47 pertinere
836 770 103 47 ad
888 770 172 47 regnum
991 770 121 47 Chri-

236 810 118 47 sti,
310 810 104 47 seu
369 810 89 47 ad
414 810 178 47 ciuitate
547 810 118 47 Dei,
621 810 133 47 sicut
710 810 133 47 omnes
798 810 163 47 iniusti
917 810 192 47 pertinent
1050 810 59 47 ad

240 847 200 47 tiuitatem
394 847 185 47 diaboli.
532 847 139 47 lllam
625 847 139 47 autem
717 847 200 47 ciuitatem
871 847 108 47 Dei
933 847 169 47 diuidit
1040 847 62 47 in

243 890 123 41 duas
320 890 170 41 partes,
443 890 185 41 scilicet
582 890 93 41 in
628 890 201 41 ecclesiam
783 890 262 41 triumphantem,
999 890 93 41 in
1030 890 77 41 qua

236 931 130 45 sunt
317 931 163 45 animae
431 931 212 45 beatorum,
594 931 81 45 &
627 931 212 45 ecclesiam
790 931 244 45 militantem,
985 931 98 45 in
1018 931 81 45 qua

243 973 133 46 adhuc
332 973 177 46 laborant
465 973 148 46 animae
568 973 162 46 iustae,
686 973 118 46 quae
760 973 89 46 in
805 973 162 46 mortali
923 973 162 46 corpore
1026 973 74 46 pro

229 1007 129 49 nunc
310 1007 81 49 a
342 1007 161 49 domino
455 1007 290 49 peregrinantur.
697 1007 97 49 Si
745 1007 145 49 tamen
842 1007 97 49 in
890 1007 161 49 aliquo
987 1007 113 49 libro

226 1053 179 46 August.
356 1053 212 46 inuenitur
519 1053 179 46 dixisse
649 1053 163 46 animas
763 1053 244 46 defunctorum
942 1053 163 46 pertine-

235 1086 97 49 re
283 1086 97 49 ad
332 1086 210 49 ecclesiam
493 1086 242 49 militantem,
687 1086 113 49 hoc
752 1086 113 49 non
816 1086 113 49 est
865 1086 242 49 intelligendum

230 1136 171 47 quantum
355 1136 93 47 ad
402 1136 140 47 earum
495 1136 249 47 substantiam:
697 1136 140 47 quia,
791 1136 93 47 vt
837 1136 125 47 sic,
915 1136 109 47 non
962 1136 140 47 subsunt

233 1166 159 46 iudicio
348 1166 188 46 ecclesiae
478 1166 188 46 militantis.

278 1205 113 50 Nam
342 1205 129 50 Papa
423 1205 113 50 non
488 1205 162 50 potest
601 1205 145 50 tales
698 1205 162 50 animas
811 1205 178 50 citare,
940 1205 81 50 &
973 1205 113 50 non
1021 1205 97 50 com-

235 1244 203 53 parentes
387 1244 118 53 pro
455 1244 236 53 contumacia
640 1244 304 53 excommunicare.
894 1244 118 53 Sed
944 1244 169 53 intelli-

243 1287 149 49 gendum
347 1287 89 49 es
392 1287 164 49 quantum
511 1287 89 49 ad
556 1287 104 49 ea,
615 1287 119 49 quae
689 1287 193 49 fecerunt,
838 1287 74 49 &
868 1287 193 49 dixerunt,
1002 1287 104 49 quam-

239 1320 98 49 do
288 1320 147 49 adhuc
386 1320 197 49 vixerunt
534 1320 98 49 in
583 1320 115 49 hoc
648 1320 147 49 mundo
747 1320 131 49 Quia
828 1320 147 49 licet
927 1320 164 49 sancti
1025 1320 82 49 de-

233 1362 174 52 functi
354 1362 191 52 quantum
493 1362 104 52 ad
545 1362 156 52 eorum
649 1362 278 52 substantiam,
875 1362 87 52 &
910 1362 191 52 quantum
1032 1362 69 52 ac

236 1404 93 50 ea
282 1404 123 50 quae
359 1404 108 50 pro
421 1404 123 50 nunc
498 1404 170 50 dicunt,
621 1404 77 50 &
652 1404 185 50 faciunt,
791 1404 247 50 transcendant
977 1404 123 50 eccle-

231 1442 123 52 siae
308 1442 216 52 militantis
477 1442 200 52 iudicium,
631 1442 139 52 tamen
723 1442 169 52 quantum
846 1442 92 52 ad
893 1442 108 52 ea,
954 1442 123 52 quae
1016 1442 92 52 dixe

235 1487 140 45 runt,
329 1487 78 45 &
360 1487 187 45 fecerunt
501 1487 94 45 in
547 1487 109 45 hoc
610 1487 172 45 saeculo
735 1487 140 45 prius
828 1487 125 45 quam
906 1487 234 45 morerentur,

238 1522 96 50 sub
293 1522 110 50 sunt
362 1522 110 50 tali
431 1522 165 50 iudicio.

224 1566 128 44 Quia
304 1566 160 44 nullus
416 1566 176 44 sanctus
544 1566 256 44 canonixatur,
751 1566 128 44 nisi
831 1566 128 44 eius
911 1566 144 44 facta
991 1566 112 44 appro

235 1599 164 44 bentur
350 1599 99 44 ab
399 1599 214 44 ecclesia.
563 1599 148 44 Etiam
662 1599 148 44 dicta
761 1599 197 44 sactorum
892 1599 214 44 defunctorum

240 1639 163 58 possunt
359 1639 193 58 examinari
507 1639 89 58 ab
552 1639 193 58 ecclesia,
700 1639 74 58 &
729 1639 178 58 corrigi,
863 1639 89 58 si
907 1639 163 58 aliquid
1011 1639 104 58 corti

247 1681 157 51 gendum
357 1681 94 51 in
404 1681 141 51 ipsis
483 1681 172 51 inuenitur

295 1717 101 47 Ad
346 1717 186 47 decimum
481 1717 220 47 dicendum,
650 1717 135 47 quod
734 1717 186 47 quamuis
869 1717 101 47 in
920 1717 135 47 fine
988 1717 118 47 iudi-

248 1759 108 46 cij
309 1759 138 46 iusti
401 1759 154 46 vadant
509 1759 92 46 in
555 1759 138 46 vitam
647 1759 184 46 aeternam
785 1759 108 46 cum
847 1759 184 46 corpore,
985 1759 77 46 &
1000 1759 108 46 anima

230 1800 145 47 tamen
327 1800 97 47 ex
375 1800 113 47 hoc
439 1800 113 47 non
504 1800 209 47 sequitur,
665 1800 129 47 quod
745 1800 161 47 animae
858 1800 145 47 eorum
955 1800 145 47 prius
1035 1800 81 47 non

237 1841 173 44 fuerint
363 1841 94 44 in
410 1841 126 44 vita
489 1841 189 44 aeterna.
630 1841 157 44 Quauis
740 1841 126 44 enim
819 1841 142 44 nihil
913 1841 189 44 moueatur
1039 1841 63 44 ac

241 1878 207 48 terminum,
400 1878 96 48 in
448 1878 111 48 quo
512 1878 111 48 est
576 1878 96 48 eo
623 1878 143 48 modo,
719 1878 111 48 quo
783 1878 111 48 est
846 1878 96 48 in
894 1878 111 48 eo,
958 1878 143 48 tamen
1037 1878 80 48 exi

241 1918 146 43 stens
338 1918 97 43 in
387 1918 162 43 aliquo
500 1918 178 43 termino
629 1918 162 43 potest
743 1918 162 43 moueri
856 1918 97 43 ad
905 1918 113 43 eum
969 1918 130 43 alio
1034 1918 81 43 mo-

238 1961 113 46 do,
302 1961 129 46 quam
383 1961 145 46 prius
479 1961 161 46 fuerit
592 1961 96 46 in
640 1961 113 46 eo.
704 1961 113 46 vel
768 1961 209 46 dicendum,
929 1961 129 46 quod
1009 1961 145 46 sicut

240 1995 224 52 subiectum
412 1995 173 52 habens
533 1995 190 52 aliquam
671 1995 173 52 formam
792 1995 207 52 secundum
948 1995 138 52 vnum
1017 1995 86 52 gra

244 2034 137 50 dum,
329 2034 171 50 potest
449 2034 171 50 moueri
568 2034 102 50 ad
620 2034 171 50 eandem
739 2034 171 50 formam
859 2034 205 50 secundum
995 2034 120 50 alium

251 2076 163 53 gradum,
370 2076 118 53 quod
443 2076 118 53 enim
517 2076 104 53 est
577 2076 133 53 album
665 2076 148 53 potest
769 2076 133 53 fieri
858 2076 163 53 albius,
976 2076 104 53 sic
1020 2076 89 53 ani-

253 2124 95 46 ma
301 2124 191 46 separata
444 2124 191 46 existens
587 2124 95 46 in
635 2124 127 46 vita
714 2124 175 46 aeterna
842 2124 191 46 secundum
969 2124 143 46 aliquos

251 2151 155 55 gradus
360 2151 124 55 suae
438 2151 264 55 beatitudinis,
655 2151 171 55 mouetur
779 2151 109 55 cum
841 2151 109 55 suo
903 2151 171 55 corpore
1027 2151 93 55 ad
1058 2151 62 55 vi

249 2197 121 58 tam
318 2197 207 58 aeternam
473 2197 207 58 secundum
628 2197 241 58 vltimatum,
818 2197 86 58 &
852 2197 190 58 penitus
973 2197 138 58 consum

246 2232 149 54 matum
346 2232 165 54 gradum
462 2232 132 54 suae
528 2232 248 54 beatitudinis.

298 2274 97 47 Ad
346 2274 211 47 undecimum
508 2274 146 47 patet
606 2274 113 47 per
670 2274 113 47 iam
735 2274 162 47 dicta,
849 2274 130 47 quia
930 2274 97 47 in
962 2274 146 47 iudicio

233 2312 261 54 pretribuetur
445 2312 163 54 iustis
559 2312 196 54 secundum
707 2312 196 54 supremum
854 2312 163 54 gradum
968 2312 131 54 suae
1033 2312 82 54 bea

260 2352 221 53 titudinis,
434 2352 174 53 quamuis
560 2352 158 53 animae
671 2352 142 53 eorum
766 2352 174 53 fuerint
892 2352 126 53 ante
955 2352 158 53 iudicium

254 2392 121 48 vere
314 2392 136 48 beatae.

289 2420 105 58 Ad
342 2420 245 58 duodecimum
535 2420 228 58 dicendum,
710 2420 140 58 quod
798 2420 105 58 b.
850 2420 193 58 loannes
990 2420 123 58 non
1043 2420 70 58 so

265 2473 95 49 um
313 2473 191 49 loquitur
456 2473 111 49 ibi
519 2473 95 49 de
567 2473 238 49 apparentia,
758 2473 111 49 qua
821 2473 191 49 Christus
948 2473 175 49 apparebit

255 2511 86 50 in
298 2511 157 50 iudicio
412 2511 100 50 sed
469 2511 171 50 loquitur
597 2511 86 50 de
640 2511 200 50 apparentia
796 2511 143 50 clarae
896 2511 185 50 visionis,
1024 2511 100 50 secun

255 2547 112 47 dum
319 2547 128 47 quam
399 2547 176 47 apparet
528 2547 192 47 cuilibet
672 2547 160 47 animae
784 2547 208 47 separatae
945 2547 96 47 ab
993 2547 128 47 omui
1057 2547 64 47 la

246 2595 90 52 be
291 2595 164 52 peccati
410 2595 239 52 sufficienter
590 2595 164 52 purgatae.

302 2633 97 48 Ad
350 2633 292 48 decimumtertium
594 2633 162 48 potest
707 2633 146 48 dici,
805 2633 130 48 quod
886 2633 114 48 per
951 2633 130 48 illa
1015 2633 114 48 verba

251 2667 98 49 in
300 2667 130 49 15ca
381 2667 211 49 Apostolus
543 2667 114 49 non
608 2667 195 49 intendit
755 2667 244 49 determinare
950 2667 146 49 illud
1031 2667 81 49 tuc

248 2708 94 44 de
295 2708 110 44 quo
358 2708 173 44 fecerat
484 2708 204 44 mentionem
641 2708 94 44 in
688 2708 94 44 c.
735 2708 110 44 15.
797 2708 126 44 quia
876 2708 141 44 valde
970 2708 141 44 magna
1049 2708 78 44 est

242 2742 135 55 inter
332 2742 120 55 illa
406 2742 209 55 digressio.
571 2742 120 55 Esto
646 2742 135 55 tamen
735 2742 120 55 quod
810 2742 105 55 ita
870 2742 149 55 esset,
975 2742 120 55 tunc
1034 2742 90 55 dici

266 2785 167 43 potest,
387 2785 121 43 quod
463 2785 197 43 Apostolus
615 2785 106 43 ibi
675 2785 182 43 loquitur
812 2785 91 43 de
857 2785 182 43 visione,
994 2785 106 43 qua
1039 2785 91 43 deus

257 2827 166 51 videtur
378 2827 91 51 ab
423 2827 166 51 humanis
544 2827 212 51 soppositis
710 2827 136 51 talis
801 2827 121 51 enim
876 2827 136 51 visio
952 2827 166 51 praesuppo

260 2875 113 41 nit
325 2875 291 41 resurrectionem
567 2875 227 41 mortuorum,
746 2875 130 41 quia
827 2875 146 41 anima
924 2875 130 41 sine
988 2875 130 41 corpo.

245 2905 107 63 re
299 2905 125 63 non
370 2905 125 63 est
441 2905 196 63 humanum
566 2905 231 63 suppositum.

307 2932 109 63 Ad
361 2932 326 63 decimumquartum
633 2932 235 63 dicendum,
813 2932 145 63 quod
904 2932 163 63 illam
994 2932 127 63 Chri-

258 2986 115 48 sti
323 2986 246 48 apparentiam
520 2986 213 48 refcrendo
684 2986 98 48 ad
733 2986 197 48 extremum
881 2986 213 48 iudicium,
1029 2986 98 48 tunc

266 3029 105 40 app
326 3029 164 40 arebunt
445 3029 164 40 electi,
565 3029 120 40 quib
640 3029 105 40 ibi
700 3029 179 40 loquitur
834 3029 209 40 Apostolus,
998 3029 105 40 non
1043 3029 75 40 so-

264 3062 102 45 lum
323 3062 87 45 in
366 3062 145 45 anima,
468 3062 102 45 sed
526 3062 87 45 in
569 3062 189 45 perfectis
715 3062 116 45 suis
787 3062 218 45 suppositis.
961 3062 87 45 Ex
1005 3062 102 45 hoc
1048 3062 73 45 ta-

259 3103 110 45 men
322 3103 110 45 non
385 3103 189 45 habetur,
527 3103 126 45 quin
606 3103 126 45 ante
685 3103 236 45 apparuerint
874 3103 95 45 in
921 3103 158 45 gloria
1016 3103 110 45 secun

258 3142 127 57 dum
330 3142 145 57 suas
421 3142 163 57 ammas
530 3142 181 57 preter
657 3142 218 57 corpota.
820 3142 109 57 Ad
875 3142 290 57 decimumquin

1129 280 113 75 tum
1194 280 210 75 dicendum,
1355 280 129 75 quod
1436 280 129 75 saus
1517 280 194 75 includit
1662 280 178 75 quandam
1776 280 226 75 manifestonem

1137 341 134 45 eius,
1226 341 104 45 qui
1286 341 193 45 laudatur,
1435 341 149 45 igitur
1539 341 119 45 quis
1613 341 149 45 animae
1717 341 179 45 beatorum
1851 341 119 45 nunc
1911 341 89 45 sint

1139 385 141 52 coram
1234 385 110 52 deo
1296 385 94 52 in
1343 385 173 52 gloria,
1469 385 157 52 tamen,
1579 385 126 52 quia
1658 385 110 52 hoc
1720 385 141 52 pnunc
1815 385 141 52 nobis
1909 385 79 52 i
1924 385 79 52 via

1131 421 224 39 existentibus
1313 421 98 39 non
1369 421 98 39 est
1425 421 126 39 plene
1509 421 196 39 manifestu:
1664 421 70 39 i
1692 421 154 39 iudicio
1804 421 112 39 vero
1874 421 112 39 erit
1930 421 70 39 oi-

1137 460 118 47 bus,
1211 460 103 47 tam
1270 460 148 47 bonis,
1373 460 177 47 quamalis
1506 460 148 47 notum,
1609 460 74 47 &
1639 460 221 47 manifestum,
1816 460 89 47 io
1860 460 133 47 dicit
1934 460 59 47 A-

1132 495 213 62 postolus,
1295 495 131 62 quod
1377 495 131 62 tunc
1459 495 131 62 erit
1540 495 131 62 laus
1622 495 213 62 vnicuique
1786 495 82 62 a
1802 495 147 62 domino.

1162 533 105 65 Ad
1214 533 296 65 decimumsextum
1458 533 227 65 dicendum,
1632 533 139 65 quod
1719 533 122 65 ibi
1789 533 209 65 loquitur
1928 533 70 65 de

1129 559 145 86 nobis
1225 559 193 86 secundum
1370 559 145 86 esse,
1467 559 129 86 quod
1547 559 209 86 habebimus
1708 559 97 86 in
1757 559 209 86 perfectis
1901 559 97 86 sup-

1139 611 160 59 positis
1256 611 116 59 post
1329 611 116 59 hanc
1387 611 116 59 vitam.

1165 634 105 78 Ad
1218 634 123 78 t7.
1288 634 228 78 dicendum,
1463 634 140 78 quod
1551 634 193 78 quamuis
1691 634 193 78 numerus
1814 634 175 78 martvrum

1130 699 115 55 non
1195 699 229 55 compleatur
1375 699 147 55 vsque
1474 699 98 55 ad
1523 699 147 55 finem
1621 699 147 55 mundi
1719 699 164 55 tamen,
1834 699 131 55 quia
1900 699 98 55 ani-

1137 738 101 51 mab
1194 738 145 51 eorum,
1296 738 101 51 qui
1354 738 232 51 decesserunt,
1542 738 174 51 singulae
1673 738 145 51 stolae
1774 738 101 51 iam
1832 738 130 51 datae
1905 738 101 51 sunt,

1139 773 127 57 ideo
1218 773 158 57 quamis
1329 773 190 57 secundam
1472 773 174 57 stolam,
1599 773 206 57 scorporis
1757 773 206 57 claritate
1900 773 95 57 expe

1141 812 147 60 ctent
1239 812 147 60 vsque
1337 812 98 60 ad
1386 812 147 60 finem
1485 812 246 60 mundi:tamen
1681 812 115 60 per
1747 812 164 60 primam
1862 812 180 60 stolam,

1146 864 103 41 uae
1205 864 103 41 est
1264 864 118 41 vera
1337 864 132 41 salus
1426 864 162 41 animae,
1543 864 103 41 iam
1602 864 118 41 vere
1676 864 118 41 sunt
1749 864 147 41 beate,
1852 864 88 41 vt
1881 864 118 41 patuit

1135 903 214 55 iuperius,
1299 903 115 55 vbi
1365 903 99 55 ad
1414 903 132 55 hanc
1497 903 230 55 sententiam
1678 903 148 55 istum
1777 903 165 55 textum
1875 903 132 55 traxit

1133 929 174 62 beatus
1237 929 208 62 Oregorius.

1168 959 87 66 Ad
1211 959 101 66 15.
1269 959 188 66 dicendum,
1413 959 116 66 quod
1486 959 130 66 tunc.
1573 959 101 66 sin
1630 959 174 66 iudicio.
1761 959 174 66 Christus
1891 959 130 66 dici

1137 1008 106 63 tur
1197 1008 121 63 dare
1273 1008 197 63 vnicuique
1425 1008 121 63 quia
1500 1008 197 63 aliquibus
1652 1008 136 63 dabit
1743 1008 91 63 de
1788 1008 121 63 nouo
1849 1008 151 63 simplici

1144 1056 105 44 ter
1204 1056 119 44 suam
1278 1056 254 44 beatitudinem,
1487 1056 105 44 qui
1547 1056 134 44 vsque
1637 1056 90 44 ad
1682 1056 134 44 illam
1771 1056 134 44 horam
1861 1056 105 44 non
1905 1056 90 44 fue-

1137 1087 122 58 runt
1213 1087 153 58 beati:
1320 1087 122 58 quia
1397 1087 138 58 forte
1489 1087 122 58 tunc
1565 1087 77 58 a
1596 1087 138 58 primo
1688 1087 92 58 ab
1734 1087 107 58 hoc
1795 1087 153 58 seculo
1887 1087 122 58 deces-

1137 1128 164 49 serunt,
1256 1128 104 49 vel
1316 1128 134 49 vsque
1405 1128 89 49 ad
1450 1128 134 49 illud
1539 1128 149 49 tempus
1643 1128 89 49 in
1688 1128 208 49 purgatorio
1837 1128 134 49 fuerunt

1174 1171 139 54 Aliis
1266 1171 124 54 vero
1344 1171 93 54 et
1390 1171 155 54 dabit,
1498 1171 124 54 quia
1576 1171 170 54 quamuis
1700 1171 124 54 ante
1777 1171 186 54 dederit,
1901 1171 108 54 tamen

1129 1212 140 46 ptunc
1223 1212 140 46 prius
1316 1212 140 46 datum
1410 1212 187 46 augebit,
1550 1212 78 46 &
1581 1212 140 46 eorum
1675 1212 171 46 corpora
1784 1212 218 46 glorificabit

1179 1250 89 50 Ad
1224 1250 104 50 10.
1283 1250 193 50 dicendum,
1431 1250 119 50 quod
1506 1250 89 50 in
1550 1250 163 50 omnibus
1669 1250 134 50 istis
1758 1250 134 50 lotis
1847 1250 104 50 fit
1891 1250 119 50 mentio

1137 1279 98 63 de
1186 1279 179 63 visione
1316 1279 130 63 Dei,
1398 1279 82 63 &
1430 1279 130 63 vita
1512 1279 196 63 aeterna,
1659 1279 196 63 secundum
1805 1279 130 63 quod
1871 1279 130 63 conue-

1142 1330 141 37 niunt
1237 1330 188 37 perfecto
1378 1330 157 37 humano
1488 1330 220 37 supposito,
1661 1330 79 37 &
1692 1330 94 37 io
1739 1330 251 37 praemittitur
1927 1330 79 37 re-

1131 1366 204 44 surrectio
1289 1366 220 44 mortuorum:
1462 1366 126 44 quia
1540 1366 126 44 tale
1619 1366 220 44 suppositum
1792 1366 189 44 noscitur
1918 1366 94 44 esse

1126 1412 235 46 compositum
1311 1412 101 46 ex
1361 1412 168 46 anima,
1478 1412 84 46 &
1512 1412 201 46 corpore.
1663 1412 117 46 Sed
1730 1412 201 46 saluator
1864 1412 134 46 noster

1123 1442 175 46 loquens
1250 1442 95 46 de
1298 1442 127 46 vita
1377 1442 159 46 eterna
1488 1442 238 46 conueniente
1679 1442 159 46 animae
1790 1442 190 46 purgatae
1917 1442 95 46 post

1131 1481 126 55 hanc
1210 1481 158 55 vitam,
1321 1481 142 55 prius
1416 1481 142 55 facit
1510 1481 205 55 mentionem
1668 1481 95 55 de
1716 1481 126 55 vita
1795 1481 190 55 aeterna,
1921 1481 95 55 quam

1138 1521 90 50 de
1183 1521 271 50 resurrectione.
1409 1521 136 50 Dicit
1500 1521 121 50 enim
1575 1521 121 50 sic.
1650 1521 121 50 Haec
1726 1521 105 50 est
1786 1521 136 50 autem
1861 1521 151 50 voluntas

1143 1564 145 58 patris
1244 1564 116 58 mei,
1316 1564 101 58 qui
1374 1564 130 58 misit
1461 1564 101 58 me,
1518 1564 87 58 vt
1562 1564 145 58 omnis,
1663 1564 101 58 qui
1721 1564 130 58 videt
1808 1564 159 58 filium,
1923 1564 72 58 &
1938 1564 72 58 cre

1133 1605 110 48 dit
1196 1605 94 48 in
1243 1605 125 48 eum,
1321 1605 157 48 habeat
1431 1605 141 48 vitam
1525 1605 204 48 aeternam,
1681 1605 78 48 &
1713 1605 110 48 ego
1775 1605 235 48 resuscitabo
1947 1605 63 48 eu

1133 1638 96 58 in
1181 1638 207 58 nouissimo
1340 1638 128 58 die.
1420 1638 96 58 Et
1468 1638 144 58 infra
1564 1638 144 58 eodem
1659 1638 128 58 cap.
1739 1638 175 58 subdit.
1867 1638 112 58 Qui
1914 1638 96 58 man-

1137 1683 145 47 ducat
1234 1683 129 47 meam
1315 1683 178 47 carnem,
1444 1683 162 47 &bibit
1557 1683 129 47 meum
1638 1683 226 47 sanguinem,
1815 1683 145 47 habet
1896 1683 113 47 vitam

1131 1723 186 50 eternam,
1270 1723 77 50 &
1301 1723 108 50 ego
1362 1723 232 50 resuscitabo
1548 1723 108 50 eum
1610 1723 93 50 in
1656 1723 201 50 nouissimo
1795 1723 93 50 die-

1171 1757 97 54 Ad
1219 1757 113 54 2o.
1284 1757 210 54 dicendum,
1446 1757 129 54 quod
1526 1757 97 54 vt
1575 1757 145 54 patet
1672 1757 162 54 ibidem
1785 1757 97 54 in
1833 1757 145 54 textu
1914 1757 97 54 Apo-

1137 1801 155 53 stolus
1246 1801 93 53 in
1293 1801 171 53 Epheso,
1417 1801 155 53 habuit
1526 1801 155 53 magnum
1634 1801 186 53 certamen
1774 1801 155 53 contra
1867 1801 140 53 quosdam

1147 1843 119 48 qui
1215 1843 204 48 negabant
1368 1843 221 48 mortuorum
1538 1843 323 48 resurrectionem,
1809 1843 85 48 &
1843 1843 102 48 de
1877 1843 136 48 profe-

1146 1886 104 48 ctu
1206 1886 148 48 illius
1309 1886 148 48 pugnae
1413 1886 178 48 loquens,
1547 1886 104 48 ait
1606 1886 119 48 Quid
1680 1886 119 48 mihi
1755 1886 178 48 prodest,
1888 1886 89 48 si
1918 1886 89 48 mor-

1129 1918 106 49 tui
1190 1918 106 49 non
1250 1918 213 49 resurgunt:
1417 1918 137 49 Quasi
1509 1918 152 49 dicat.
1615 1918 106 49 Non
1676 1918 213 49 prodesset,
1843 1918 106 49 sed
1888 1918 122 49 potius

1132 1961 187 49 noceret,
1273 1961 125 49 quia
1351 1961 109 49 non
1413 1961 203 49 pugnasiem
1569 1961 109 49 pro
1631 1961 203 49 veritate,
1787 1961 93 49 si
1834 1961 156 49 mortui
1927 1961 78 49 non

1146 2007 256 57 tesurgerent.
1354 2007 96 57 Et
1402 2007 128 57 ideo
1482 2007 144 57 verba
1578 2007 112 57 iam
1641 2007 144 57 dicta
1737 2007 112 57 non
1801 2007 128 57 bene
1865 2007 144 57 trahun-

1140 2036 110 62 tur
1203 2036 95 62 ad
1251 2036 173 62 presens
1361 2036 205 62 propositum.

1184 2065 94 62 Ad
1231 2065 110 62 21.
1294 2065 204 62 dicendum,
1451 2065 126 62 quod
1530 2065 188 62 secundum
1671 2065 236 62 intentionem
1860 2065 126 62 Aug.
1922 2065 79 62 IVi

1145 2110 196 60 videbimus
1295 2110 135 60 debet
1386 2110 166 60 referri
1506 2110 90 60 ad
1551 2110 135 60 omnes
1642 2110 181 60 electos,
1777 2110 135 60 quia,
1868 2110 75 60 &
1898 2110 90 60 si
1928 2110 75 60 an-

1137 2159 91 45 te
1182 2159 181 45 iudicium
1318 2159 166 45 aliquae
1439 2159 136 45 anime
1529 2159 181 45 purgatae
1665 2159 166 45 videant
1786 2159 196 45 claritate
1921 2159 91 45 dei:

1142 2197 159 57 tamen
1249 2197 177 57 animae
1373 2197 177 57 omnium
1496 2197 230 57 electorum
1674 2197 124 57 non
1744 2197 213 57 videbunt
1886 2197 124 57 simul

1137 2237 208 56 huiusmodi
1297 2237 241 56 claritatem,
1490 2237 144 56 donec
1586 2237 160 56 veniat
1698 2237 192 56 extremum
1827 2237 176 56 iudicium,

1135 2275 129 47 quia
1216 2275 146 47 vsque
1313 2275 97 47 ad
1361 2275 146 47 illam
1458 2275 146 47 horam
1555 2275 162 47 semper
1668 2275 243 47 inuenientur
1862 2275 178 47 aliquo

1142 2313 111 53 rum
1206 2313 207 53 electorum
1365 2313 175 53 animae,
1492 2313 111 53 vel
1555 2313 95 53 in
1603 2313 111 53 hoc
1666 2313 159 53 mundo,
1778 2313 111 53 vel
1841 2313 95 53 in
1873 2313 143 53 purgato

1136 2355 120 56 rio,
1211 2355 120 56 quae
1286 2355 105 56 non
1346 2355 150 56 vident
1452 2355 195 56 huiusmodi
1602 2355 226 56 claritatem.
1782 2355 90 56 Et
1828 2355 105 56 sic
1873 2355 135 56 neganda

1142 2395 109 53 est
1189 2395 219 53 consequentia

1148 2406 107 81 Ad
1202 2406 125 81 22.
1273 2406 231 81 dicendum,
1451 2406 142 81 quod
1540 2406 142 81 scum
1628 2406 285 81 expositionem
1860 2406 107 81 b.
1895 2406 107 81 Oreg

1136 2474 93 52 in
1183 2474 156 52 homel.
1292 2474 125 52 ista
1370 2474 187 52 parabola
1510 2474 109 52 non
1573 2474 109 52 est
1635 2474 187 52 trahenda
1775 2474 93 52 ad
1806 2474 203 52 redditionem

1142 2518 211 47 mercedis,
1304 2518 195 47 secundum
1450 2518 130 47 quod
1531 2518 195 47 redditur
1677 2518 97 47 in
1726 2518 178 47 extremo
1856 2518 195 47 iudicio,

1141 2551 116 50 sed
1208 2551 116 50 est
1274 2551 183 50 quaedam
1407 2551 233 50 comparatio
1590 2551 216 50 electorum
1756 2551 133 50 noui
1823 2551 199 50 testamenti

1154 2589 89 50 ad
1199 2589 162 50 electos
1317 2589 162 50 veteris
1435 2589 221 50 testamenti.
1612 2589 118 50 Vnde
1685 2589 103 50 sic
1744 2589 118 50 ait.
1818 2589 133 50 Anima
1892 2589 118 50 sancta

1153 2631 129 45 mox,
1234 2631 97 45 vt
1282 2631 97 45 de
1331 2631 113 45 hoc
1395 2631 146 45 mundo
1492 2631 226 45 egreditur,
1670 2631 146 45 illum
1767 2631 194 45 denarium
1897 2631 113 45 reci-

1160 2672 125 51 bit.
1239 2672 94 51 Et
1285 2672 125 51 quia
1364 2672 156 51 sancti
1473 2672 125 51 noui
1551 2672 219 51 testamenti
1723 2672 156 51 vltimo
1832 2672 203 51 venerunt,
1973 2672 47 51 &

1151 2712 154 50 statim
1258 2712 92 50 in
1304 2712 308 50 cbitureceperunt,
1566 2712 154 50 patres
1674 2712 123 50 vero
1751 2712 169 50 veteris
1858 2712 154 50 testamen

1159 2751 108 40 ti,
1220 2751 108 40 qui
1282 2751 108 40 diu
1344 2751 124 40 ante
1421 2751 201 40 venerant,
1576 2751 154 40 multum
1684 2751 139 40 illum
1776 2751 185 40 denarium
1900 2751 108 40 expe-

1150 2785 216 54 ctauerunt,
1319 2785 185 54 scilicet
1458 2785 139 54 vsque
1550 2785 92 54 ad
1596 2785 154 54 mortem
1704 2785 185 54 Christi:
1843 2785 123 54 ideo
1904 2785 108 54 compa

1150 2828 153 53 ratiue
1257 2828 153 53 vltimi
1364 2828 184 53 dicuntur
1502 2828 138 53 primo
1595 2828 184 53 recipere
1733 2828 138 53 Etiam
1825 2828 153 53 subdit
1917 2828 107 53 aliam

1167 2874 254 46 xpositionem,
1373 2874 159 46 dicens
1484 2874 111 46 vel
1548 2874 111 46 qui
1611 2874 159 46 vltimo
1723 2874 159 46 venit,
1834 2874 143 46 primo
1913 2874 111 46 rece-

1161 2909 109 56 pit,
1229 2909 109 56 quia
1297 2909 136 56 latro,
1392 2909 95 56 qui
1446 2909 81 56 in
1487 2909 109 56 fine
1555 2909 122 56 vitae
1636 2909 109 56 suae
1704 2909 136 56 venit,
1799 2909 81 56 in
1840 2909 190 56 accipiendo
1976 2909 54 56 de

1156 2943 163 52 narium
1270 2943 212 52 Apostolos
1417 2943 212 52 antecessit.

1193 2965 110 72 Ad
1248 2965 365 72 vigesimumtertium
1558 2965 237 72 dicendum,
1741 2965 146 72 quod
1832 2965 201 72 quamuis
1960 2965 73 72 in

1147 3026 111 48 his
1211 3026 159 48 duabus
1322 3026 287 48 auctoritatibus
1561 3026 207 48 hortentur
1720 3026 143 48 omnes
1816 3026 159 48 electi
1927 3026 96 48 ad
1959 3026 64 48 ex

1163 3067 191 52 pectandum
1311 3067 162 52 fructum
1428 3067 133 52 vitae
1517 3067 177 52 aeternae
1649 3067 88 52 eo
1693 3067 118 52 mod,
1767 3067 103 52 quo
1826 3067 206 52 perfectis,
1973 3067 59 52 hu

1163 3103 135 48 manis
1253 3103 211 48 suppositis
1419 3103 166 48 dabitur
1539 3103 90 48 in
1584 3103 105 48 dic
1645 3103 166 48 iudicn:
1765 3103 135 48 tamen
1855 3103 90 48 ex
1901 3103 105 48 hoc
1946 3103 75 48 non

1156 3141 185 62 habetur,
1295 3141 124 62 quia
1372 3141 154 62 animae
1480 3141 201 62 dlectorum
1634 3141 247 62 sufficienter
1835 3141 185 62 purgatae
1959 3141 77 62 ate
