2401 3527
447 262 152 79 autem,
553 262 137 79 vtrum
644 262 137 79 talis
736 262 198 79 beatitudo
888 262 152 79 augeat
994 262 137 79 facta
1085 262 198 79 huiusmodi
1222 262 76 79 re-

444 325 224 55 surrectione
623 325 149 55 lgitur
728 325 105 55 sic
788 325 194 55 procedam.
937 325 149 55 Primo,
1042 325 135 55 iuxta
1117 325 179 55 praedictam

436 364 232 59 distinctio
619 364 116 59 nem
685 364 149 59 ponam
785 364 199 59 duplicem
934 364 282 59 conclusionem.
1150 364 149 59 Secundo

438 405 148 60 circa
536 405 115 60 iam
602 405 165 60 dictam
717 405 280 60 suppositionem
948 405 165 60 faciam
1063 405 214 60 aliqualem
1211 405 82 60 di

426 455 208 52 gressionem.

458 480 216 61 Conclusio
625 480 150 61 prima
724 480 133 61 est,
807 480 133 61 quod
890 480 216 61 beatitudo
1056 480 199 61 animarum
1189 480 100 61 posi

442 531 266 49 resumptionem
658 531 166 49 suorum
775 531 199 49 corporum
924 531 216 49 augebitur
1074 531 199 49 extensiue-

468 560 84 55 1
502 560 134 55 Quia
585 560 167 55 quanto
702 560 100 55 ad
753 560 151 55 plura
853 560 100 55 se
903 560 201 55 extendit
1054 560 184 55 gaudium
1171 560 117 55 anima

454 600 168 55 beatae,
576 600 138 55 tanto
668 600 107 55 sua
729 600 199 55 beatitudo
882 600 138 55 magis
973 600 199 55 augebitur
1111 600 183 55 extensiue:

447 648 114 48 Sed
512 648 147 48 facta
610 648 294 48 resurrectione,
855 648 147 48 anima
954 648 164 48 magnum
1068 648 180 48 gaudium
1183 648 114 48 habe-

447 679 116 55 bit,
520 679 116 55 quod
593 679 116 55 ante
665 679 102 55 non
723 679 145 55 habuit
825 679 87 55 de
869 679 102 55 sui
927 679 174 55 corporis
1043 679 247 55 glorificatione.

439 729 131 56 ergo
504 729 82 56 &c.

459 752 78 57 2
491 752 218 57 Praeterea,
662 752 171 57 ceteris
787 752 171 57 paribus
911 752 125 57 tunc
989 752 140 57 maior
1083 752 109 57 est
1130 752 171 57 extensiue

447 796 198 54 beatitudo
599 796 152 54 animae
705 796 167 54 duplici
827 796 137 54 stola
918 796 213 54 decoratae,
1085 796 122 54 quam
1161 796 106 54 vna
1207 796 91 54 tan-

433 835 133 54 tum:
517 835 116 54 Sed
583 835 133 54 ante
666 835 200 54 corporis
816 835 266 54 resumptionem
1032 835 150 54 anima
1132 835 150 54 beata
1215 835 83 54 di-

439 872 138 54 citur
531 872 107 54 vna
592 872 138 54 stola
684 872 199 54 decorata,
838 872 77 54 &
868 872 123 54 post
945 872 199 54 huiusmodi
1083 872 215 54 resumptionem

442 916 154 53 dicitur
554 916 154 53 duplici
666 916 126 53 stola
750 916 182 53 decorata,
889 916 84 53 vt
931 916 154 53 apparet
1043 916 84 53 ex
1085 916 140 53 dictis
1169 916 126 53 sancto-

443 953 123 53 rum:
520 953 123 53 Vnde
597 953 139 53 etiam
689 953 93 53 de
736 953 93 53 8.
782 953 201 53 Augustino
936 953 201 53 cantatur,
1090 953 123 53 Quod
1152 953 139 53 sitiuit

441 991 191 54 internum,
588 991 147 54 gustat
692 991 191 54 aeternum,
839 991 191 54 decoratus
986 991 103 54 vna
1045 991 132 54 stola
1118 991 177 54 securusque

441 1042 96 56 de
473 1042 144 56 reliqua

452 1073 77 49 2
482 1073 139 49 Forte
575 1073 185 49 dicetur,
713 1073 123 49 quod
790 1073 185 49 secundum
929 1073 185 49 auctorem
1067 1073 92 49 de
1113 1073 169 49 causis,
1221 1073 77 49 om-

435 1112 95 52 nis
490 1112 136 52 virtus
585 1112 122 52 vnita
667 1112 95 52 est
721 1112 204 52 perfectior,
884 1112 68 52 &
911 1112 150 52 fortior
1020 1112 136 52 seipsa
1115 1112 177 52 dispersa,
1251 1112 68 52 &

446 1147 102 62 per
505 1147 205 62 consequens
666 1147 117 62 sibi
739 1147 176 62 competit
871 1147 205 62 perfectius
1032 1147 176 62 operari.
1163 1147 102 62 Sed
1207 1147 88 62 vir-

430 1192 99 56 tus
486 1192 155 56 animae,
599 1192 113 56 siue
670 1192 99 56 sit
727 1192 240 56 intellectiua,
925 1192 113 56 siue
995 1192 170 56 volitiua
1122 1192 127 56 magis
1193 1192 99 56 vide-

434 1223 110 59 tur
497 1223 126 59 esse
576 1223 158 59 vnita,
686 1223 158 59 quando
797 1223 158 59 tendit
907 1223 95 59 in
954 1223 142 59 solum
1049 1223 142 59 Deum,
1143 1223 126 59 quam
1206 1223 95 59 quan

438 1266 93 66 do
484 1266 154 66 tendit
592 1266 93 66 in
638 1266 139 66 Deum,
731 1266 77 66 &
762 1266 93 66 in
808 1266 123 66 suum
885 1266 154 66 corpus
993 1266 262 66 glorificatum:
1193 1266 93 66 ergo

428 1304 128 62 ante
508 1304 192 62 corporis
652 1304 255 62 resumptionem
859 1304 208 62 quaelibet
1019 1304 176 62 istarum
1130 1304 160 62 virtutum

431 1356 123 44 erit
507 1356 215 44 perfectior
676 1356 92 44 in
722 1356 107 44 sua
783 1356 230 44 operatione,
967 1356 77 44 &
998 1356 107 44 per
1059 1356 215 44 consequens
1212 1356 77 44 ma-

438 1397 99 53 gis
480 1397 113 53 beata.

458 1418 76 59 2
488 1418 213 59 Praeterea,
656 1418 152 59 corpus
763 1418 244 59 glorificatum
961 1418 107 59 non
1022 1418 107 59 est
1083 1418 183 59 obiectum
1205 1418 76 59 ber

437 1461 180 59 tificum:
572 1461 120 59 ergo
647 1461 165 59 propter
767 1461 225 59 extensionem
946 1461 135 59 actus
1036 1461 240 59 intellectus,
1216 1461 75 59 uel

440 1506 218 52 voluntatis
611 1506 93 52 ad
658 1506 140 52 ipsum
751 1506 202 52 beatitudo
907 1506 155 52 animae
1015 1506 109 52 non
1077 1506 202 52 augebitur
1217 1506 78 52 ex

421 1551 149 53 tensiue.

462 1575 99 52 Ad
511 1575 164 52 primum
626 1575 197 52 dicedum,
774 1575 131 52 quod
856 1575 99 52 in
905 1575 164 52 minori
1020 1575 230 52 supponitur
1184 1575 99 52 vnum

427 1619 173 51 falsum.
553 1619 94 51 s.
600 1619 125 51 quod
678 1619 125 51 ante
757 1619 251 51 resumptionem
961 1619 188 51 corporis
1102 1619 141 51 anima
1180 1619 110 51 beata

430 1659 101 54 suo
487 1659 217 54 intellectu,
661 1659 72 54 &
690 1659 188 54 voluntate
835 1659 101 54 sic
892 1659 145 54 tendat
994 1659 87 54 in
1037 1659 130 54 solum
1124 1659 130 54 Deum,
1196 1659 87 54 quod

429 1697 105 53 non
489 1697 150 53 tendat
594 1697 90 53 in
639 1697 150 53 corpus
745 1697 135 53 suum,
835 1697 75 53 &
865 1697 105 53 hoc
925 1697 105 53 est
985 1697 165 53 falsum:
1106 1697 120 53 quia
1166 1697 120 53 secun-

437 1737 104 58 dum
497 1737 134 58 Augu,
586 1737 148 58 super.
689 1737 119 58 Sen.
764 1737 89 58 ad
808 1737 193 58 litteram,
957 1737 119 58 tato
1031 1737 193 58 desiderio
1164 1737 119 58 tendit

428 1782 97 47 in
476 1782 162 47 corpus
590 1782 130 47 suum
671 1782 130 47 eius
752 1782 211 47 reunionem
915 1782 227 47 appetendo,
1093 1782 130 47 quod
1158 1782 130 47 quodam

441 1818 118 57 modo
515 1818 220 57 retardatur,
691 1818 88 57 ne
735 1818 162 57 feratur
853 1818 118 57 tota
926 1818 206 57 intentione
1088 1818 88 57 in
1132 1818 132 57 ipsum
1206 1818 73 57 sum

422 1855 119 56 mum
490 1855 188 56 coelum.
627 1855 102 56 Ex
678 1855 119 56 quo
746 1855 205 56 apparet,
900 1855 136 56 quod
985 1855 136 56 ante
1053 1855 239 56 resumptionem

430 1894 178 50 corporis
563 1894 148 50 virtus
667 1894 148 50 animae
771 1894 133 50 magis
860 1894 104 50 est
919 1894 163 50 sparsa,
1037 1894 118 50 quam
1111 1894 118 50 post
1171 1894 118 50 resum

407 1944 171 55 ptionem.

467 1973 96 54 Ad
515 1973 193 54 secundum
660 1973 209 54 dicendum,
820 1973 128 54 quod
901 1973 145 54 licet
997 1973 161 54 corpus
1093 1973 193 54 glorifica-

428 2011 111 51 tum
492 2011 111 51 non
555 2011 111 51 sit
619 2011 190 51 obiectum
761 2011 238 51 beatificum,
952 2011 175 51 quantum
1079 2011 95 51 ad
1110 2011 175 51 beatitudi

429 2050 113 58 nem
494 2050 259 58 essentialem,
704 2050 113 58 est
769 2050 146 58 tamen
866 2050 194 58 obiectum
1012 2050 227 58 beatificum
1174 2050 113 58 quan-

433 2098 112 45 tum
497 2098 96 45 ad
545 2098 255 45 beatitudinem
752 2098 271 45 accidentalem;
976 2098 176 45 propter
1103 2098 128 45 quod
1167 2098 112 45 negam

430 2138 86 49 da
473 2138 101 49 est
516 2138 216 49 consequentia.

457 2171 204 46 Conclusio
614 2171 173 46 secunda
740 2171 126 46 est,
818 2171 126 46 quod
897 2171 141 46 etiam
991 2171 204 46 intensiue
1132 2171 157 46 beatitu-

422 2213 96 44 do
470 2213 159 44 animae
582 2213 112 44 est
645 2213 144 44 maior
741 2213 191 44 resumpto
869 2213 159 44 corpore.

455 2247 78 47 1
487 2247 125 47 Quia
565 2247 156 47 quanto
674 2247 141 47 anima
768 2247 109 47 est
831 2247 235 47 perfectior,
1018 2247 141 47 tanto
1112 2247 125 47 sibi
1175 2247 109 47 conue

423 2287 103 50 nit
482 2287 205 50 perfectius
643 2287 176 50 operari:
775 2287 103 50 Sed
834 2287 132 50 anima
922 2287 132 50 beata
1010 2287 161 50 reunita
1127 2287 103 50 suo
1171 2287 103 50 corpo

422 2329 87 52 ri
466 2329 102 52 est
524 2329 218 52 perfectior,
699 2329 116 52 quam
772 2329 87 52 ab
815 2329 87 52 eo
859 2329 189 52 separata:
1005 2329 116 52 ergo
1077 2329 146 52 animae
1165 2329 116 52 reuni-

424 2378 99 43 tae
481 2378 198 43 beatitudo,
636 2378 113 43 quae
707 2378 184 43 consistit
849 2378 85 43 in
891 2378 99 43 sua
948 2378 213 43 nobilissima
1104 2378 170 43 operatione

426 2404 120 50 erit
501 2404 224 50 perfectior,
680 2404 75 50 &
710 2404 105 50 per
770 2404 209 50 consequens
934 2404 120 50 erit
1009 2404 164 50 intenue
1129 2404 149 50 maior.
1218 2404 60 50 Ma

418 2455 101 41 ior
475 2455 144 41 patet:
576 2455 115 41 quia
648 2455 158 41 ceteris
763 2455 173 41 paribus,
892 2455 115 41 tunc
964 2455 201 41 substantia
1123 2455 158 41 virtus,
1238 2455 72 41 &

421 2482 182 50 operatio
557 2482 91 50 se
603 2482 303 50 proportionaliter
861 2482 258 50 consequuntur:
1073 2482 76 50 &
1103 2482 121 50 ideo
1164 2482 106 50 perfe

415 2527 170 46 ctiorem
538 2527 139 46 modum
631 2527 232 46 substantiae
816 2527 185 46 sequitur
955 2527 216 46 perfectior
1125 2527 139 46 modus
1203 2527 77 46 vir

422 2562 157 57 tutis,
532 2562 78 57 &
564 2562 251 57 perfectiorem
768 2562 141 57 modum
862 2562 188 57 virtutis
1003 2562 220 57 perfectior
1160 2562 110 57 modus

423 2607 234 49 operationis.
613 2607 131 49 Patet
701 2607 131 49 etiam
788 2607 146 49 minor:
890 2607 117 49 quia
963 2607 117 49 nisi
1036 2607 102 49 per
1095 2607 175 49 accidens
1212 2607 58 49 im

419 2648 196 49 pediatur,
570 2648 121 49 tunc
645 2648 106 49 per
706 2648 91 49 se
751 2648 181 49 loquendo
887 2648 196 49 quaelibet
1038 2648 121 49 pars
1098 2648 181 49 perfectior

423 2685 105 43 est
483 2685 180 43 existens
618 2685 90 43 in
663 2685 105 43 suo
723 2685 135 43 toto,
813 2685 120 43 quam
887 2685 180 43 separata
1022 2685 90 43 ab
1067 2685 105 43 eo:
1127 2685 105 43 Sed
1172 2685 105 43 anima

427 2728 99 47 est
484 2728 113 47 pars
554 2728 213 47 essentialis
724 2728 156 47 humanae
838 2728 156 47 naturae
951 2728 198 47 integratae
1107 2728 85 47 ex
1149 2728 128 47 amma,
1234 2728 71 47 &

417 2761 184 54 corpore:
554 2761 122 54 ergo
616 2761 76 54 &c.

455 2775 79 78 2
487 2775 205 78 Preterea,
644 2775 142 78 istam
739 2775 173 78 minorem
865 2775 189 78 confirmo
1006 2775 126 78 sic,
1085 2775 157 78 Fotma,
1180 2775 94 78 quae

419 2834 216 47 naturaliter
591 2834 101 47 est
649 2834 187 47 perfectio
793 2834 187 47 corporis,
937 2834 202 47 perfectior
1095 2834 101 47 est
1138 2834 130 47 coniun-

417 2873 108 46 cta
478 2873 185 46 corpori,
617 2873 123 46 quam
694 2873 201 46 separata,
849 2873 108 46 hoc
910 2873 216 46 supposito,
1080 2873 123 46 quod
1142 2873 123 46 nullum

417 2918 248 42 impedimentum
618 2918 124 42 sibi
695 2918 217 42 praestetur
865 2918 108 42 per
927 2918 186 42 accidens
1067 2918 170 42 propter
1175 2918 93 42 cor-

432 2958 129 44 poris
518 2958 215 44 grofficiem.
690 2958 100 44 Sed
747 2958 129 44 anima
833 2958 201 44 rationalis
991 2958 215 44 naturaliter
1163 2958 100 44 est
1206 2958 72 44 per

419 2990 154 49 fectio
526 2990 200 49 corporis,
680 2990 108 49 nec
742 2990 169 49 aliquod
865 2990 246 49 impedimentum
1065 2990 108 49 per
1111 2990 154 49 acciden-

412 3035 115 45 sibi
484 3035 216 45 praestatur,
657 3035 115 45 quin
729 3035 216 45 coniungatur
902 3035 159 45 corpori
1017 3035 231 45 glorificato:
1190 3035 87 45 ergo

418 3074 123 41 &c.
489 3074 193 41 Minorem
629 3074 158 41 probo
734 3074 193 41 quantum
875 3074 105 41 ad
927 3074 175 41 primam
1050 3074 193 41 partem:
1173 3074 105 41 quia

418 3108 133 62 omnis
507 3108 133 62 forma
596 3108 252 62 substantialis
803 3108 178 62 corpotis
936 3108 104 62 est
996 3108 222 62 naturaliter
1159 3108 118 62 perfo

1330 258 113 78 ctio
1400 258 184 78 corporis:
1542 258 99 78 sed
1598 258 127 78 anima
1683 258 198 78 rationalis
1838 258 99 78 est
1895 258 127 78 forma
1965 258 212 78 substantialis

1324 322 197 48 corporis,
1476 322 121 48 puta
1552 322 182 48 hominis,
1688 322 91 48 de
1734 322 106 48 quo
1794 322 258 48 essentialiter
1992 322 197 48 praedicatur

1330 371 171 34 corpus,
1455 371 124 34 quod
1533 371 171 34 directe
1657 371 171 34 ponitur
1782 371 93 34 in
1828 371 264 34 praedicamento
2030 371 156 34 substan-

1326 402 118 52 tiae.
1405 402 105 52 lsta
1470 402 118 52 patet
1549 402 79 52 ex
1589 402 118 52 fide,
1668 402 79 52 ac
1707 402 118 52 etiam
1786 402 145 52 probata
1891 402 92 52 est
1943 402 92 52 per
1996 402 92 52 ea,
2049 402 105 52 quae
2101 402 79 52 dixi

1327 442 115 41 lib.
1399 442 86 41 2.
1442 442 129 41 dist.
1528 442 101 41 17.
1585 442 115 41 art.
1657 442 72 41 3
1686 442 129 41 Probo
1772 442 129 41 etiam
1859 442 173 41 secundam
1988 442 158 41 partem:
2089 442 86 41 quia

1325 477 160 43 corpus
1437 477 208 43 perfecte,
1597 477 160 43 omnino
1709 477 192 43 obediens
1854 477 160 43 animae
1966 477 160 43 nullum
2062 477 112 43 impe-

1331 519 186 49 dimentum
1471 519 186 49 praestat
1611 519 171 49 animae.
1735 519 109 49 Sed
1797 519 155 49 corpus
1906 519 264 49 glorificatum,
2107 519 78 49 cui

1339 558 126 43 post
1418 558 284 43 resurrectionem
1654 558 173 43 vnietur
1780 558 158 43 anima,
1891 558 173 43 omnino,
2017 558 79 43 &
2032 558 158 43 perfecte

1337 598 141 52 obediet
1440 598 103 52 ipsi
1504 598 141 52 animae,
1607 598 77 52 vt
1645 598 115 52 patet
1722 598 90 52 per
1773 598 90 52 ea,
1825 598 103 52 quae
1889 598 115 52 dixi.
1966 598 115 52 q4.1.
2043 598 141 52 istius,
2133 598 51 52 4o

1328 635 169 51 dist.
1441 635 150 51 ergo
1516 635 94 51 &c.

1358 670 79 51 3
1390 670 220 51 Praeterea,
1562 670 157 51 quanto
1672 670 141 51 agens
1767 670 220 51 perfectius
1939 670 141 51 habet
2018 670 157 51 rationem

1327 711 201 59 suppositi,
1485 711 129 59 tanto
1571 711 129 59 actio
1657 711 101 59 est
1714 711 215 59 perfectior:
1887 711 101 59 Sed
1944 711 172 59 resumpto
2059 711 115 59 corpo-

1320 754 90 51 re
1365 754 121 51 homo
1441 754 151 51 beatus
1546 754 211 51 perfectius
1712 754 136 51 habet
1802 754 181 51 rationem
1938 754 211 51 suppositi,
2089 754 90 51 quam

1335 794 140 44 inima
1429 794 203 44 habuerit,
1585 794 187 44 antequam
1725 794 156 44 corpus
1834 794 218 44 resumpsit:
2006 794 125 44 ergo
2068 794 109 44 actio

1330 830 124 52 illa,
1413 830 110 52 quae
1482 830 96 52 est
1537 830 193 52 beatitudo,
1688 830 193 52 perfectior
1840 830 110 52 erit
1909 830 110 52 post
1964 830 234 52 resurrectionem.

1338 872 105 43 uam
1398 872 135 43 ante.
1488 872 135 43 Maior
1578 872 150 43 patet:
1683 872 120 43 quia
1758 872 255 43 suppositorum,
1969 872 75 43 &
1984 872 195 43 singularium

1341 912 90 39 st
1386 912 150 39 agere,
1491 912 90 39 vt
1536 912 150 39 patet.
1641 912 90 39 1.
1686 912 150 39 metaph
1792 912 135 39 Patet
1882 912 135 39 etiam
1972 912 150 39 minor,
2077 912 120 39 quia
2137 912 60 39 to

1324 951 107 53 tum
1385 951 107 53 per
1446 951 91 53 se
1491 951 183 53 existens
1628 951 137 53 magis
1719 951 137 53 habet
1811 951 183 53 rationem
1948 951 198 53 composit,
2085 951 91 53 quam

1331 990 157 51 iliqua
1441 990 157 51 suarum
1551 990 172 51 partium
1676 990 267 51 essentialium,
1896 990 110 51 Sed
1958 990 125 51 homo
2037 990 110 51 est
2084 990 94 51 quod

1326 1029 105 51 dam
1386 1029 135 51 totum
1476 1029 105 51 per
1536 1029 90 51 se
1581 1029 195 51 existens,
1731 1029 135 51 cuius
1820 1029 150 51 partes
1925 1029 225 51 essentiales
2090 1029 90 51 sunt

1323 1066 159 53 anima,
1435 1066 80 53 &
1466 1066 175 53 corpus,
1594 1066 127 53 ergo
1657 1066 64 53 &c

1350 1106 107 56 Sed
1411 1106 153 56 contra
1518 1106 138 56 istam
1610 1106 245 56 conclusionem
1810 1106 107 56 est
1871 1106 153 56 opinio
1979 1106 184 56 illorum,
2101 1106 77 56 qui

1338 1149 154 49 onunt,
1446 1149 123 49 quod
1523 1149 170 49 quamuis
1646 1149 123 49 post
1723 1149 278 49 resurrectionem
1955 1149 201 49 beatitudo
2094 1149 77 49 ho-

1319 1190 141 50 minum
1413 1190 188 50 augeatur
1554 1190 219 50 extensiue,
1726 1190 141 50 tamen
1820 1190 110 50 non
1883 1190 172 50 augetur
1992 1190 188 50 intensiue-

1330 1224 86 45 1
1364 1224 137 45 Quia
1450 1224 171 45 virtus
1570 1224 274 45 immaterialis
1793 1224 120 45 non
1861 1224 154 45 habet
1964 1224 154 45 actum
2050 1224 120 45 minus

1336 1264 193 60 erfectum,
1485 1264 89 60 ex
1529 1264 104 60 eo,
1589 1264 119 60 quod
1663 1264 178 60 separata
1797 1264 104 60 est
1856 1264 74 60 a
1886 1264 178 60 materia,
2019 1264 104 60 nec
2064 1264 104 60 magis

1339 1305 195 43 erfectum,
1489 1305 90 43 ex
1534 1305 105 43 eo,
1594 1305 120 43 quod
1669 1305 225 43 coniungitur
1850 1305 195 43 materiae.
2000 1305 105 43 Sed
2045 1305 135 43 intesse

1325 1342 110 56 ctus
1394 1342 96 56 est
1449 1342 138 56 virtus
1545 1342 234 56 immaterialis,
1738 1342 83 56 vt
1779 1342 138 56 patet.
1875 1342 83 56 3.
1917 1342 83 56 de
1958 1342 138 56 anima,
2054 1342 69 56 &
2068 1342 110 56 simpij

1319 1381 130 47 citer
1405 1381 187 47 voluntas;
1549 1381 115 47 ergo
1621 1381 202 47 beatitudo,
1779 1381 115 47 quae
1851 1381 101 47 est
1909 1381 130 47 actus
1981 1381 187 47 intellectus

1323 1419 73 54 &
1353 1419 219 54 voluntatis,
1527 1419 102 54 non
1586 1419 117 54 erit
1659 1419 204 54 intensior,
1819 1419 102 54 seu
1877 1419 204 54 perfectior
2037 1419 131 54 anima
2110 1419 73 54 bes

1320 1464 90 49 ta
1365 1464 195 49 existente
1515 1464 90 49 in
1561 1464 165 49 corpore
1681 1464 211 49 materiali,
1846 1464 120 49 quam
1921 1464 120 49 ipsa
1997 1464 90 49 ab
2027 1464 150 49 huiusmo-

1324 1496 85 57 di
1366 1496 156 57 corpore
1480 1496 184 57 separata:
1621 1496 113 57 ergo
1678 1496 71 57 &c.

1347 1540 73 48 2
1377 1540 205 48 Praeterea,
1538 1540 146 48 quanto
1640 1540 176 48 potentia
1772 1540 263 48 beatificabilis
1991 1540 102 48 est
2035 1540 146 48 liberior

1312 1577 132 47 tanto
1400 1577 161 47 ceteris
1517 1577 161 47 paribus
1634 1577 132 47 actus
1722 1577 205 47 beatificus
1883 1577 161 47 videtur
2000 1577 117 47 esse
2059 1577 117 47 perfe-

1327 1612 150 61 ctior:
1432 1612 105 61 sed
1492 1612 150 61 quanto
1597 1612 180 61 potentia
1732 1612 105 61 est
1791 1612 135 61 magis
1881 1612 75 61 a
1911 1612 165 61 materia
2016 1612 165 61 separata,

1324 1659 105 48 st
1377 1659 228 48 liberior;
1552 1659 140 48 ergo
1622 1659 88 48 &c.

1350 1690 78 52 3
1382 1690 218 52 Praeterea,
1552 1690 155 52 quanto
1661 1690 140 52 anima
1754 1690 109 52 est
1817 1690 109 52 Deo
1879 1690 186 52 similior
2019 1690 140 52 tanto
2096 1690 78 52 est

1319 1736 187 51 beatior,
1459 1736 109 51 sed
1522 1736 140 51 anima
1615 1736 187 51 separata
1755 1736 78 51 a
1786 1736 171 51 corpore
1911 1736 109 51 est
1973 1736 187 51 similior
2097 1736 78 51 Deo

1331 1775 111 41 uam
1395 1775 222 41 coniuncta:
1569 1775 127 41 quia
1648 1775 127 41 Deus
1727 1775 143 41 nullo
1822 1775 127 41 modo
1902 1775 158 41 potest
2013 1775 127 41 esse
2076 1775 95 41 for-

1311 1820 87 41 ma
1355 1820 189 41 corporis,
1500 1820 102 41 cum
1558 1820 102 41 sit
1616 1820 131 41 purus
1704 1820 145 41 actus,
1805 1820 87 41 vt
1849 1820 145 41 patet.
1950 1820 102 41 1x.
1994 1820 87 41 met.

1345 1851 76 55 4
1375 1851 213 55 Praeterca,
1542 1851 152 55 actus,
1649 1851 106 55 qui
1710 1851 106 55 non
1771 1851 182 55 conuenit
1907 1851 152 55 animae
2014 1851 91 55 in
2044 1851 122 55 ordine

1312 1895 91 44 ad
1357 1895 167 44 corpus,
1478 1895 121 44 ille
1554 1895 106 44 non
1615 1895 212 44 intenditur
1781 1895 106 44 per
1842 1895 257 44 coniunctionem
2039 1895 136 44 animae.

1316 1936 106 43 cum
1376 1936 182 43 corpore:
1513 1936 106 43 Sed
1573 1936 151 43 actus,
1679 1936 106 43 qui
1739 1936 106 43 est
1800 1936 212 43 beatitudo,
1966 1936 106 43 non
2012 1936 151 43 conuenit

1321 1970 146 46 inimae
1424 1970 88 46 in
1468 1970 146 46 ordine
1570 1970 88 46 ad
1614 1970 161 46 corpus;
1732 1970 117 46 ergo
1805 1970 103 46 &c.
1863 1970 132 46 Maior
1951 1970 146 46 patet.
2054 1970 146 46 Minori

1327 2016 196 48 probatur:
1478 2016 121 48 quia
1553 2016 121 48 ille
1629 2016 136 48 actus
1719 2016 106 48 non
1780 2016 181 48 conuenit
1915 2016 151 48 animae
2021 2016 91 48 in
2051 2016 121 48 ordine

1314 2052 99 55 ad
1363 2052 181 55 corpus,
1495 2052 99 55 in
1544 2052 115 55 quo
1610 2052 165 55 corpus
1725 2052 115 55 non
1791 2052 230 55 communicat
1972 2052 165 55 anime.
2087 2052 115 55 Sed

1317 2086 130 49 actu
1398 2086 261 49 beatitudinis
1610 2086 163 49 corpus
1724 2086 114 49 non
1789 2086 228 49 communicat
1968 2086 179 49 animae:
2082 2086 98 49 quia

1314 2129 147 52 realis
1417 2129 251 52 communicatio,
1624 2129 103 52 vel
1683 2129 133 52 esset
1771 2129 221 52 subiectiue,
1948 2129 103 52 vel
1992 2129 177 52 obiectiue-

1329 2172 101 48 don
1386 2172 216 48 subiectiue:
1559 2172 115 48 quia
1631 2172 187 48 beatitudo
1775 2172 101 48 est
1832 2172 130 48 actus
1919 2172 230 48 intellectus,
2106 2172 72 48 &
2120 2172 58 48 vo

1316 2207 183 42 luntatis
1453 2207 92 42 eo
1499 2207 137 42 modo,
1591 2207 107 42 quo
1652 2207 153 42 dictum
1759 2207 107 42 est
1820 2207 199 42 superius,
1972 2207 76 42 &
2003 2207 107 42 per
2049 2207 122 42 conse-

1325 2252 126 41 uens
1404 2252 110 41 non
1467 2252 157 41 potest
1577 2252 126 41 esse
1656 2252 220 41 subiectiue
1829 2252 94 41 in
1876 2252 189 41 corpore,
2018 2252 110 41 sed
2065 2252 110 41 solum

1307 2294 96 43 in
1355 2294 239 43 intellectu,
1546 2294 80 43 &
1578 2294 223 43 voluntate,
1753 2294 112 43 cum
1817 2294 143 43 actus
1913 2294 159 43 talium
2009 2294 159 43 potentia

1310 2325 104 46 rum
1369 2325 119 46 sint
1444 2325 133 46 actus
1533 2325 222 46 immanentes;
1710 2325 89 46 vt
1755 2325 148 46 patet.
1859 2325 89 46 8.
1903 2325 119 46 met.
1977 2325 104 46 Nec
2022 2325 148 46 obiecti-

1322 2362 101 46 se:
1379 2362 115 46 quia
1451 2362 101 46 per
1509 2362 144 46 nullum
1610 2362 144 46 actum,
1710 2362 187 46 corporis,
1854 2362 101 46 vel
1912 2362 144 46 sensus
1998 2362 173 46 corporalis

1319 2405 71 51 d
1347 2405 213 51 ministratur
1517 2405 156 51 obiectu
1631 2405 198 51 beatificum
1786 2405 113 51 ipsi
1857 2405 142 51 animae
1942 2405 227 51 intellectiuae-

1335 2441 73 51 3
1365 2441 204 51 Praeterea,
1525 2441 146 51 actus,
1627 2441 102 51 qui
1685 2441 102 51 est
1743 2441 131 51 pure,
1831 2441 73 51 &
1860 2441 219 51 simpliciter
2020 2441 146 51 superna-

1317 2480 184 46 turalis,
1455 2480 108 46 non
1516 2480 215 46 intenditur
1686 2480 108 46 per
1747 2480 200 46 aliquotum
1901 2480 200 46 naturalem
2039 2480 123 46 coniun

1307 2523 181 46 ctionem:
1442 2523 105 46 Sed
1503 2523 196 46 beatitudo
1653 2523 105 46 est
1713 2523 135 46 actus
1804 2523 241 46 simpliciter,
1999 2523 75 46 &
2030 2523 120 46 pure
2090 2523 75 46 su-

1313 2564 265 37 pernaturalis,
1532 2564 78 37 &
1563 2564 218 37 coniunctio
1734 2564 156 37 animae
1844 2564 218 37 rationalis
2015 2564 109 37 cum
2062 2564 109 37 huma-

1315 2601 77 43 o
1345 2601 169 43 corpore
1469 2601 108 43 est
1530 2601 231 43 simpliciter
1715 2601 216 43 naturalis:
1885 2601 123 43 ergo
1962 2601 92 43 &c
2008 2601 139 43 minor
2085 2601 77 43 pa-

1317 2640 105 47 et,
1377 2640 179 47 probatur
1511 2640 149 47 maior:
1616 2640 119 47 quia
1690 2640 149 47 illud,
1795 2640 119 47 quod
1869 2640 105 47 fit
1929 2640 105 47 per
1989 2640 149 47 causam
2078 2640 90 47 natu

1310 2686 153 38 ralem,
1417 2686 107 38 hoc
1478 2686 107 38 est
1540 2686 153 38 aliquo
1647 2686 123 38 modo
1724 2686 184 38 naturale
1861 2686 153 38 igitur
1969 2686 184 38 intensio
2091 2686 77 38 bea

1304 2717 196 54 titudinis,
1458 2717 112 54 quae
1528 2717 98 54 est
1584 2717 210 54 simpliciter
1751 2717 266 54 supernaturalis;
1975 2717 98 54 non
2031 2717 140 54 potest
2115 2717 56 54 es

1300 2754 94 48 se
1347 2754 109 48 per
1410 2754 203 48 corporis,
1566 2754 78 48 &
1597 2754 156 48 animae
1707 2754 203 48 naturalem
1847 2754 250 48 coniunctinnem.

1340 2794 78 50 e
1371 2794 217 50 Piaeterea,
1541 2794 186 50 quicquid
1681 2794 109 50 non
1743 2794 171 50 influit
1867 2794 93 50 ad
1913 2794 202 50 causandum
2053 2794 109 50 beatl

1311 2835 178 44 tudinem,
1445 2835 89 44 ab
1489 2835 119 44 illo
1563 2835 104 44 non
1622 2835 148 44 potest
1726 2835 163 44 intendi
1845 2835 119 44 ipsa
1919 2835 208 44 beatitudo:
2082 2835 104 44 Sed

1314 2885 199 35 praedicta
1467 2885 214 35 coniunctio
1635 2885 107 35 non
1697 2885 168 35 influit
1819 2885 92 35 ad
1865 2885 199 35 causandum
2003 2885 153 35 beatitu-

1306 2910 156 54 dinem,
1415 2910 124 54 quia
1493 2910 140 54 talis
1586 2910 218 54 infiuentia
1758 2910 109 54 est
1820 2910 93 54 ab
1866 2910 171 54 obiecto
1975 2910 187 54 beatifico-

1307 2953 123 49 ergo
1368 2953 77 49 &c.

1374 2987 184 50 Preterea,
1515 2987 85 50 si
1558 2987 184 50 praedicta
1699 2987 198 50 coniunctio
1855 2987 127 50 esset
1940 2987 127 50 causa
2011 2987 141 50 intensio

1307 3022 94 61 ris
1360 3022 229 61 beatitudiuis,
1549 3022 94 61 uel
1603 3022 121 61 esset
1684 3022 121 61 causa
1765 3022 216 61 principalis,
1940 3022 94 61 vel
1994 3022 121 61 causa
2062 3022 94 61 dispo

1293 3072 160 44 sitiua.
1410 3072 102 44 Non
1468 3072 232 44 principalis,
1657 3072 116 44 quia
1729 3072 131 44 talis
1816 3072 131 44 causa
1904 3072 102 44 est
1962 3072 174 44 obiectum
2078 3072 87 44 bea-

1308 3107 176 65 tificum.
1441 3107 103 65 Nec
1499 3107 221 65 dispositua:
1676 3107 118 65 quia
1749 3107 221 65 dispositiue
1926 3107 191 65 intensio,
2073 3107 74 65 &
2087 3107 74 65 re
