2394 3549
182 302 282 60 .SIMIIIIER
403 302 201 60 contra
544 302 242 60 secundam
726 302 322 60 conclusionem
967 302 121 60 ali-

237 356 93 52 ui
284 356 217 52 haeretici,
455 356 109 52 qui
517 356 186 52 peccatum
656 356 171 52 hominis
781 356 217 52 retorquent
951 356 93 52 in
982 356 109 52 Deum,

235 397 155 57 possent
347 397 155 57 arguere
446 397 70 57 sic

233 428 80 54 1
265 428 128 54 Quia
345 428 144 54 ille,
441 428 112 54 qui
505 428 160 54 tradit
617 428 176 54 aliquem
746 428 96 54 in
794 428 160 54 sensum
890 428 192 54 peruersum,

226 475 155 45 videtur
339 475 113 45 esse
409 475 127 45 causa
494 475 113 45 suae
564 475 254 45 peruersitatis:
775 475 99 45 sed
832 475 127 45 dicit
916 475 141 45 Apost.
1001 475 85 45 Tra-

216 518 139 49 didit
308 518 108 49 eos
370 518 124 49 Deus
447 518 93 49 in
494 518 185 49 reprobum
633 518 170 49 sensum,
756 518 93 49 vt
803 518 170 49 faciant
926 518 124 49 quae
1004 518 108 49 non

214 556 220 44 conueniunt.
390 556 88 44 Et
434 556 147 44 ibidem
537 556 103 44 ait
595 556 147 44 glosa,
698 556 117 44 quae
771 556 161 44 accepta
888 556 103 44 est
947 556 88 44 de
976 556 103 44 libro

225 596 116 41 Aug.
298 596 102 41 qui
356 596 218 41 intitulatur
530 596 87 41 de
574 596 160 41 gratia,
690 596 73 41 &
719 596 145 41 libero
821 596 189 41 arbitrio.
951 596 131 41 Manife-

219 635 130 41 stum
300 635 113 41 est
365 635 130 41 Deum
446 635 178 41 operari
575 635 97 41 in
624 635 195 41 cordibus
770 635 195 41 hominum,
900 635 178 41 inclinan-

202 673 95 45 do
250 673 222 45 voluntates
424 673 143 45 eorum
520 673 95 45 in
567 673 206 45 quodcuque
726 673 206 45 voluerit,
885 673 127 45 siuc
948 673 127 45 bonum,

213 711 122 45 siue
289 711 153 45 malum:
396 711 107 45 sed
458 711 199 45 inclinare
611 711 168 45 aliquem
733 711 92 45 ad
779 711 138 45 malum
871 711 168 45 videtur
978 711 92 45 esse

198 753 225 51 peccatum:
371 753 139 51 ergo
440 753 87 51 &c.

232 782 71 56 2
260 782 199 56 Praeterea,
417 782 171 56 quicquid
545 782 100 56 est
602 782 128 56 causa
687 782 156 56 causae,
801 782 156 56 videtur
915 782 114 56 esse
971 782 100 56 causa

201 835 175 41 causati:
333 835 102 41 sed
391 835 117 41 Deus
464 835 102 41 est
522 835 131 41 causa
610 835 146 41 liberi
712 835 190 41 arbitrij,
858 835 117 41 quod
931 835 102 41 est
975 835 102 41 causa

202 874 189 51 peecati,
344 874 110 51 est
407 874 142 51 etiam
501 874 142 51 causa
595 874 157 51 omnium
705 874 220 51 qualitatum
878 874 110 51 nos
926 874 142 51 inflam-

203 910 204 53 mantium,
356 910 85 53 &
390 910 272 53 inclinantium
611 910 102 53 ad
662 910 238 53 peccandum:
849 910 136 53 ergo
917 910 68 53 &c

202 946 81 50 3
234 946 228 50 Praeterea,
413 946 98 50 ex
462 946 293 50 determinatione
706 946 228 50 Inmocentij
885 946 179 50 dicitur
999 946 65 50 in

214 989 192 41 decretis.
362 989 104 41 Nec
421 989 133 41 caret
510 989 178 41 serupulo
644 989 207 41 societatis
806 989 192 41 occultae,
955 989 104 41 qui
999 989 74 41 ma-

204 1032 162 40 nifesto
322 1032 177 40 facinori
455 1032 162 40 desinit
572 1032 177 40 obuiare:
705 1032 103 40 Sed
764 1032 118 40 Deus
837 1032 177 40 peccatum
955 1032 118 40 cuius-

202 1070 125 53 libet
286 1070 181 53 creaturae
425 1070 153 53 posset,
536 1070 83 53 si
577 1070 153 53 vellet,
689 1070 181 53 totaliter
828 1070 209 53 praeuenire.
981 1070 83 53 ergo

226 1104 71 52 4
254 1104 200 52 Praeterea,
411 1104 100 52 qui
468 1104 157 52 indurat
582 1104 143 52 alium,
682 1104 86 52 ne
725 1104 171 52 resiliat
853 1104 71 52 a
882 1104 171 52 peccato,
996 1104 71 52 seu

197 1143 175 46 inclinat
328 1143 87 46 ad
372 1143 247 46 perseuerandum
576 1143 87 46 in
619 1143 175 46 peccato,
750 1143 116 46 ille
823 1143 160 46 videtur
925 1143 145 46 peccare:

204 1184 105 46 sed
264 1184 120 46 Deus
339 1184 195 46 indurauit
489 1184 105 46 cor
549 1184 135 46 Phar,
638 1184 90 46 vt
683 1184 165 46 saepius
803 1184 165 46 apparet
923 1184 90 46 in
953 1184 90 46 Exo.

222 1227 76 44 3
252 1227 213 44 Praeterea,
420 1227 107 44 qui
480 1227 198 44 subtrahit
633 1227 152 44 illud,
739 1227 122 44 sine
815 1227 107 44 quo
876 1227 183 44 peccatum
998 1227 76 44 vi-

199 1259 118 49 tare
273 1259 104 49 non
332 1259 192 49 possumus,
481 1259 104 49 est
540 1259 133 49 causa
629 1259 178 49 peccati:
762 1259 104 49 sed
821 1259 118 49 Deus
880 1259 178 49 subtrahen-

214 1302 104 50 dso
274 1302 164 50 gratiam
393 1302 134 50 suam,
482 1302 194 50 subtrahlt
632 1302 149 50 illud,
736 1302 119 50 sine
811 1302 104 50 quo
870 1302 104 50 nec
915 1302 149 50 possumus

202 1343 177 53 operari
331 1343 161 53 bonum,
443 1343 113 53 nec
507 1343 161 53 vitare
620 1343 161 53 malum,
732 1343 96 53 vt
781 1343 145 53 patet
877 1343 113 53 per
925 1343 145 53 August.

204 1380 102 49 qui
263 1380 87 49 in
306 1380 131 49 libro
394 1380 87 49 de
438 1380 160 49 natura,
554 1380 73 49 &
583 1380 160 49 gratia,
700 1380 102 49 sic
758 1380 117 49 ait.
831 1380 146 49 Cratia
933 1380 87 49 in
962 1380 102 49 anima

200 1419 109 49 est
263 1419 140 49 sicut
356 1419 124 49 lux,
434 1419 109 49 per
496 1419 124 49 quam
574 1419 124 49 homo
651 1419 140 49 bonum
745 1419 202 49 operatur,
900 1419 78 49 &
931 1419 124 49 sine
993 1419 78 49 qua

203 1456 140 46 bonum
297 1456 172 46 operari
422 1456 109 46 non
484 1456 172 46 potest.
609 1456 94 46 Et
656 1456 94 46 in
702 1456 109 46 lib
765 1456 234 46 confestait.
936 1456 125 46 Oratia

205 1501 133 42 tuae
288 1501 166 42 deputo
404 1501 232 42 quaecumque
587 1501 133 42 mala
669 1501 116 42 non
736 1501 149 42 feci,
835 1501 116 42 sed
901 1501 149 42 malum
984 1501 83 42 non

194 1538 147 54 facere
297 1538 103 54 non
356 1538 133 54 esset
445 1538 206 54 imputandum
607 1538 177 54 gratiae,
740 1538 88 54 si
784 1538 147 54 carens
887 1538 147 54 gratia
976 1538 88 54 pos-

206 1578 110 49 set
269 1578 110 49 non
316 1578 141 49 peccare

252 1615 98 47 Ad
301 1615 163 47 primum
415 1615 163 47 primae
529 1615 261 47 conclusionis
741 1615 196 47 dicendum
888 1615 98 47 ad
920 1615 147 47 minoren

218 1653 124 57 quod
296 1653 171 57 quamuis
421 1653 264 57 consequentia,
638 1653 124 57 quae
716 1653 233 57 producitur,
887 1653 187 57 praetendi-

216 1691 139 51 turque
313 1691 83 51 in
355 1691 111 51 illa
425 1691 209 51 propositone
591 1691 236 51 condicionali,
786 1691 97 51 sit
842 1691 125 51 vera:
925 1691 125 51 tamen
995 1691 70 51 an-

209 1732 204 49 tecedens,
366 1732 79 49 &
398 1732 220 49 consequens
571 1732 126 49 sunt
649 1732 267 49 impossibilia;
854 1732 204 49 impossibili

207 1767 120 53 enim
282 1767 120 53 est,
357 1767 120 53 quod
433 1767 120 53 Deus
508 1767 135 53 velit
598 1767 180 53 peccare,
733 1767 75 53 &
763 1767 226 53 impossibile
944 1767 105 53 est
989 1767 75 53 cum

207 1813 134 52 posse
296 1813 179 52 peccare.
430 1813 119 52 Vnde
505 1813 149 52 simile
609 1813 104 52 est
668 1813 89 52 de
713 1813 193 52 praedicta
847 1813 223 52 consequentia:

212 1852 140 44 sicut,
310 1852 84 44 si
352 1852 196 44 diceretur:
505 1852 140 44 asinus
603 1852 126 44 habet
687 1852 140 44 penas,
785 1852 84 44 si
827 1852 140 44 volat:
910 1852 154 44 consequen

208 1892 103 49 tia
267 1892 118 49 enim
341 1892 103 49 est
400 1892 133 49 vera,
489 1892 162 49 quamuis
607 1892 207 49 antecedens
770 1892 103 49 sit
829 1892 236 49 impossibile,
1021 1892 74 49 &

219 1926 192 57 similiter
367 1926 222 57 consequens:
544 1926 118 57 ideo
603 1926 74 57 &c.

247 1971 100 47 Ad
297 1971 200 47 secundum
447 1971 216 47 dicendum,
613 1971 133 47 quod
696 1971 166 47 duplex
813 1971 116 47 est
879 1971 200 47 occasio.
1012 1971 50 47 s

215 2000 135 56 data,
305 2000 135 56 puta,
395 2000 150 56 actiue
500 2000 90 56 se
545 2000 150 56 habens
650 2000 90 56 ex
695 2000 135 56 parte
785 2000 150 56 dantis
875 2000 195 56 occasionem,

204 2047 74 45 &
234 2047 164 45 oceasio
353 2047 179 45 accepta,
487 2047 134 45 puta,
576 2047 164 45 passiue
695 2047 89 45 se
740 2047 149 45 habens
844 2047 89 45 ex
888 2047 134 45 parte
963 2047 104 45 reci-

217 2088 166 51 ientis
334 2088 249 51 occasionem:
533 2088 149 51 Primo
632 2088 149 51 modo,
732 2088 166 51 aliquo
848 2088 133 51 modo
915 2088 149 51 occasio

215 2127 163 50 peccati
334 2127 193 50 insurgens
482 2127 89 50 ab
527 2127 148 50 aliquo
631 2127 193 50 praecepto
779 2127 223 50 retorquetur
957 2127 89 50 in
987 2127 74 50 pre

213 2177 212 36 tipientem,
379 2177 136 36 iuxta
470 2177 136 36 illud
561 2177 136 36 Psal.
652 2177 166 36 Nunquid
773 2177 166 36 adheret
894 2177 121 36 tibi
954 2177 106 36 sedes

210 2205 236 47 iniquitatis,
402 2205 103 47 qui
461 2205 148 47 fingis
565 2205 162 47 laborem
683 2205 89 47 in
727 2205 207 47 praecepto.
890 2205 103 47 Sed
934 2205 133 47 secundo

211 2246 124 46 modo
289 2246 124 46 non:
367 2246 93 46 Et
413 2246 124 46 quia
491 2246 217 46 praeceptum
662 2246 109 46 Dei
724 2246 93 46 in
770 2246 93 46 se
817 2246 124 46 fuit
879 2246 186 46 virtuosum,

209 2284 74 47 &
239 2284 133 47 bonum
327 2284 74 47 :
357 2284 147 47 igitur
460 2284 88 47 in
504 2284 118 47 ipso
578 2284 192 47 praecepto
725 2284 103 47 non
784 2284 118 47 fuit
858 2284 162 47 occasio
961 2284 103 47 data,

203 2320 109 53 sed
266 2320 140 53 solum
359 2320 186 53 accepta,
499 2320 140 53 quare
592 2320 93 53 ex
639 2320 202 53 huiusmodi
794 2320 202 53 occasione
949 2320 109 53 non
996 2320 62 53 po

207 2370 118 40 test
281 2370 147 40 argui,
384 2370 118 40 quod
458 2370 118 40 Deus
531 2370 103 40 sit
590 2370 132 40 causa
678 2370 191 40 peccanti:
825 2370 88 40 Et
870 2370 118 40 idco
929 2370 132 40 Aposto-

210 2402 105 49 lus
270 2402 180 49 tractans
405 2402 135 49 istam
495 2402 180 49 materiam
630 2402 120 49 ait.
704 2402 195 49 Decasione
854 2402 180 49 accepta,
974 2402 90 49 pec-

204 2441 159 43 catum
310 2441 124 43 per
381 2441 212 43 mandatum
540 2441 212 43 operatum
698 2441 124 43 est
769 2441 106 43 in
822 2441 106 43 me
875 2441 159 43 omnem
963 2441 106 43 con-

203 2477 247 52 cupiseentiam,
407 2477 131 52 quasi
494 2477 145 52 dicat.
595 2477 87 52 In
639 2477 102 52 Dei
697 2477 160 52 mandato
813 2477 102 52 non
871 2477 116 52 fuit
929 2477 131 52 occasio

204 2520 165 56 peccati
324 2520 90 56 ex
369 2520 135 56 paite
459 2520 165 56 dantis,
579 2520 105 56 sed
639 2520 135 56 solum
729 2520 90 56 ex
774 2520 135 56 parte
849 2520 210 56 accipientis.

246 2558 89 45 Ad
291 2558 164 45 tertium
410 2558 134 45 patet
499 2558 89 45 ex
544 2558 119 45 his,
618 2558 119 45 quae
692 2558 134 45 dixi.
781 2558 104 45 37.
841 2558 149 45 distin
930 2558 134 45 secundi

212 2594 139 46 libri
304 2594 262 46 sententiarum.
519 2594 123 46 Dixi
596 2594 123 46 enim
673 2594 123 46 ibi,
750 2594 123 46 quod
827 2594 215 46 argumentum
981 2594 77 46 non

209 2636 116 54 plus
282 2636 203 54 conuincit,
442 2636 116 54 nisi
515 2636 116 54 quod
587 2636 116 54 Deus
660 2636 145 54 ipsius
762 2636 174 54 peccanti
893 2636 145 54 potest
980 2636 87 54 dici

200 2682 149 45 causa,
305 2682 120 45 sine
379 2682 105 45 qua
439 2682 120 45 non:
514 2682 120 45 quia
589 2682 90 45 si
634 2682 120 45 Deus
708 2682 224 45 subtraheret
873 2682 194 45 influentiam

204 2715 134 45 suam,
293 2715 179 45 peccator
427 2715 104 45 nec
487 2715 149 45 posset
591 2715 134 45 esse,
680 2715 104 45 nec
740 2715 179 45 operari,
874 2715 74 45 &
903 2715 104 45 per
948 2715 119 45 conse-

222 2754 144 55 uens
312 2754 126 55 non
384 2754 180 55 posset
492 2754 180 55 peccare.

234 2789 103 50 Ad
285 2789 171 50 primum
405 2789 171 50 contra
525 2789 206 50 secundam
679 2789 274 50 conclusionem
885 2789 188 50 dicendum,

237 2837 91 45 od
282 2837 121 45 Deus
358 2837 136 45 iusto
448 2837 106 45 suo
509 2837 166 45 iudicio
629 2837 91 45 ab
675 2837 196 45 aliquibus
826 2837 151 45 aufert
916 2837 151 45 auxilium

200 2870 128 48 suum
280 2870 176 48 propter
408 2870 144 48 eorum
504 2870 208 48 demerita;
665 2870 144 48 ipsis
761 2870 96 48 in
809 2870 224 48 opprobrium
969 2870 96 48 sem-

218 2906 187 52 iternum
354 2906 239 52 cadentibus
542 2906 153 52 manum
644 2906 239 52 adiutricem
831 2906 119 52 non
883 2906 187 52 praestan-

209 2947 109 50 do,
272 2947 78 50 &
303 2947 124 50 tunc
380 2947 171 50 dicitur
504 2947 109 50 eos
566 2947 186 50 tradete,
706 2947 202 50 indurare,
861 2947 109 50 vel
923 2947 93 50 ad
954 2947 109 50 malum

198 2987 215 50 inclinare,
367 2987 108 50 non
428 2987 169 50 agendo,
551 2987 108 50 vel
612 2987 184 50 mouendo;
751 2987 108 50 sed
812 2987 154 50 potius
904 2987 154 50 deseren-

192 3025 118 51 do,
260 3025 118 51 vel
327 3025 152 51 malum
428 3025 152 51 eorum
529 3025 118 51 non
596 3025 253 51 impediendo;
799 3025 101 51 eo
849 3025 135 51 quod
916 3025 152 51 indigni

205 3070 118 51 sint
279 3070 147 51 diuino
382 3070 206 51 adiutorio.

247 3102 102 59 Ad
298 3102 203 59 secundum
451 3102 220 59 dicendum,
620 3102 136 59 quod
705 3102 153 59 licet
807 3102 170 59 illud,
925 3102 136 59 quod
993 3102 68 59 es

200 3148 137 55 aausa
291 3148 167 55 causae,
412 3148 106 55 sit
473 3148 137 55 causa
564 3148 182 55 causaci,
701 3148 106 55 non
761 3148 167 55 oportet
883 3148 152 55 tamens
974 3148 91 55 quod

1108 295 106 67 sit
1168 295 136 67 causa
1259 295 166 67 causati
1380 295 166 67 propter
1501 295 121 67 quam
1577 295 121 67 sic:
1652 295 106 67 sed
1713 295 166 67 sufcit,
1834 295 121 67 quod
1894 295 76 67 sit

1114 356 135 48 causa
1204 356 180 48 causati,
1339 356 120 48 sine
1414 356 105 48 qua
1474 356 120 48 non.
1550 356 105 48 Vel
1610 356 195 48 dicendum,
1760 356 120 48 quod
1820 356 150 48 effectus

1115 400 162 42 causati
1233 400 103 42 vel
1292 400 176 42 competit
1424 400 176 42 causato,
1556 400 88 42 vt
1600 400 103 42 est
1659 400 176 42 causatum
1792 400 74 42 a
1821 400 118 42 tali
1880 400 88 42 cau-

1103 440 110 42 sa,
1166 440 110 42 vel
1229 440 94 42 vt
1276 440 157 42 deuiat
1386 440 94 42 ab
1433 440 110 42 ea.
1496 440 142 42 Primo
1591 440 126 42 modo
1669 440 204 42 concludit
1811 440 157 42 argumen-

1118 481 116 42 um,
1185 481 83 42 &
1218 481 116 42 non
1284 481 182 42 secundo
1416 481 149 42 modo:
1515 481 99 42 Et
1565 481 132 42 quia
1648 481 182 42 peceare
1780 481 116 42 non
1830 481 132 42 conue-

1117 517 99 44 nit
1174 517 199 44 voluntati,
1330 517 85 44 vt
1372 517 71 44 a
1401 517 99 44 Deo
1457 517 156 44 causata
1571 517 113 44 est,
1642 517 113 44 sed,
1713 517 85 44 vt
1755 517 142 44 deuiat
1855 517 71 44 a
1883 517 113 44 Deo

1110 555 122 45 ideo
1186 555 107 45 &c.
1247 555 137 45 Sicut
1339 555 122 45 enim
1415 555 137 45 motus
1506 555 153 45 tibiae
1613 555 183 45 causatur
1750 555 76 45 a
1781 555 168 45 virtute
1888 555 76 45 mo-

1116 593 121 48 iua,
1191 593 121 48 quae
1267 593 106 48 est
1327 593 91 48 in
1372 593 181 48 animali,
1508 593 226 48 claudicatio
1689 593 136 48 autem
1780 593 136 48 talis
1855 593 106 48 motus

1109 631 103 45 non
1168 631 177 45 conuenit
1301 631 118 45 tali
1375 631 148 45 motui,
1478 631 89 45 vt
1522 631 177 45 causatus
1655 631 103 45 est
1714 631 74 45 a
1744 631 162 45 virtute
1847 631 118 45 motiua

1112 671 129 43 ideo
1192 671 209 43 huiusmodi
1353 671 241 43 claudicatio
1546 671 113 43 non
1610 671 209 43 reducitur
1771 671 96 43 in
1803 671 161 43 virtutem

1106 713 182 42 motiuam:
1242 713 106 42 sed
1303 713 91 42 in
1348 713 182 42 defectum
1485 713 167 42 tibiae,
1606 713 76 42 &
1636 713 227 42 musculorum,
1818 713 106 42 vel
1864 713 106 42 etiam

1109 752 195 53 quandoque
1259 752 90 53 in
1304 752 210 53 libertatem
1468 752 254 53 claudicantis,
1678 752 90 53 si
1723 752 224 53 claudicatio
1887 752 75 53 fue

1108 791 101 43 rit
1165 791 216 43 voluntaria,
1338 791 101 43 sic
1396 791 87 43 in
1439 791 187 43 proposito
1569 791 72 43 &c.

1142 819 97 55 Ad
1190 819 178 55 tertium
1319 819 210 55 dicendum,
1481 819 129 55 quod
1562 819 129 55 Deus
1642 819 113 55 non
1707 819 178 55 desinit
1820 819 145 55 nostris

1123 874 185 38 eccatis,
1261 874 77 38 &
1292 874 231 38 facinoribus
1476 874 185 38 obuiare:
1615 874 123 38 quia
1692 874 108 38 dum
1753 874 185 38 solumodo
1876 874 77 38 non

1096 913 166 47 facimus
1217 913 121 47 quod
1293 913 91 47 in
1338 913 136 47 nobis
1429 913 121 47 est,
1504 913 166 47 auxiliu
1625 913 106 47 Dei
1686 913 151 47 semper
1792 913 136 47 nobis
1867 913 91 47 prae

1112 947 93 40 to
1158 947 124 40 est,
1235 947 77 40 &
1266 947 124 40 ante
1343 947 201 40 peccatum,
1498 947 93 40 ne
1545 947 247 40 committatur:
1746 947 77 40 &
1776 947 124 40 post
1838 947 124 40 pecca-

1108 986 121 46 tum,
1183 986 90 46 vt
1229 986 226 46 remittatur.
1409 986 90 46 Si
1455 986 121 46 aute
1530 986 106 46 nos
1590 986 211 46 noluerimus
1756 986 166 46 facere,
1862 986 90 46 quod

1103 1027 86 39 in
1146 1027 129 39 nobis
1231 1027 114 39 est,
1303 1027 114 39 tunc
1374 1027 129 39 iusto
1460 1027 157 39 iudicio
1574 1027 214 39 derelinquit
1731 1027 86 39 nons

1139 1059 96 50 Ad
1187 1059 175 50 quartum
1314 1059 143 50 patet
1410 1059 111 50 per
1473 1059 111 50 ea,
1537 1059 127 50 quae
1617 1059 143 50 dicta
1712 1059 127 50 sunt
1792 1059 96 50 ad
1824 1059 143 50 primum.

1135 1103 103 40 Ad
1186 1103 189 40 quintum
1324 1103 223 40 dicendum,
1496 1103 138 40 quod
1582 1103 138 40 Deus
1668 1103 189 40 gratiam
1805 1103 120 40 non
1857 1103 103 40 sub-

1100 1141 161 52 trahit,
1217 1141 117 52 nisi
1290 1141 117 52 quia
1363 1141 117 52 homo
1436 1141 161 52 gratiae
1553 1141 146 52 obicem
1655 1141 146 52 ponit:
1758 1141 88 52 Et
1801 1141 117 52 ideo
1860 1141 102 52 quam-

1103 1184 107 45 uis
1164 1184 122 45 sine
1240 1184 153 45 gratia
1347 1184 107 45 non
1408 1184 183 45 possimus
1546 1184 153 45 vitare
1653 1184 183 45 peccata:
1790 1184 137 45 tamen
1866 1184 92 45 Deus

1094 1224 110 41 non
1157 1224 110 41 est
1220 1224 141 41 causa
1313 1224 188 41 peccati:
1454 1224 110 41 sed
1517 1224 125 41 homo
1595 1224 156 41 ponens
1705 1224 156 41 obicem
1799 1224 156 41 gratiae:

1107 1259 107 46 Nam
1168 1259 183 46 secundum
1305 1259 168 46 Dionys:
1427 1259 137 46 sicut
1518 1259 107 46 sel
1579 1259 122 46 iste
1655 1259 229 46 materialis,
1823 1259 137 46 quantum

1096 1300 82 42 de
1137 1300 82 42 se
1179 1300 110 42 est,
1247 1300 96 42 non
1302 1300 220 42 ratiocinans,
1481 1300 124 42 neque
1563 1300 206 42 praecligens
1728 1300 137 42 radios
1824 1300 110 42 suae
1879 1300 82 42 cla-

1098 1336 170 43 ritatis
1221 1336 139 43 rebus
1314 1336 248 43 corporalibus
1515 1336 139 43 iuxta
1608 1336 139 43 modum
1701 1336 124 43 suae
1763 1336 201 43 capacitatis

1090 1375 212 48 infundit,
1253 1375 114 48 sic
1318 1375 130 48 Deus
1383 1375 65 48 &c

1220 1452 439 78 ARTICVLVS
1558 1452 202 78 II
1659 1452 236 78 un:
1760 1452 135 78 :n

1145 1527 145 82 Vtrum
1242 1527 193 82 christus
1387 1527 161 82 possit
1499 1527 113 82 vel
1564 1527 193 82 potuerit
1693 1527 193 82 actualiter

1410 1605 205 58 peccare.

1166 1682 202 53 VANTVM
1307 1682 121 53 ad
1368 1682 243 53 secundum
1550 1682 263 53 articulum
1732 1682 223 53 dicendum,

1213 1730 128 51 quod
1293 1730 128 51 quia
1373 1730 112 51 hoc
1437 1730 144 51 nomen
1533 1730 192 51 Christus
1676 1730 192 51 exprimit
1804 1730 144 51 diuinum

1101 1768 227 48 suppositum:
1282 1768 121 48 ideo
1358 1768 227 48 simpliciter
1540 1768 197 48 loquendo,
1691 1768 182 48 Christus
1827 1768 106 48 non
1872 1768 76 48 po-

1091 1810 124 46 test
1168 1810 186 46 peccare.
1307 1810 93 46 Et
1354 1810 108 46 hoc
1416 1810 139 46 patet
1509 1810 155 46 eisdem
1617 1810 232 46 rationibus,
1803 1810 155 46 quibus
1896 1810 62 46 in

1098 1850 124 48 art.
1175 1850 216 48 precedenti
1345 1850 108 48 est
1407 1850 201 48 probatum,
1561 1850 124 48 quod
1639 1850 124 48 Deus
1716 1850 108 48 non
1778 1850 155 48 potest
1871 1850 77 48 poc

1096 1894 143 45 care:
1191 1894 111 45 Sed
1255 1894 190 45 loquendo
1397 1894 95 45 de
1445 1894 190 45 Christo,
1587 1894 158 45 quatum
1698 1894 95 45 ad
1746 1894 174 45 naturam
1857 1894 95 45 huma

1093 1929 129 48 nam,
1174 1929 129 48 quam
1254 1929 162 48 verbum
1367 1929 178 48 diuinum
1497 1929 226 48 assumpsit,
1674 1929 129 48 tunc
1755 1929 162 48 illud,
1852 1929 97 48 quod

1111 1965 174 48 etitur,
1238 1965 158 48 potest
1348 1965 158 48 habere
1459 1965 189 48 duplicem
1601 1965 253 48 intellectum.
1806 1965 111 48 Vno
1853 1965 95 48 modo

1104 2000 206 59 manentibus
1266 2000 191 59 habitibus
1413 2000 177 59 gratiae,
1546 2000 74 59 &
1575 2000 162 59 gloriae
1693 2000 88 59 in
1737 2000 132 59 anima
1811 2000 147 59 Christi,

1102 2051 152 43 quibus
1208 2051 106 43 pro
1269 2051 121 43 nunc
1345 2051 91 43 de
1390 2051 137 43 facto
1481 2051 182 43 tredimus
1618 2051 137 43 ipsam
1709 2051 121 43 esse
1770 2051 182 43 perfectam:

1097 2086 141 43 vtrum
1191 2086 204 43 Christus,
1348 2086 110 43 quo
1411 2086 94 43 ad
1458 2086 141 43 illam
1553 2086 251 43 humanitatem,
1757 2086 110 43 seu
1804 2086 141 43 ratione

1101 2124 149 44 lllius
1205 2124 223 44 humanitatis
1384 2124 149 44 possit
1488 2124 179 44 peccare.
1622 2124 119 44 Alio
1696 2124 208 44 subtractis
1845 2124 104 44 omni-

1103 2161 108 50 bus
1164 2161 169 50 talibus
1287 2161 277 50 perfectionibus
1518 2161 92 50 ab
1564 2161 215 50 humanitate
1734 2161 200 50 Christi;,
1872 2161 77 50 ita

1094 2201 122 46 quod
1170 2201 122 46 ipsa
1246 2201 91 46 in
1292 2201 122 46 suis
1368 2201 137 46 puris
1459 2201 228 46 naturalibus
1642 2201 213 46 constituta
1794 2201 152 46 remaneat

1094 2242 135 46 verbo
1184 2242 135 46 vnita
1274 2242 75 46 :
1304 2242 135 46 vtrum
1395 2242 105 46 non
1455 2242 180 46 obstante
1590 2242 120 46 tali
1665 2242 226 46 suppositali
1831 2242 120 46 vnione

1103 2281 125 44 homo
1182 2281 188 44 Christus
1323 2281 157 44 possit
1432 2281 172 44 paccare
1557 2281 172 44 quantum
1683 2281 94 44 ad
1730 2281 141 44 talem
1808 2281 141 44 naturam

1098 2325 211 42 humanam.
1256 2325 158 42 Primo
1362 2325 140 42 modo
1449 2325 105 42 ad
1502 2325 123 42 hoc
1572 2325 123 42 est
1642 2325 211 42 multorum
1783 2325 175 42 doctorum

1100 2357 230 47 poncordia,
1280 2357 131 47 quod
1362 2357 131 47 homo
1444 2357 213 47 Christus,
1608 2357 197 47 secundum
1756 2357 148 47 talem
1838 2357 115 47 natu-

1096 2394 125 48 ram,
1174 2394 109 48 non
1237 2394 156 48 possit
1346 2394 187 48 peccare,
1486 2394 93 48 eo
1533 2394 125 48 quod
1610 2394 109 48 non
1673 2394 156 48 minus,
1782 2394 109 48 sed
1828 2394 125 48 perfe-

1110 2436 118 48 tius
1184 2436 103 48 sit
1243 2436 89 48 in
1287 2436 162 48 gratia,
1406 2436 74 48 &
1435 2436 148 48 gloria
1539 2436 236 48 confirmatus,
1730 2436 118 48 quam
1790 2436 162 48 quicunque

1103 2481 205 38 peatorum
1257 2481 205 38 hominum,
1410 2481 120 38 aut
1479 2481 239 38 Angelorum.
1667 2481 120 38 Sed
1735 2481 188 38 secundo
1855 2481 85 38 mo-

1099 2515 103 47 do
1150 2515 189 47 sumendo
1287 2515 189 47 naturam
1425 2515 206 47 humanam,
1579 2515 189 47 quamuis
1716 2515 171 47 aliqui
1819 2515 137 47 docto-

1106 2552 93 48 es
1152 2552 170 48 teneant
1275 2552 216 48 oppositum:
1445 2552 124 48 mihi
1523 2552 139 48 tamen
1615 2552 185 48 videtur,
1754 2552 124 48 quod
1816 2552 139 48 posito,

1101 2592 118 53 quod
1175 2592 118 53 illa
1248 2592 147 53 natura
1352 2592 88 53 in
1396 2592 118 53 suis
1469 2592 132 53 puris
1558 2592 221 53 naturalibus
1734 2592 162 53 fuisset
1837 2592 118 53 assum-

1110 2633 118 48 ita,
1184 2633 118 48 ille
1257 2633 118 48 homo
1331 2633 162 48 numquam
1448 2633 191 48 potuisset
1595 2633 176 48 peccare,
1728 2633 118 48 nisi
1801 2633 73 48 a
1816 2633 132 48 supposi

1099 2680 86 40 to
1142 2680 143 40 diuino
1241 2680 128 40 prius
1327 2680 157 40 fuisset
1441 2680 186 40 derelicta
1584 2680 114 40 illa
1655 2680 157 40 natura,
1769 2680 71 40 &
1798 2680 86 40 in
1827 2680 128 40 proprio

1105 2710 192 56 upposito
1233 2710 192 56 constituta

1132 2747 124 53 Quia
1210 2747 140 53 actus
1303 2747 202 53 includens
1458 2747 248 53 repugnantiam
1660 2747 93 53 ad
1707 2747 233 53 suppositum,
1877 2747 78 53 quo

1102 2788 141 50 aliqua
1200 2788 141 50 natura
1299 2788 169 50 supposit
1425 2788 141 50 aliter
1524 2788 239 50 substentatur,
1721 2788 98 50 non
1777 2788 141 50 potest
1862 2788 84 50 com-

1105 2826 142 51 petere
1204 2826 113 51 tali
1275 2826 156 51 nature,
1389 2826 99 51 vel
1445 2826 142 51 alicui
1545 2826 156 51 ratione
1658 2826 128 51 talis
1743 2826 170 51 naturae,
1857 2826 99 51 quam-

1103 2864 102 52 diu
1162 2864 131 52 manet
1249 2864 174 52 predicto
1379 2864 189 52 supposito
1524 2864 261 52 soppositaliter
1742 2864 189 52 copulata,
1872 2864 73 52 set

1100 2904 165 50 vnita:
1215 2904 115 50 Sed
1281 2904 181 50 peccare
1412 2904 198 50 includit
1561 2904 264 50 repugnantiam
1775 2904 99 50 ad
1808 2904 148 50 diuinum

1103 2949 226 47 suppositum.
1283 2949 135 47 Maior
1374 2949 150 47 patet:
1479 2949 120 47 quia
1554 2949 150 47 natura
1659 2949 105 47 non
1719 2949 135 47 agit:
1810 2949 105 47 sed
1855 2949 90 47 sup-

1109 2988 196 45 positorum
1260 2988 211 45 tantummodo
1426 2988 106 45 est
1486 2988 151 45 agere:
1592 2988 151 45 igitur
1697 2988 91 45 si
1743 2988 181 45 Christus
1863 2988 91 45 pec-

1108 3021 162 47 taret,
1221 3021 129 47 tunc
1302 3021 178 47 diuinum
1431 3021 226 47 suppositum
1609 3021 210 47 peccaret,
1771 3021 113 47 cum
1820 3021 129 47 nullun

1093 3059 220 56 suppositum
1266 3059 110 56 sit
1329 3059 94 56 in
1376 3059 173 56 Christo
1501 3059 125 56 nisi
1580 3059 188 56 diuinum.
1721 3059 141 56 Minor
1815 3059 141 56 patet
1893 3059 63 56 ex

1097 3106 135 55 dictis
1192 3106 81 55 in
1233 3106 81 55 1.
1260 3106 81 55 art.

1127 3141 211 59 Praeterea,
1293 3141 136 59 actio
1383 3141 121 59 plus
1459 3141 196 59 imputanda
1610 3141 106 59 est
1670 3141 211 59 principali
1821 3141 136 59 agenti,
