2428 3529
433 264 83 65 in
475 264 195 65 proposito:
628 264 111 65 quia
697 264 195 65 supponitur
850 264 83 65 in
892 264 111 65 ista
961 264 153 65 minori,
1073 264 111 65 quod
1142 264 125 65 talis
1212 264 83 65 ani-

430 320 94 47 ma
477 320 110 47 sit
540 320 79 47 a
572 320 173 47 corpore
698 320 204 47 separata.
855 320 110 47 Nec
918 320 204 47 secundum:
1075 320 126 47 quia
1138 320 157 47 supponi-

442 357 116 48 tur,
515 357 116 48 quod
588 357 102 48 sit
646 357 175 48 perfecte
777 357 175 48 purgata.
908 357 102 48 Nec
967 357 175 48 tertium:
1098 357 116 48 quia
1156 357 131 48 huiusm;

438 398 87 47 di
481 398 145 47 reatus
582 398 159 47 solutus
698 398 116 47 fuit
771 398 145 47 merita
872 398 188 47 passionis
1017 398 145 47 domini
1118 398 145 47 nostri
1205 398 87 47 lest

447 439 176 48 Christi,
579 439 132 48 iuxta
668 439 117 48 quod
741 439 162 48 dicitur
858 439 88 48 de
903 439 162 48 Christo
1020 439 88 48 in
1064 439 117 48 lsa.
1137 439 117 48 Ipse
1196 439 103 48 autem

442 486 196 42 vulneratus
596 486 98 42 est
652 486 154 42 propter
765 486 211 42 iniquitates
933 486 168 42 nostras,
1059 486 168 42 attritus
1186 486 98 42 est
1228 486 70 42 pro

449 514 116 50 pter
522 514 160 50 scelera
638 514 160 50 nostra,
755 514 203 50 disciplina
915 514 131 50 pacis
1002 514 160 50 nostrae
1118 514 131 50 super
1205 514 116 50 eum,
1263 514 44 50 &

440 561 149 46 liuore
544 561 119 46 eius
619 561 149 46 sanati
723 561 149 46 sumus:
828 561 119 46 Vnde
902 561 134 46 etiam
992 561 149 46 Hicre,
1096 561 119 46 ait,
1156 561 149 46 Spiritus

440 592 116 52 oris
513 592 262 52 nostriChristus
731 592 160 52 dominus
847 592 145 52 captus
949 592 102 52 est
1007 592 87 52 in
1051 592 174 52 peccatis
1167 592 131 52 nostris

444 638 105 51 &c.
504 638 90 51 Et
549 638 149 51 ponunt
653 638 120 51 isti
728 638 194 51 prophatae
877 638 224 51 praeteritum
1057 638 105 51 pro
1117 638 149 51 futuro
1206 638 90 51 pro-

440 677 123 48 pter
517 677 247 48 certitudinem
702 677 200 48 prophetiae.

466 707 79 53 V
498 707 222 53 Praeterea,
672 707 174 53 fidelis
798 707 158 53 anima,
909 707 95 53 ab
957 707 127 53 omni
1036 707 174 53 peccato
1147 707 142 53 purgata

448 751 106 45 non
508 751 151 45 potest
614 751 182 45 consequi
750 751 121 45 suam
826 751 242 45 hereditatem,
1023 751 121 45 nisi
1098 751 136 45 clare
1174 751 121 45 videat

433 790 153 45 deum:
535 790 119 45 Sed
603 790 221 45 immediate
773 790 136 45 post
858 790 170 45 mortem
976 790 136 45 tunc
1061 790 187 45 fidelis
1180 790 119 45 anima

444 828 93 43 ab
490 828 123 43 omni
567 828 170 43 peccato
690 828 185 43 purgata,
829 828 231 43 consequitur
1014 828 123 43 suam
1076 828 216 43 haereditaten

436 868 134 52 ergo
520 868 218 52 immediate
687 868 134 52 post
771 868 167 52 mortem
888 868 151 52 clare
989 868 151 52 videt
1089 868 151 52 deum.
1173 868 117 52 Maior

439 913 142 43 patet:
538 913 113 43 quia
609 913 113 43 deus
679 913 99 43 est
736 913 198 43 haereditas
892 913 127 43 talis
977 913 156 43 animae,
1090 913 127 43 iuxta
1175 913 113 43 quod
1231 913 57 43 in

439 951 89 46 sa
484 951 103 46 ait
543 951 89 46 in
587 951 162 46 psalmo,
705 951 162 46 Dominus
823 951 118 46 pars
897 951 236 46 haereditatis
1089 951 133 46 meae:
1163 951 133 46 Propter

440 986 120 50 quod
515 986 150 50 subdit
620 986 165 50 ibidem,
740 986 135 50 Funes
830 986 210 50 ceciderunt
995 986 120 50 mihi
1070 986 90 50 in
1100 986 195 50 praeclaris:

438 1024 149 49 etenim
543 1024 209 49 haereditas
707 1024 105 49 mea
767 1024 194 49 praeclara
916 1024 105 49 est
976 1024 135 49 mihi;
1066 1024 120 49 Vnde
1141 1024 135 49 etiam
1215 1024 75 49 Hu-

447 1067 87 49 go
490 1067 87 49 de
533 1067 145 49 sancto
635 1067 174 49 victore,
765 1067 87 49 in
809 1067 203 49 expositone
968 1067 159 49 regulae
1084 1067 130 49 beati
1171 1067 116 49 Aug.
1229 1067 72 49 ait

442 1103 138 46 Partes
539 1103 111 46 sibi
608 1103 152 46 faciunt
719 1103 152 46 homines
830 1103 83 46 in
871 1103 166 46 saeculo,
996 1103 125 46 alius
1079 1103 111 46 hoc,
1148 1103 125 46 alius
1217 1103 69 46 il-

440 1143 119 49 lud;
515 1143 119 49 pars
589 1143 134 49 autem
678 1143 164 49 priorum
798 1143 104 49 est
857 1143 119 49 ipse
932 1143 134 49 deus.
1021 1143 134 49 Minor
1110 1143 134 49 eriam
1185 1143 104 49 patet

460 1179 88 40 er
504 1179 133 40 illud
593 1179 162 40 psalmi,
711 1179 103 40 Cum
770 1179 162 40 dederit
887 1179 177 40 dilectis
1020 1179 118 40 suis
1094 1179 162 40 somnum,
1197 1179 88 40 ecc-

441 1223 229 45 haereditas
621 1223 180 45 domini.
751 1223 131 45 Quod
833 1223 164 45 verbum
948 1223 245 45 pertractans
1144 1223 147 45 Oreg.
1226 1223 65 45 in

441 1259 153 45 quadam
548 1259 184 45 homilia,
686 1259 122 45 quae
762 1259 168 45 legitur
885 1259 92 45 de
931 1259 199 45 Apostolis
1084 1259 122 45 ait,
1160 1259 107 45 Cum
1206 1259 92 45 ele-

437 1299 110 53 cti
500 1299 110 53 dei
563 1299 221 53 perueniunt
737 1299 95 53 ad
784 1299 173 53 mortem,
910 1299 126 53 tunc
989 1299 205 53 inueniunt
1130 1299 158 53 haeredi

412 1341 148 50 tatem.

436 1383 80 42 S
468 1383 209 42 Praeterea
629 1383 145 42 anima
726 1383 177 42 fidelis
854 1383 113 42 non
919 1383 161 42 potest
1031 1383 161 42 habere
1144 1383 145 42 requi
1225 1383 64 42 em

444 1417 119 41 nisi
519 1417 104 41 per
578 1417 149 41 ipsius
682 1417 104 41 dei
742 1417 194 41 visionem,
891 1417 74 41 &
921 1417 223 41 fruitionem:
1099 1417 104 41 Sed
1144 1417 149 41 immedia-

440 1456 91 53 te
485 1456 122 53 post
562 1456 152 53 mortem
668 1456 122 53 tunc
744 1456 167 53 fidelis
866 1456 137 53 anima
957 1456 137 53 plene
1049 1456 183 53 purgata,
1185 1456 137 53 veram

438 1492 135 54 habet
528 1492 180 54 requiem;
663 1492 120 54 ergo
737 1492 105 54 &c.
797 1492 135 54 Maior
887 1492 135 54 patet
977 1492 105 54 per
1037 1492 120 54 Aug.
1111 1492 90 54 in
1141 1492 150 54 confess-

445 1531 101 48 vbi
502 1531 116 48 ait,
575 1531 87 48 Ad
618 1531 87 48 te
662 1531 159 48 fecisti
778 1531 101 48 nos
836 1531 159 48 domine,
951 1531 72 48 &
980 1531 188 48 inquietum
1125 1531 101 48 est
1183 1531 101 48 cot
1227 1531 72 48 non

440 1570 148 45 strum,
544 1570 133 45 donec
633 1570 208 45 requiescat
796 1570 89 45 in
840 1570 104 45 te.
900 1570 133 45 Minor
989 1570 133 45 etiam
1078 1570 133 45 patet
1166 1570 89 45 in
1196 1570 89 45 Apo.

438 1613 121 41 cat.
514 1613 106 41 vbi
574 1613 182 41 dicitur,
710 1613 136 41 beati
801 1613 166 41 mortui,
922 1613 106 41 qui
982 1613 91 41 in
1028 1613 151 41 domino
1119 1613 166 41 moriuntur

444 1652 163 52 admodo.
563 1652 104 52 n.m
622 1652 104 52 iam
681 1652 133 52 dicit
770 1652 193 52 spiritus,
918 1652 89 52 vt
963 1652 222 52 requiescant
1141 1652 74 52 a
1156 1652 133 52 labori-

441 1692 104 50 bus
486 1692 104 50 suis.

465 1722 80 50 9
497 1722 224 50 Praeterea,
673 1722 128 50 deus
753 1722 176 50 tamquam
881 1722 240 50 iustissimus
1058 1722 240 50 paterfamilias

435 1771 112 44 non
499 1771 177 44 differt
628 1771 128 44 dare
708 1771 209 44 mercedem,
869 1771 80 44 &
901 1771 193 44 praemium
1045 1771 128 44 his,
1125 1771 161 44 quorum
1222 1771 64 44 mo

438 1809 144 47 ritum
534 1809 192 47 perfecte
678 1809 112 47 est
742 1809 256 47 consummatum;
950 1809 112 47 Sed
1014 1809 176 47 meritum
1126 1809 160 47 cuiusli-

432 1849 106 39 bet
492 1849 152 39 animae
599 1849 182 39 purgatae
735 1849 76 39 a
765 1849 167 39 corpore
887 1849 152 39 exutae
993 1849 106 39 est
1053 1849 182 39 perfecte
1175 1849 121 39 consum

438 1887 147 48 matum:
541 1887 117 48 quia
614 1887 176 48 vlterius
746 1887 103 48 non
805 1887 103 48 est
864 1887 88 48 in
908 1887 132 48 statu
996 1887 176 48 merendi,
1128 1887 73 48 &
1157 1887 117 48 deus
1216 1887 73 48 ess

432 1929 146 49 merces
535 1929 146 49 totius
637 1929 146 49 nostri
740 1929 161 49 meriti,
857 1929 132 49 iuxta
945 1929 117 49 quod
1018 1929 102 49 ait
1076 1929 117 49 deus
1150 1929 117 49 ipsi
1208 1929 88 49 Abra

437 1964 126 44 hae,
516 1964 110 44 Ego
579 1964 205 44 protector
736 1964 126 44 tuus
815 1964 126 44 sum,
894 1964 79 44 &
925 1964 157 44 merces
1035 1964 110 44 tua
1098 1964 142 44 magna
1177 1964 110 44 nimis

442 2004 110 47 Nec
505 2004 142 47 etiam
600 2004 173 47 proprie
726 2004 142 47 datur
820 2004 126 47 deus
899 2004 110 47 per
962 2004 142 47 modum
1056 2004 205 47 mercedis,
1198 2004 94 47 nisi

433 2041 85 48 in
475 2041 114 48 actu
546 2041 185 48 visionis,
688 2041 71 48 &
717 2041 213 48 fruitionis,
887 2041 128 48 iuxta
972 2041 114 48 quod
1043 2041 99 48 ait
1100 2041 128 48 anima
1171 2041 128 48 fidelis

433 2083 90 48 in
478 2083 166 48 psalmo,
599 2083 211 48 Adimplebis
764 2083 90 48 me
810 2083 181 48 laetitia
945 2083 106 48 cum
1006 2083 136 48 vultu
1096 2083 121 48 tuo,
1156 2083 136 48 delecta

443 2123 145 42 tiones
545 2123 87 42 in
589 2123 160 42 dextera
705 2123 102 42 tua
763 2123 131 42 vsque
850 2123 87 42 in
894 2123 145 42 finem;
995 2123 116 42 Ergo
1068 2123 189 42 quaelibet
1199 2123 87 42 ani-

450 2161 88 44 ma
494 2161 175 44 purgata,
626 2161 73 44 a
655 2161 161 44 corpore
772 2161 190 44 separata,
918 2161 132 44 clare
1006 2161 132 44 videt
1093 2161 132 44 deum,
1181 2161 73 44 &
1196 2161 102 44 beati

446 2203 124 41 fice
523 2203 170 41 fruitur
646 2203 108 41 eo.
708 2203 93 41 Et
755 2203 124 41 hanc
832 2203 185 41 rationem
971 2203 155 41 innuit
1079 2203 185 41 propheta
1203 2203 77 41 cun

441 2241 118 45 ait,
515 2241 133 45 lbunt
604 2241 89 45 de
648 2241 163 45 virtute
767 2241 89 45 in
811 2241 192 45 virtutem,
959 2241 74 45 &
989 2241 192 45 videbitur
1137 2241 118 45 deus
1196 2241 89 45 deo-

440 2278 109 49 rum
503 2278 94 49 in
550 2278 140 49 Svon.
643 2278 125 49 Vnde
721 2278 125 49 alia
799 2278 218 49 translatio
971 2278 156 49 habet,
1080 2278 94 49 Do
1127 2278 109 49 nec
1174 2278 109 49 videa

440 2316 111 50 tur
504 2316 127 50 deus
583 2316 175 50 deorum.
711 2316 111 50 vbi
774 2316 191 50 expresse
918 2316 207 50 innuitur,
1077 2316 127 50 quod
1141 2316 143 50 meritum

436 2364 214 46 sanctorum,
604 2364 107 46 quo
665 2364 92 46 de
711 2364 168 46 virtute
833 2364 92 46 in
879 2364 183 46 virtutem
1016 2364 199 46 procedunt
1169 2364 92 46 in
1199 2364 92 46 via,

436 2403 101 39 non
493 2403 217 39 terminatur,
667 2403 130 39 donec
753 2403 87 39 in
797 2403 159 39 patria,
912 2403 173 39 scilicet
1042 2403 87 39 in
1086 2403 173 39 coelesti
1201 2403 87 39 Sion

439 2439 234 53 recipiendo
623 2439 200 53 praemium
773 2439 150 53 clare
874 2439 184 53 videant
1007 2439 150 53 Deum:
1107 2439 150 53 luxta
1191 2439 100 53 quod

441 2479 138 45 etiam
533 2479 169 45 dicitur
656 2479 92 45 in
702 2479 123 45 alio
779 2479 169 45 Psalmo.
902 2479 231 45 Aedificabit
1086 2479 169 45 dominus
1194 2479 92 45 Sion

437 2520 80 49 &
469 2520 111 49 hoc
533 2520 175 49 quantum
660 2520 95 49 ad
707 2520 175 49 fidelis
835 2520 159 49 animae
946 2520 191 49 meritum,
1089 2520 80 49 &
1105 2520 175 49 videbitur

438 2554 94 49 in
485 2554 156 49 gloria
594 2554 125 49 sua,
673 2554 78 49 &
704 2554 109 49 hoc
766 2554 172 49 quantum
891 2554 94 49 ad
922 2554 172 49 praemium.

478 2601 90 36 10
523 2601 211 36 Praeterea,
689 2601 151 36 Apost.
795 2601 90 36 1.
840 2601 90 36 ad
885 2601 121 36 Cor.
960 2601 106 36 13.
1021 2601 121 36 ait,
1096 2601 121 36 Nunc
1156 2601 136 36 videmus

447 2629 108 45 per
508 2629 200 45 speculum,
662 2629 77 45 &
693 2629 92 45 in
739 2629 216 45 aenigmate,
909 2629 123 45 tunc
986 2629 139 45 autem
1079 2629 139 45 facie
1171 2629 92 45 ad
1202 2629 77 45 fa-

432 2676 145 50 ciem.
528 2676 128 50 Ibi,
609 2676 145 50 sicut
705 2676 225 50 communiter
882 2676 225 50 exponitur,
1058 2676 209 50 Apostolus
1203 2676 80 50 por

452 2709 100 51 unc
509 2709 200 51 intelligit
666 2709 143 51 statum
766 2709 200 51 praesentis
924 2709 143 51 vitae,
1024 2709 71 51 &
1052 2709 100 51 per
1109 2709 114 51 tunc
1167 2709 114 51 intel-

438 2750 135 46 ligit
528 2750 150 46 statum
633 2750 165 46 futurae
753 2750 135 46 vitae
843 2750 75 46 :
872 2750 120 46 Ergo
947 2750 195 46 immediate
1097 2750 105 46 ani
1157 2750 90 46 ma
1187 2750 90 46 pur-

438 2789 119 51 gata
513 2789 149 51 exiens
617 2789 149 51 statum
721 2789 134 51 huius
811 2789 149 51 vitae,
915 2789 75 51 &
945 2789 164 51 intrans
1064 2789 149 51 statum
1154 2789 134 51 futurae

432 2829 148 47 vitae,
536 2829 134 47 videt
625 2829 119 47 Deum
699 2829 134 47 facic
788 2829 89 47 ad
833 2829 163 47 faciem,
951 2829 119 47 ergo
1011 2829 59 47 &c

480 2861 100 52 I1
530 2861 233 52 Praeterea,
713 2861 150 52 anima
813 2861 200 52 latronis
963 2861 100 52 ad
1012 2861 200 52 dexteram
1145 2861 150 52 Christi

438 2907 190 49 crucifixi
585 2907 190 49 pendentis
731 2907 132 49 eodem
818 2907 117 49 dic,
891 2907 102 49 quo
950 2907 88 49 ab
994 2907 102 49 hac
1052 2907 117 49 vita
1125 2907 190 49 decessit,

435 2949 137 44 vidit
526 2949 137 44 nudam
618 2949 107 44 Dei
679 2949 214 44 essentiam:
847 2949 122 44 ergo
923 2949 137 44 etiam
1014 2949 137 44 aliae
1106 2949 153 44 animae
1197 2949 92 44 pur-

426 2989 137 48 gatae
517 2989 137 48 ipsam
608 2989 137 48 clare
699 2989 152 48 vident
806 2989 198 48 separatae
958 2989 76 48 a
988 2989 182 48 corpore.
1110 2989 167 48 Consequer

440 3027 114 42 tia
505 3027 163 42 patet.
619 3027 146 42 Probo
716 3027 244 42 antecedens,
912 3027 130 42 quia
993 3027 98 42 vt
1042 3027 179 42 habetur
1172 3027 98 42 in
1205 3027 81 42 Lu-

436 3061 104 56 ca,
496 3061 179 56 Christus
630 3061 134 56 dixit
719 3061 119 56 illi
794 3061 179 56 latroni;
928 3061 134 56 Hodie
1018 3061 134 56 mecum
1107 3061 119 56 eris
1182 3061 89 56 in
1211 3061 75 56 pa

1318 263 177 55 radiso.
1447 263 113 55 Sed
1511 263 113 55 hoc
1575 263 161 55 verbum
1688 263 113 55 non
1752 263 113 55 est
1816 263 273 55 intelligendum
2041 263 96 55 de
2073 263 113 55 para-

1325 313 117 43 diso
1398 313 204 43 corporali,
1559 313 117 43 quia
1632 313 175 43 Christus
1763 313 117 43 illo
1836 313 102 43 die
1894 313 190 43 descendit
2040 313 88 43 ad
2069 313 117 43 infer-

1330 359 134 44 num,
1414 359 134 44 siue
1498 359 101 44 ad
1548 359 168 44 lvmbum
1666 359 185 44 patrum,
1800 359 134 44 ergo
1884 359 117 44 est
1934 359 252 44 intelligendum

1331 390 82 46 de
1372 390 164 46 paradiso
1495 390 204 46 spirituali,
1658 390 109 46 quae
1727 390 177 46 consistit
1863 390 82 46 in
1904 390 164 46 visione,
2026 390 123 46 atque
2095 390 95 46 frui-

1329 430 141 46 tione
1424 430 157 46 ipsius
1534 430 173 46 diuinae
1659 430 220 46 essentiae.
1832 430 94 46 Et
1879 430 141 46 istud
1958 430 220 46 confirmatur,

1327 483 135 38 quia
1412 483 203 38 Christus
1564 483 254 38 promittendo
1767 483 237 38 paradisum,
1952 483 220 38 respondit
2105 483 85 38 la-

1330 506 145 55 troni
1426 506 225 55 postulanti
1604 506 97 55 de
1652 506 145 55 regno
1748 506 193 55 Christi;
1893 506 129 55 ergo
1974 506 129 55 idem
2038 506 145 55 expres-

1318 549 115 50 sit
1383 549 197 50 Christus
1531 549 115 50 per
1596 549 229 50 paradisum,
1776 549 131 50 quod
1858 549 147 50 latro
1957 549 213 50 expressit
2104 549 82 50 per

1324 585 183 41 Christi
1457 585 183 41 regnum:
1591 585 116 41 sed
1657 585 183 41 Christi
1790 585 166 41 reguum
1907 585 216 41 consistit
2073 585 100 41 in
2106 585 67 41 vi

1333 624 162 48 sione,
1446 624 81 48 &
1479 624 211 48 fruitione
1641 624 178 48 diuinae
1771 624 227 48 essentiae,
1949 624 97 48 vt
1998 624 146 48 patet
2095 624 97 48 ex
2128 624 81 48 di-

1324 667 134 41 ctis
1408 667 184 41 August.
1542 667 100 41 in
1592 667 234 41 soliloquus
1776 667 184 41 animae.
1909 667 150 41 Etiam
2009 667 167 41 beatus
2110 667 100 41 Aug.

1326 703 98 46 in
1375 703 180 46 sermone
1506 703 98 46 de
1555 703 246 46 martvribus,
1751 703 147 46 quasi
1850 703 197 46 admirans
1997 703 98 46 de
2030 703 180 46 prudentia

1332 745 211 51 petitionis
1498 745 151 51 istius
1604 745 196 51 latronis,
1755 745 121 51 ait.
1830 745 121 51 Quis
1906 745 136 51 ipsum
1997 745 181 51 docebat,
2117 745 91 51 nisi

1334 783 109 51 qui
1397 783 141 51 iuxta
1491 783 141 51 ipsum
1584 783 203 51 pendebat,
1740 783 125 51 erat
1819 783 125 51 enim
1897 783 141 51 fixus
1990 783 203 51 inlatere:
2131 783 78 51 sed

1330 821 194 53 habitabat
1479 821 89 53 in
1509 821 119 53 corde-

1323 867 96 51 12
1371 867 223 51 Praeterea,
1546 867 207 51 quaelibet
1705 867 143 51 anima
1801 867 159 51 sancta
1912 867 80 51 a
1944 867 175 51 corpore
2056 867 127 51 separa

1327 900 83 48 ta
1369 900 152 48 accipit
1479 900 152 48 coronam
1590 900 138 48 vitae;
1686 900 111 48 ergo
1756 900 97 48 est
1811 900 124 48 beata
1894 900 152 48 diuinae
2004 900 180 48 essentiae
2129 900 55 48 vi

1321 944 160 43 sione,
1433 944 80 43 &
1465 944 224 43 fruitione.
1641 944 224 43 Antecedens
1818 944 144 43 patet
1914 944 128 43 per.
1994 944 96 43 D.
2026 944 160 43 Tacobuma

1324 987 111 44 qui
1387 987 126 44 ait,
1466 987 158 44 Deatus
1577 987 126 44 vir,
1656 987 111 44 qui
1719 987 174 44 suffert
1845 987 253 44 tentationem,
2051 987 174 44 quoniam

1329 1022 106 50 cum
1389 1022 182 50 probatus
1526 1022 167 50 fuerit,
1647 1022 182 50 accipiet
1784 1022 167 50 coronam
1905 1022 152 50 vitae,
2011 1022 121 50 quam
2072 1022 106 50 repro

1323 1060 138 51 misit
1414 1060 122 51 deus
1491 1060 245 51 diligentibus
1690 1060 107 51 se;
1751 1060 107 51 Sed
1812 1060 153 51 planum
1919 1060 122 51 est,
1996 1060 122 51 quod
2057 1060 122 51 quili-

1323 1098 115 40 bet
1388 1098 180 40 sanctus
1519 1098 147 40 homo,
1617 1098 196 40 antequam
1764 1098 147 40 anima
1862 1098 115 40 sua
1928 1098 213 40 separetur
2091 1098 82 40 a
2108 1098 98 40 cor-

1334 1138 136 44 pore,
1424 1138 196 44 sustinuit
1575 1138 241 44 tentationes,
1772 1138 75 44 &
1802 1138 136 44 vsque
1892 1138 91 44 ad
1938 1138 151 44 mortem
2028 1138 151 44 vincendo

1324 1182 187 44 probatus
1465 1182 219 44 inuenitur:
1637 1182 125 44 ergo
1715 1182 125 44 post
1793 1182 156 44 mortem
1902 1182 141 44 clare
1996 1182 172 44 videbit
2105 1182 78 44 Dei

1329 1215 212 47 essentiam,
1495 1215 121 47 sine
1571 1215 136 47 cuius
1662 1215 166 47 visione
1783 1215 151 47 nullus
1888 1215 166 47 obtinet
2009 1215 181 47 coronam,
2130 1215 76 47 vi-

1323 1258 122 40 tae,
1399 1258 122 40 quam
1475 1258 122 40 Deus
1551 1258 183 40 promisit
1688 1258 244 40 diligentibus
1871 1258 61 40 se

1341 1292 88 47 13
1385 1292 205 47 Praeterea,
1546 1292 102 47 pro
1605 1292 117 47 ista
1678 1292 176 47 veritate
1810 1292 117 47 sunt
1883 1292 190 47 expressae
2015 1292 190 47 auctorita

1327 1336 99 44 tes
1383 1336 212 44 sanctissimi
1553 1336 142 44 patris
1653 1336 142 44 nostri
1752 1336 156 44 August.
1865 1336 99 44 qui
1922 1336 85 44 in
1964 1336 113 44 lib.
2021 1336 184 44 supputatio.

1318 1376 113 41 num
1382 1376 209 41 diuinarum
1543 1376 274 41 scripturarum,
1769 1376 113 41 sic
1833 1376 129 41 ait,
1914 1376 161 41 vtinam
2011 1376 193 41 concessami

1319 1410 97 57 hi
1367 1410 226 57 peccatorum
1544 1410 161 57 venia,
1657 1410 161 57 moxque
1770 1410 113 57 hac
1834 1410 161 57 carnis
1947 1410 177 57 sarcina
2060 1410 145 57 deposi-

1320 1451 108 49 ta,
1381 1451 154 49 domine
1489 1451 92 49 in
1535 1451 108 49 tua
1597 1451 154 49 gaudia
1705 1451 139 49 Veram
1797 1451 169 49 requiem
1920 1451 200 49 habiturus
2059 1451 123 49 intra-

1320 1495 117 51 rem,
1393 1495 73 51 &
1422 1495 117 51 tuae
1495 1495 189 51 ciuitatis
1641 1495 204 51 praeclara,
1801 1495 87 51 ac
1845 1495 175 51 speciosa
1976 1495 131 51 menia
2049 1495 131 51 coronam

1321 1530 126 44 vitae
1405 1530 195 44 accepturus
1558 1530 209 44 ingrederer,
1726 1530 84 44 vt
1767 1530 126 44 illis
1851 1530 223 44 sanctissimis
2033 1530 140 44 choris
2116 1530 70 44 in-

1329 1571 190 50 teressem,
1475 1571 88 50 vt
1519 1571 102 50 cum
1577 1571 219 50 beatissimis
1752 1571 204 50 spiritibus
1913 1571 160 50 gloriae
2015 1571 175 50 conditoris

1317 1609 226 46 assisterem,
1498 1609 90 46 vt
1543 1609 211 46 praesentem
1708 1609 166 46 Christi
1829 1609 151 46 vultum
1934 1609 196 46 cernerem,
2085 1609 90 46 vt
2115 1609 75 46 il-

1318 1651 118 40 lud
1386 1651 186 40 summum,
1521 1651 85 40 &
1555 1651 254 40 ineffabile,
1758 1651 85 40 &
1792 1651 338 40 incircumscriprum
2063 1651 118 40 lumen

1322 1691 148 49 semper
1426 1691 207 49 aspicerem,
1588 1691 148 49 sicque
1692 1691 133 49 nullo
1781 1691 118 49 metu
1855 1691 148 49 mortis
1958 1691 163 49 affici,
2076 1691 104 49 sed
2121 1691 59 49 de

1326 1728 270 45 incorruptionis
1551 1728 180 45 perpetuo
1686 1728 150 45 munere
1790 1728 165 45 laetari
1910 1728 150 45 possem
2015 1728 120 45 sine
2075 1728 105 45 fine-

1329 1764 140 45 Felix
1423 1764 156 45 anima,
1532 1764 125 45 quae
1610 1764 172 45 terreno
1735 1764 187 45 resoluto
1875 1764 172 45 corpore
2000 1764 156 45 libera
2093 1764 94 45 coe-

1322 1804 106 54 lum
1383 1804 152 54 petit:
1489 1804 121 54 haec
1565 1804 121 54 enim
1641 1804 152 54 semper
1747 1804 213 54 praesentem
1914 1804 152 54 cernit
2005 1804 167 54 pulcherri

1324 1847 117 44 mum
1391 1847 200 44 dominum,
1541 1847 133 44 quem
1624 1847 183 44 dilexit
1757 1847 133 44 Hanc
1840 1847 133 44 vero
1924 1847 166 44 tantae
2024 1847 166 44 beatitu-

1329 1882 139 47 dinis
1421 1882 170 47 gloriam
1545 1882 139 47 nulla
1638 1882 124 47 dies
1715 1882 170 47 minuet,
1839 1882 155 47 nullus
1947 1882 186 47 improbus
2071 1882 108 47 pote-

1329 1922 109 51 rit
1392 1922 187 51 auferre.
1532 1922 93 51 Et
1579 1922 203 51 quibusdam
1735 1922 249 51 interpositis
1937 1922 171 51 dirigit
2046 1922 156 51 Augusti-

1322 1971 110 46 nus
1385 1971 188 46 sermonem
1526 1971 94 46 ad
1573 1971 188 46 sanctos,
1714 1971 110 46 qui
1777 1971 110 46 iam
1840 1971 172 46 regnant
1965 1971 94 46 in
2012 1971 172 46 patria,
2122 1971 78 46 di-

1325 1999 136 47 cens,
1415 1999 166 47 Felices
1536 1999 151 47 sancti
1642 1999 106 47 Dei
1702 1999 151 47 omnes,
1808 1999 106 47 qui
1868 1999 256 47 pertransistis
2079 1999 106 47 hoc
2125 1999 75 47 mor

1320 2046 199 50 talitatis
1473 2046 183 50 pelagus,
1610 2046 76 50 &
1641 2046 199 50 peruenire
1794 2046 199 50 meruistis
1947 2046 92 50 ad
1993 2046 153 50 portum
2084 2046 92 50 per-

1332 2083 145 42 petuae
1434 2083 174 42 quietis,
1565 2083 73 42 &
1594 2083 232 42 securitatis:
1782 2083 160 42 Obsecro
1898 2083 102 42 per
1956 2083 145 42 matris
2043 2083 131 42 carita-

1323 2124 110 49 tem,
1392 2124 96 49 qui
1447 2124 137 49 securi
1543 2124 124 49 estis
1625 2124 82 49 de
1667 2124 137 49 vestra
1763 2124 247 49 immareessibili
1969 2124 151 49 gloria,
2065 2124 110 49 solli-

1322 2157 116 45 citi
1394 2157 144 45 estote
1495 2157 87 45 de
1538 2157 144 45 nostra
1639 2157 202 45 multiplici
1798 2157 173 45 miseria,
1928 2157 101 45 per
1986 2157 130 45 ipsum
2073 2157 101 45 vos
2116 2157 58 45 ro

1327 2198 96 50 go,
1382 2198 96 50 qui
1437 2198 96 50 uos
1492 2198 151 50 elegit,
1602 2198 96 50 qui
1657 2198 96 50 vos
1712 2198 124 50 tales
1794 2198 137 50 fecit,
1891 2198 82 50 de
1932 2198 124 50 cuius
2000 2198 179 50 pulchritudi

1323 2239 95 43 ne
1371 2239 111 43 iam
1434 2239 222 43 satiamini,
1609 2239 95 43 de
1657 2239 143 43 cuius
1752 2239 270 43 immortalitate
1974 2239 111 43 iam
2022 2239 159 43 immorta-

1316 2277 103 46 les
1375 2277 132 46 facti
1463 2277 147 46 estis,
1566 2277 88 46 de
1610 2277 132 46 cuius
1699 2277 206 46 beatissima
1860 2277 162 46 visione
1978 2277 147 46 semper
2066 2277 118 46 gaude-

1317 2320 123 45 tis;
1393 2320 153 45 estote
1501 2320 169 45 iugiter
1623 2320 169 45 memores
1746 2320 169 45 nostri,
1868 2320 199 45 subuenite
2022 2320 138 45 nobis
2098 2320 77 45 mi-

1316 2354 164 42 seris,
1430 2354 115 42 qui
1496 2354 147 42 adhuc
1594 2354 147 42 huius
1692 2354 147 42 vitae
1790 2354 131 42 giro
1872 2354 213 42 fiantibus
2020 2354 147 42 agitamu

1331 2395 178 47 procellis.

1346 2435 113 51 Sed
1411 2435 178 51 nostris
1540 2435 227 51 temporibus
1718 2435 243 51 surrexerunt
1912 2435 178 51 quidam,
2042 2435 113 51 qui
2090 2435 81 51 di-

1329 2475 133 46 cunt,
1418 2475 119 46 quod
1492 2475 119 46 ista
1566 2475 133 46 verba
1655 2475 148 46 August
1759 2475 104 46 non
1818 2475 119 46 sint
1892 2475 237 46 intelligenda
2085 2475 89 46 de
2115 2475 59 46 vi

1320 2514 135 42 sione
1410 2514 195 42 Deitatis:
1561 2514 105 42 sed
1621 2514 135 42 solum
1711 2514 90 42 de
1756 2514 165 42 visione
1861 2514 316 42 humanitatisChristi:

1322 2554 188 44 Deitatem
1464 2554 126 44 enim
1542 2554 110 44 non
1605 2554 173 44 vident,
1730 2554 126 44 nisi
1809 2554 141 44 tales
1903 2554 173 44 animae,
2029 2554 126 44 quae
2092 2554 78 44 iam

1308 2597 104 43 sua
1367 2597 163 43 corpora
1486 2597 252 43 resumpserunt,
1694 2597 133 43 sicut
1783 2597 104 43 est
1842 2597 133 43 anima
1931 2597 178 43 Christi,
2064 2597 74 43 &
2079 2597 89 43 ani-

1324 2631 92 46 ma
1370 2631 184 46 virginis
1508 2631 215 46 gloriosae.
1677 2631 92 46 Et
1723 2631 123 46 ideo
1800 2631 92 46 si
1846 2631 138 46 verba
1938 2631 108 46 iam
2000 2631 138 46 dicta
2076 2631 108 46 Deati

1323 2671 186 42 Augustini
1466 2671 201 42 reseruntur
1624 2671 86 42 ad
1667 2671 172 42 visionem
1795 2671 186 42 deitatis,
1939 2671 115 42 tunc
2010 2671 115 42 isti
2068 2671 100 42 dice-

1324 2709 135 48 rent,
1414 2709 120 48 quod
1489 2709 165 48 August.
1610 2709 195 48 huiusmodi
1760 2709 135 48 verba
1850 2709 165 48 dirigit
1971 2709 90 48 ad
2016 2709 135 48 illas
2091 2709 90 48 ani-

1322 2747 116 45 mas,
1395 2747 116 45 quae
1468 2747 102 45 iam
1526 2747 116 45 sunt
1599 2747 116 45 suis
1672 2747 204 45 corporibus
1817 2747 146 45 reunitae

1349 2790 114 46 Sed
1414 2790 146 46 salua
1511 2790 227 46 reuerentia
1690 2790 162 46 omnium
1803 2790 179 46 verorum
1933 2790 211 46 doctorum,
2080 2790 97 46 tali

1315 2825 122 44 bus
1384 2825 122 44 non
1454 2825 191 44 tamquam
1593 2825 261 44 doctoribus,
1801 2825 122 44 sed
1870 2825 191 44 tamquam
1992 2825 191 44 veritatis

1319 2866 299 49 subuersoribus
1565 2866 176 49 dicere
1688 2866 176 49 possum
1811 2866 158 49 illud
1917 2866 141 49 lob.
2004 2866 105 49 Ad
2040 2866 141 49 omipo-

1313 2905 168 47 tentem
1431 2905 185 47 loquor,
1565 2905 101 47 id
1616 2905 118 47 est
1683 2905 151 47 coram
1784 2905 269 47 omnipotente,
1985 2905 185 47 ostendens

1320 2946 111 44 vos
1383 2946 253 44 fabricatores
1589 2946 205 44 mendacij:
1747 2946 79 44 &
1778 2946 190 44 cultores
1920 2946 237 44 peruersorum
2094 2946 79 44 do-

1316 2989 189 49 gatum.
1448 2989 113 49 Et
1505 2989 170 49 istud
1618 2989 170 49 patet
1731 2989 113 49 in
1788 2989 170 49 eodem
1901 2989 151 49 lib.
1976 2989 189 49 Augustin

1312 3027 112 49 per
1376 3027 144 49 verba
1472 3027 224 49 sequentia:
1648 3027 208 49 Describit
1807 3027 128 49 enim
1887 3027 224 49 Augustinus
2047 3027 112 49 multi

1317 3068 169 46 tudinem
1440 3068 154 46 illius
1548 3068 185 46 supernae
1686 3068 231 46 societatis,
1871 3068 169 46 dicens,
1995 3068 108 46 lbi
2041 3068 123 46 prophe
