2396 3513
375 252 148 77 tari:
473 252 115 77 sed
539 252 181 77 quamuis
670 252 214 77 humanitas
835 252 181 77 Christi
966 252 115 77 non
1032 252 164 77 fuerit
1130 252 148 77 praepa-

385 309 130 56 rata
466 309 98 56 ad
515 309 179 56 gratiam
645 309 244 56 adoptionis,
840 309 130 56 fuit
922 309 146 56 tamen
1019 309 228 56 praeparata
1182 309 65 56 ac

411 350 168 56 gratiam
533 350 184 56 vnionis,
671 350 122 56 quae
747 350 138 56 multo
839 350 138 56 maior
931 350 138 56 fuit,
1023 350 122 56 quam
1084 350 168 56 ceterorum

391 380 182 61 hominum
524 380 166 61 gratia
640 380 232 61 adoptionis
822 380 83 61 :
855 380 133 61 ergo
938 380 199 61 secundum
1087 380 116 61 hoc
1137 380 116 61 Chri-

399 419 122 62 stus
475 419 91 62 in
520 419 167 62 quantum
642 419 137 62 homo,
733 419 106 62 hoc
794 419 106 62 est
855 419 167 62 ratione
976 419 122 62 suae
1037 419 213 62 humanitatis.

404 470 114 53 non
469 470 147 53 minus
567 470 131 53 fuit
648 470 310 53 praedestinatus,
909 470 131 53 quam
991 470 212 53 quicumque
1138 470 114 53 homi-

394 517 128 52 num
449 517 219 52 ceterorum.

374 540 79 63 2
406 540 221 63 Praeterea,
580 540 190 63 Christus
722 540 111 63 est
785 540 285 63 praedestinatus
1023 540 158 63 filius
1133 540 111 63 Dei
1181 540 63 63 in

391 589 172 51 virtute,
520 589 86 51 vt
563 589 100 51 ait
620 589 201 51 Apostolus,
778 589 100 51 aut
836 589 115 51 ergo
907 589 129 51 talis
994 589 244 51 praedestinato
1180 589 72 51 con

385 619 149 60 uenit
485 619 199 60 Christo,
634 619 199 60 secundum
783 619 133 60 quod
866 619 116 60 est
932 619 149 60 Deus,
1032 619 116 60 aut
1081 619 166 60 secundum

384 664 139 53 quod
470 664 122 53 est
540 664 156 53 homo:
644 664 122 53 Non
714 664 191 53 primum:
853 664 139 53 quia
939 664 156 53 eius,
1044 664 139 53 quod
1113 664 139 53 semper

402 705 109 49 est,
471 705 96 49 non
525 705 137 49 potest
621 705 109 49 esse
689 705 259 49 praedestinatio,
908 705 82 49 vt
949 705 123 49 patet
1031 705 82 49 in
1071 705 109 49 glo,
1140 705 82 49 ad
1167 705 82 49 Rom,

392 737 93 50 1.
438 737 108 50 Hoc
500 737 139 50 etiam
593 737 186 50 insinuat
732 737 201 50 vocabulum
887 737 341 50 praedestinationis:
1182 737 108 50 nam

394 778 133 53 haec
477 778 232 53 praeposito
660 778 133 53 prae
742 778 182 53 denotat
875 778 182 53 quandam
991 778 265 53 antecessionem;

395 818 131 54 Deum
476 818 147 54 autem
574 818 147 54 nihil
672 818 229 54 praecedere
852 818 180 54 potest,
982 818 114 54 nec
1048 818 196 54 tempore,
1178 818 82 54 nec

388 854 175 58 natura:
515 854 127 58 ergo
595 854 191 58 oportet,
738 854 127 58 quod
817 854 191 58 Christus
960 854 286 58 praedestinatus
1183 854 79 58 sit

389 904 258 54 secundum
582 904 172 54 quod
668 904 150 54 homo.

428 935 134 52 FoRTE
517 935 178 52 dicetur,
651 935 119 52 quod
726 935 89 52 si
770 935 178 52 Christus
904 935 268 52 praedestinatus
1127 935 104 52 est
1172 935 74 52 se-

397 974 165 52 cundum
512 974 132 52 quod
594 974 148 52 homo,
693 974 132 52 tunc
775 974 148 52 omnis
874 974 132 52 homo
957 974 148 52 esset
1039 974 214 52 praedestina

392 1011 122 61 tus:
468 1011 122 61 quia
544 1011 122 61 quod
620 1011 183 61 conuenit
757 1011 152 61 alicui
864 1011 183 61 subiecto
1001 1011 107 61 cum
1062 1011 91 61 re
1093 1011 152 61 duplica-

388 1050 140 54 tione
482 1050 187 54 alicuius
622 1050 187 54 termini,
763 1050 109 54 hoc
825 1050 140 54 debet
919 1050 203 54 conucnire
1075 1050 172 54 omnibus
1184 1050 78 54 con

395 1102 148 47 tentis
499 1102 104 47 sub
558 1102 119 47 illo
618 1102 148 47 termino.

435 1132 220 51 RESPONDEO,
608 1132 126 51 quod
687 1132 94 51 Iy
734 1132 189 51 secundum
876 1132 157 51 potest
986 1132 157 51 accipi
1097 1132 189 51 duplici¬

389 1177 114 44 ter
454 1177 81 44 :
486 1177 114 44 Vno
551 1177 130 44 modo
632 1177 292 44 reduplicatiue;
876 1177 130 44 Alio
957 1177 130 44 modo
1022 1177 227 44 distinctiue;

388 1208 155 55 Primo
491 1208 206 55 procedit
646 1208 241 55 instantia,
835 1208 120 55 non
903 1208 155 55 autem
1006 1208 189 55 secundo
1127 1208 120 55 modo:

392 1251 112 55 Nam
456 1251 96 55 in
504 1251 209 55 proposito
665 1251 96 55 Iy
713 1251 193 55 secundum
858 1251 112 55 non
922 1251 112 55 est
986 1251 128 55 nota
1050 1251 193 55 reduplica-

394 1288 151 54 tionis,
504 1288 96 54 sed
559 1288 96 54 est
614 1288 110 54 nota
683 1288 248 54 distinctionis,
889 1288 110 54 puta
958 1288 96 54 est
1013 1288 151 54 sensus,
1109 1288 138 54 Christus

396 1328 107 51 est
457 1328 274 51 praedestinatus
685 1328 183 51 secundum
822 1328 122 51 quod
899 1328 137 51 homo,
990 1328 91 51 id
1036 1328 122 51 est,
1097 1328 152 51 secundum

390 1373 193 48 humanam
530 1373 210 48 naturam,
687 1373 88 48 &
722 1373 123 48 non
792 1373 210 48 secundum
950 1373 193 48 diuinam
1072 1373 175 48 naturam.

396 1408 233 51 Argumentum
580 1408 233 51 principale
763 1408 200 51 concedo,
913 1408 133 51 quia
996 1408 133 51 siue
1079 1408 100 51 ly
1113 1408 133 51 secun-

396 1452 110 51 dum
459 1452 220 51 accipiatur
632 1452 172 51 tamquam
757 1452 125 51 nota
835 1452 314 51 reduplicationis,
1102 1452 125 51 siuc
1165 1452 78 51 tam

395 1482 122 54 quam
471 1482 122 54 nota
547 1482 274 54 distinctionis,
775 1482 152 54 semper
882 1482 122 54 ista
958 1482 107 54 est
1019 1482 183 54 neganda,
1140 1482 107 54 Chri-

398 1520 119 65 itus
473 1520 179 65 secundum
607 1520 119 65 quod
682 1520 119 65 homo
756 1520 105 65 est
816 1520 194 65 adorandus
965 1520 209 65 adoratione
1115 1520 134 65 latrie.

391 1561 113 57 Ad
448 1561 263 57 argumentum
654 1561 113 57 in
710 1561 263 57 contrarium
916 1561 169 57 dico,
1029 1561 150 57 quod
1104 1561 150 57 conse-

396 1608 160 57 quentia
513 1608 102 57 est
571 1608 145 57 falsa:
672 1608 116 57 quia
745 1608 145 57 figura
847 1608 160 57 Christi
963 1608 218 57 humanitatis
1137 1608 102 57 non
1180 1608 73 57 ado

400 1640 130 51 ratur
486 1640 202 51 adoratione
645 1640 159 51 latriae
760 1640 159 51 ratione
875 1640 231 51 humanitatis,
1063 1640 187 51 absolute,
1207 1640 72 51 &

395 1679 179 57 secundum
530 1679 105 57 se:
589 1679 105 57 sed
649 1679 164 57 ratione
769 1679 239 57 humanitatis,
963 1679 90 57 vt
1008 1679 179 57 assumpta
1142 1679 105 57 est
1187 1679 60 57 in

389 1719 182 54 vnitatem
525 1719 182 54 personae
662 1719 182 54 diuinae,
798 1719 106 54 cui
859 1719 182 54 proprie,
995 1719 76 54 &
1026 1719 106 54 per
1086 1719 91 54 se
1117 1719 136 54 debetur

379 1765 206 58 adoratio
534 1765 206 58 latriae:
688 1765 138 58 ergo
757 1765 86 58 &c.

516 1841 588 76 DISTINCTIO
936 1841 168 76 x.

375 1932 242 80 breuissima
565 1932 190 80 diuisio
703 1932 156 80 huius
807 1932 294 80 distinctionis
1049 1932 104 80 in
1100 1932 121 80 qua
1152 1932 104 80 pro-

456 1993 117 73 pe
515 1993 195 73 agitur
652 1993 117 73 de
710 1993 234 73 qubusdam
886 1993 313 73 praedicatis,
1121 1993 117 73 quae

507 2048 202 55 sonant
648 2048 323 55 indignitatem
911 2048 121 55 in
971 2048 202 55 natura
1093 2048 141 55 hum4.

635 2092 98 69 ma
684 2092 98 69 in
733 2092 180 69 christo
847 2092 163 69 reperta.

611 2193 321 49 OLETETIAM
858 2193 222 49 QVAR1
1007 2193 173 49 &c.
1081 2193 173 49 Post-

651 2235 116 44 uam
718 2235 198 44 Magister
866 2235 231 44 inquisiuit
1048 2235 99 44 de
1097 2235 116 44 eo,
1147 2235 99 44 quod

629 2267 187 60 spectare
770 2267 172 60 videtur
895 2267 94 60 ad
942 2267 172 60 naturae
1066 2267 172 60 humanae
1176 2267 62 60 di

644 2303 204 65 gnitatem:
801 2303 110 65 hic
864 2303 94 65 de
911 2303 204 65 quibusdam
1068 2303 141 65 aliis
1147 2303 110 65 inqui

640 2344 107 57 rit
701 2344 244 57 spectantibus
899 2344 92 57 ad
945 2344 259 57 indignitatem,
1143 2344 107 57 puta,

637 2382 87 56 ad
680 2382 232 56 limitationem
868 2382 174 56 naturae,
999 2382 130 56 sicut
1086 2382 116 56 esse
1144 2382 101 56 crea-

637 2421 124 59 tum:
715 2421 78 59 &
746 2421 93 59 ad
793 2421 249 59 limitationem
995 2421 202 59 mensurae,
1135 2421 109 59 sicu-

392 2463 122 59 esse
468 2463 198 59 inceptum,
620 2463 107 59 vel
681 2463 213 59 inchoatum;
848 2463 91 59 Et
894 2463 198 59 diuiditur
1046 2463 91 59 in
1092 2463 122 59 duas
1153 2463 91 59 par-

398 2503 124 56 tes:
476 2503 109 56 nam
538 2503 140 56 primo
631 2503 202 56 Magister,
786 2503 171 56 quaerit
911 2503 140 56 utrum
1004 2503 233 56 simpliciter
1174 2503 78 56 de-

390 2542 132 57 beat
473 2542 182 57 concedi
605 2542 198 57 Christum
754 2542 165 57 habere
870 2542 132 57 esse
952 2542 198 57 creatum.
1085 2542 165 57 Secundo,

397 2579 154 57 vtrum
499 2579 171 57 debeat
619 2579 256 57 simpliciter
823 2579 188 57 concedi
960 2579 188 57 hominem
1079 2579 171 57 Christum

401 2624 154 52 habere
508 2624 123 52 esse
585 2624 200 52 inchoatum
739 2624 123 52 ibi,
816 2624 123 52 Post
892 2624 200 52 praedicta
1046 2624 108 52 &c.
1108 2624 138 52 Prima
1185 2624 61 52 in

394 2657 142 56 duas;
489 2657 126 56 quia
567 2657 142 56 primo
662 2657 126 56 mota
740 2657 220 56 quaestione
914 2657 220 56 respondet,
1087 2657 126 56 quod
1150 2657 94 56 Chri

403 2698 124 56 stum
481 2698 124 56 esse
559 2698 202 56 creaturam
714 2698 109 56 non
776 2698 140 56 debet
869 2698 171 56 concedi
993 2698 202 56 absolute,
1133 2698 124 56 Secun-

398 2739 91 55 do
443 2739 196 55 ostendit,
594 2739 121 55 quod
670 2739 151 55 potest
776 2739 166 55 concedi
896 2739 106 55 sub
957 2739 166 55 adiecta
1063 2739 181 55 condicioni

414 2775 123 73 ibi,
490 2775 107 73 Sed
552 2775 153 73 addita
659 2775 291 73 determinatione;
904 2775 92 73 Et
950 2775 123 73 haec
1027 2775 92 73 in
1072 2775 138 73 tres:
1149 2775 92 73 quia

445 2816 148 71 primo
543 2816 197 71 exprimit
691 2816 131 71 hanc
773 2816 262 71 condicionem,
986 2816 115 71 seu
1035 2816 164 71 determi-

491 2865 211 47 nationem.
653 2865 178 47 Secundo
783 2865 178 47 adducit
913 2865 130 47 vnam
978 2865 178 47 obiectio-

511 2892 130 65 nem.
592 2892 98 65 Et
641 2892 163 65 tertio
755 2892 195 65 ostendit
902 2892 130 65 hanc
967 2892 179 65 obiectio-

557 2935 108 65 nem
618 2935 108 65 non
680 2935 170 65 valere,
804 2935 77 65 &
835 2935 124 65 esse
912 2935 185 65 tropicam
1035 2935 62 65 lo

598 2973 197 55 cutionem.
750 2973 167 55 Secunda
871 2973 121 55 ibi,
947 2973 91 55 Et
977 2973 61 55 si

615 3014 127 61 ergo.
700 3014 141 61 Tertia
798 3014 113 61 ibi,
869 3014 99 61 Sed
925 3014 85 61 ex
953 3014 85 61 tro-

648 3057 124 64 picis
731 3057 124 64 circa
813 3057 96 64 hac
855 3057 165 64 distinctio

709 3099 150 65 nem
773 3099 192 65 quaero.

1365 239 669 71 Quaestio
1811 239 335 71 TIPR

1463 338 162 90 An
1544 338 324 90 Christus
1787 338 189 90 sit
1868 338 297 90 creatura.

1331 726 143 48 TTRVM
1426 726 127 48 haec
1506 726 206 48 proposito
1665 726 111 48 sit
1728 726 143 48 vera,
1823 726 191 48 Christus
1966 726 111 48 est
2014 726 127 48 creatu

1307 771 124 41 Vra.
1385 771 186 41 Videtur,
1525 771 124 41 quod
1602 771 124 41 non.
1680 771 124 41 Quia
1757 771 109 41 Dei
1819 771 155 41 filius
1928 771 109 41 non
1990 771 109 41 est
2036 771 109 41 crea-

1278 810 132 50 tura:
1366 810 103 50 sed
1425 810 176 50 Christus
1557 810 103 50 est
1616 810 103 50 Dei
1675 810 162 50 filius.
1792 810 162 50 Maiorem
1910 810 147 50 probo:
2013 810 118 50 quia
2072 810 73 50 si-

1274 847 115 45 cut
1339 847 99 45 se
1389 847 148 45 habet
1487 847 197 45 emanatio
1635 847 214 45 diuinarum
1799 847 230 45 personarum
1980 847 99 45 ad
2013 847 131 45 produ-

1283 885 180 52 ctionem
1413 885 261 52 creaturarum,
1626 885 114 52 sic
1691 885 98 52 se
1740 885 163 52 habent
1854 885 212 52 emanantes
2001 885 147 52 diuinae

1284 931 183 45 personae
1421 931 91 45 ad
1467 931 198 45 productas
1619 931 213 45 creaturas:
1787 931 107 45 sed
1848 931 183 45 emanatio
1969 931 168 45 diuinarum

1286 974 217 43 personarum
1456 974 217 43 necessario
1626 974 263 43 presupponitur
1843 974 77 43 a
1874 974 232 43 productione
2044 974 93 43 crea

1287 1006 177 49 turarum:
1420 1006 118 49 ergo
1493 1006 191 49 emanantes
1641 1006 162 49 diuinae
1758 1006 191 49 personae,
1905 1006 132 49 puta,
1994 1006 147 49 filius
2097 1006 74 49 &

1280 1048 183 45 spiritus
1417 1048 167 45 sanctus
1538 1048 213 45 necessario
1706 1048 289 45 praesupponuntur
1949 1048 91 45 ab
1995 1048 122 45 omni
2056 1048 91 45 crea

1284 1091 135 42 tura,
1374 1091 75 42 &
1404 1091 105 42 per
1464 1091 210 42 consequens
1629 1091 105 42 non
1689 1091 165 42 possunt
1808 1091 120 42 esse
1883 1091 150 42 aliqua
1973 1091 165 42 creatura;

1280 1125 140 45 alias
1374 1125 125 45 enim
1452 1125 125 45 idem
1530 1125 281 45 praesupponeret
1764 1125 187 45 seipsum.
1904 1125 140 45 Minor
1998 1125 140 45 patet
2076 1125 62 45 ex

1290 1164 137 40 fide.
1381 1164 167 40 Contra,
1503 1164 137 40 omnis
1594 1164 122 40 homo
1670 1164 107 40 est
1731 1164 198 40 creatura,
1883 1164 183 40 Christus
2020 1164 107 40 est
2066 1164 76 40 ho-

1283 1208 113 41 mo:
1347 1208 129 41 ergo
1428 1208 113 41 &c.
1493 1208 113 41 Hic
1557 1208 194 41 quattuor
1702 1208 129 41 sunt
1783 1208 194 41 videnda:
1928 1208 161 41 Primo,
2025 1208 113 41 vtrum

1290 1247 210 41 productio
1451 1247 242 41 creaturarum
1645 1247 226 41 necessario
1822 1247 258 41 praesupponat
2016 1247 129 41 emana-

1279 1281 162 47 tionem
1392 1281 211 47 diuinarum
1554 1281 243 47 personarum:
1749 1281 195 47 Secundo,
1895 1281 146 47 vtrum
1992 1281 130 47 haec
2057 1281 81 47 pro

1283 1322 154 48 posito
1391 1322 108 48 sit
1452 1322 232 48 concedenda,
1638 1322 154 48 filius
1746 1322 108 48 Dei
1808 1322 108 48 est
1870 1322 201 48 creatura.
2024 1322 170 48 Tertio,

1283 1361 139 43 vtrum
1375 1361 124 43 haec
1453 1361 108 43 sit
1515 1361 248 43 simpliciter,
1716 1361 77 43 &
1747 1361 186 43 absolute
1886 1361 232 43 concedenda,
2056 1361 93 43 Chri

1284 1399 121 46 stus
1359 1399 106 46 est
1420 1399 196 46 creatura.
1570 1399 90 46 Et
1616 1399 166 46 quarto,
1736 1399 136 46 vtrum
1826 1399 121 46 haec
1902 1399 106 46 sit
1947 1399 196 46 concedenda,

1280 1436 250 57 Christus,
1472 1436 231 57 secundum
1645 1436 154 57 quod
1741 1436 173 57 homo,
1857 1436 135 57 est
1914 1436 212 57 creatura.

1448 1516 672 52 RESOLVTIO.

1273 1596 151 52 Veritas
1383 1596 192 52 persuadet,
1534 1596 110 52 quod
1602 1596 137 52 necess
1698 1596 110 52 ario
1767 1596 165 52 emanatio
1890 1596 178 52 diuinarum
2014 1596 137 52 persona-

1316 1634 97 44 rum
1372 1634 208 44 creaturarum
1538 1634 236 44 productionem,
1732 1634 69 44 &
1760 1634 153 44 ordine,
1871 1634 83 44 &e
1912 1634 208 44 causalitate
2065 1634 83 44 prae

1322 1681 132 37 cedat:
1414 1681 79 37 at
1454 1681 119 37 vero,
1534 1681 93 37 cum
1587 1681 106 37 haec
1653 1681 199 37 praeposito,
1812 1681 93 37 Dei
1865 1681 132 37 filius
1958 1681 93 37 ert
1997 1681 146 37 creatura.

1326 1711 195 54 simpliciter
1482 1711 78 54 ae
1521 1711 156 54 absolute
1638 1711 143 54 neganda
1742 1711 91 54 sit
1793 1711 65 54 :
1819 1711 91 54 hoc
1871 1711 143 54 quoque,
1975 1711 156 54 christus
2079 1711 65 54 est

1308 1756 198 43 creatura,
1460 1756 244 43 simpliciter,
1659 1756 76 43 &
1689 1756 183 43 absolute
1827 1756 107 43 non
1888 1756 107 43 est
1934 1756 198 43 concedenda.

1354 1828 844 70 ARTICVEV
1916 1828 211 70 I

1274 1870 157 83 Vtrum
1378 1870 227 83 productio
1553 1870 192 83 creatur
1693 1870 140 83 arum
1780 1870 245 83 necessario
1955 1870 192 83 presuppo-

1353 1939 144 55 nat
1436 1939 309 55 emanationem
1683 1939 247 55 diumarum
1868 1939 309 55 personarum.

1342 2024 193 60 VANTVM
1477 2024 116 60 ad
1535 2024 193 60 primum
1670 2024 174 60 ponam
1786 2024 155 60 duas
1863 2024 271 60 conclusiones

1281 2066 167 46 Prima
1392 2066 148 46 est,
1484 2066 148 46 quod
1577 2066 222 46 emanatio
1743 2066 259 46 personarum
1947 2066 111 46 de
1984 2066 167 46 necessi

1287 2108 122 46 tate
1363 2108 198 46 praecedit
1516 2108 244 46 productionem
1714 2108 229 46 creaturarum
1897 2108 214 46 prioritate
2049 2108 92 46 ordi

1282 2148 114 42 nis,
1353 2148 114 42 siue
1424 2148 228 42 ordinaliter.
1609 2148 171 42 Secunda,
1737 2148 114 42 quod
1808 2148 185 42 praecedit
1936 2148 185 42 causaliter.

1281 2184 188 53 Primam
1413 2184 301 53 conclusionem
1657 2184 169 53 probo
1770 2184 150 53 sic.
1863 2184 94 53 1
1882 2184 282 53 Quandocunque.

1281 2222 171 45 aliquae
1405 2222 248 45 productiones
1606 2222 109 45 sic
1668 2222 93 45 se
1715 2222 171 45 habent,
1839 2222 124 45 quod
1916 2222 186 45 terminus
2040 2222 124 45 vnius.

1278 2262 101 50 est
1335 2262 203 50 principium
1495 2262 188 50 alterius,
1640 2262 101 50 tuc
1698 2262 87 50 de
1741 2262 217 50 necessitate
1915 2262 116 50 illa
1973 2262 174 50 productio,

1283 2306 135 46 cuius
1373 2306 120 46 tale
1448 2306 210 46 principium
1613 2306 105 46 est
1673 2306 195 46 terminus,
1822 2306 270 46 praesupponitur
2047 2306 90 46 ab
2077 2306 60 46 ea

1291 2341 135 39 tuius
1381 2341 105 39 est
1441 2341 226 39 principium.
1622 2341 120 39 lsta
1697 2341 135 39 patet
1787 2341 90 39 de
1832 2341 105 39 se:
1892 2341 105 39 sed
1953 2341 180 39 terminus
2073 2341 90 39 ema-

1283 2384 176 38 nationis
1415 2384 161 38 diuinae
1533 2384 88 38 ab
1577 2384 132 38 intra
1665 2384 103 38 est
1723 2384 205 38 principium
1884 2384 235 38 productionis
2060 2384 103 38 crea-

1284 2423 167 42 turarum
1405 2423 91 42 ad
1451 2423 152 42 extra:
1557 2423 106 42 nam
1617 2423 121 42 siue
1693 2423 212 42 accipiatur
1860 2423 182 42 terminus
1996 2423 197 42 formalis,

1281 2463 97 45 qui
1337 2463 97 45 est
1392 2463 111 45 ipsa
1461 2463 166 45 creatris
1586 2463 180 45 essentia;
1724 2463 111 45 siue
1793 2463 166 45 terminus
1918 2463 166 45 totalis,
2042 2463 97 45 qui
2084 2463 69 45 est

1291 2507 180 42 uppositum
1430 2507 138 42 filij,
1526 2507 97 42 vel
1582 2507 166 42 spiritus
1706 2507 152 42 sancti,
1817 2507 138 42 semper
1914 2507 138 42 patet,
2011 2507 111 42 quod
2066 2507 83 42 ista

1290 2541 134 42 minor
1380 2541 105 42 est
1439 2541 209 42 manifesta:
1604 2541 119 42 quia
1678 2541 75 42 &
1708 2541 179 42 essentia
1842 2541 164 42 diuina,
1962 2541 75 42 &
1977 2541 164 42 suppositm

1288 2577 143 47 filij,
1388 2577 72 47 &
1416 2577 172 47 spiritus
1545 2577 143 47 sancti
1645 2577 100 47 vna
1703 2577 100 47 cum
1760 2577 186 47 supposito
1903 2577 143 47 patris
2003 2577 114 47 sunt
2060 2577 86 47 vnum

1282 2619 299 45 principium
1516 2619 213 45 omnium
1666 2619 341 45 creaturarum:
1943 2619 171 45 ergo
2028 2619 107 45 &c.

1292 2658 82 47 2
1324 2658 229 47 Praeterea,
1504 2658 147 47 illud
1602 2658 131 47 quod
1684 2658 196 47 procedit
1831 2658 114 47 per
1896 2658 147 47 modum
1978 2658 163 47 volunta-

1285 2697 114 43 tis,
1356 2697 85 43 vt
1399 2697 185 43 voluntas,
1541 2697 199 43 necessario
1697 2697 228 43 praesupponit
1882 2697 142 43 illud,
1982 2697 114 43 quod
2038 2697 100 43 proco

1283 2737 113 40 dit
1347 2737 113 40 per
1412 2737 145 40 modum
1508 2737 257 40 intellectus:
1717 2737 113 40 vel
1781 2737 145 40 etiam
1878 2737 113 40 per
1942 2737 145 40 modum
2022 2737 129 40 volun-

1282 2775 139 44 tatis,
1379 2775 83 44 vt
1421 2775 139 44 natura
1518 2775 111 44 est:
1588 2775 111 44 ista
1657 2775 139 44 patet:
1755 2775 111 44 quia
1824 2775 125 44 sicut
1908 2775 125 44 actus
1977 2775 167 44 voluntatis

1284 2814 230 51 praesupponit
1470 2814 129 51 actum
1556 2814 172 51 naturae,
1686 2814 72 51 &
1714 2814 230 51 intellectus:
1901 2814 100 51 sic
1958 2814 100 51 &c.
2016 2814 100 51 Sed
2059 2814 86 51 crea

1275 2848 128 50 tura
1355 2848 193 50 procedit
1500 2848 80 50 a
1532 2848 112 50 Deo
1596 2848 112 50 per
1660 2848 145 50 modum
1757 2848 241 50 voluntatis,
1949 2848 96 50 vt
1981 2848 161 50 voluntas

1285 2893 118 40 est,
1359 2893 147 40 filius
1462 2893 88 40 in
1506 2893 162 40 diuinis
1624 2893 176 40 procedit
1756 2893 103 40 per
1815 2893 132 40 modum
1903 2893 235 40 intellectus,
2079 2893 74 40 seu

1291 2929 98 50 per
1347 2929 126 50 modum
1431 2929 169 50 naturae,
1558 2929 84 50 vt
1600 2929 141 50 natura
1698 2929 112 50 est;
1769 2929 169 50 spiritus
1895 2929 155 50 sanctus
2008 2929 98 50 per
2050 2929 98 50 modum

1294 2969 213 46 voluntatis,
1464 2969 85 46 vt
1506 2969 142 46 natura
1606 2969 113 46 est,
1676 2969 85 46 vt
1719 2969 184 46 declaraui
1861 2969 85 46 in
1903 2969 85 46 r:
1946 2969 99 46 lib
2002 2969 113 46 ergo
2059 2969 71 46 &c.

1347 3012 210 40 Praeterea,
1512 3012 120 40 illa
1587 3012 210 40 productio,
1752 3012 120 40 quam
1826 3012 225 40 impossibile
2006 3012 105 40 est
2051 3012 90 40 fie-

1286 3054 101 48 ri,
1343 3054 115 48 nisi
1415 3054 101 48 per
1472 3054 215 48 intelligere
1645 3054 72 48 &
1673 3054 144 48 velle,
1774 3054 86 48 vt
1817 3054 101 48 est
1874 3054 158 48 commune
1989 3054 144 48 tribus
2076 3054 57 48 di

1290 3090 135 49 uinis
1380 3090 194 49 personis,
1529 3090 209 49 necessario
1694 3090 239 49 praesupponit
1888 3090 149 49 saltem
1978 3090 164 49 ordinali
