2424 3556
240 282 225 67 apprehendit
420 282 195 67 essentiam
570 282 180 67 diuinam:
704 282 120 67 quae
779 282 105 67 est
839 282 270 67 simplicissima:
1049 282 60 67 er

241 333 99 43 go
290 333 214 43 totaliter
454 333 263 43 comprehendit
652 333 82 43 eam

260 373 83 55 3
294 373 232 55 Praeterea,
475 373 198 55 secundum
624 373 132 55 Aug.
707 373 99 55 in
757 373 116 55 lib
823 373 99 55 de
872 373 182 55 videndo
988 373 116 55 Deum,

246 413 229 52 comprehendi
429 413 183 52 dicitur,
566 413 137 52 cuius
658 413 137 52 nihil
749 413 137 52 latet
841 413 198 52 videntem:
993 413 107 52 sed
1039 413 76 52 ni-

249 444 100 64 nil
306 444 186 64 essentiae
449 444 158 64 diuinae
564 444 129 64 latet
650 444 143 64 animam
751 444 172 64 Christi:
880 444 115 64 quia
951 444 86 64 si
980 444 129 64 aliquid

234 482 168 66 lateret,
360 482 112 66 tunc
430 482 84 66 in
473 482 168 66 essentia
599 482 140 66 diuina
697 482 126 66 esset
781 482 210 66 diuersitas:
950 482 112 66 quia
1006 482 112 66 aliqud

235 522 102 60 sui
294 522 146 60 latet,
396 522 73 60 &
426 522 161 60 aliquid
528 522 117 60 patet.

260 571 69 43 4
288 571 194 43 Praeterea,
440 571 166 43 lsidorus
565 571 111 43 ait,
634 571 166 43 Trinitas
759 571 111 43 sibi
828 571 111 43 soli
897 571 111 43 nota
967 571 111 43 est,
1036 571 69 43 &
1050 571 55 43 ho

241 609 119 54 mini
315 609 193 54 assumpto:
464 609 104 54 sed
523 609 104 54 hoc
583 609 104 54 non
642 609 149 54 potest
746 609 193 54 intelligi
895 609 89 54 de
940 609 163 54 notitia
1044 609 59 54 ap

247 649 197 55 prehension
402 649 98 55 is:
458 649 112 55 quia
528 649 98 55 sic
584 649 112 55 nota
654 649 98 55 est
711 649 169 55 cuilibet
837 649 141 55 beato:
935 649 112 55 ergo
1006 649 84 55 de
1034 649 70 55 non

235 683 141 57 titia
314 683 281 57 comprehensionis,

244 729 226 50 RESPONDEO
417 729 104 50 ad
470 729 191 50 primum,
609 729 139 50 quod
696 729 191 50 quamuis
835 729 209 50 essentia
974 729 139 50 diuina

240 768 125 50 tota
319 768 109 50 sit
381 768 141 50 vnita
475 768 156 50 animae
584 768 172 50 Christi
709 768 188 50 secundum
850 768 141 50 esse:
944 768 109 50 non
991 768 109 50 tamen

232 808 218 42 totaliter,
404 808 140 42 puta,
497 808 171 42 omnibus
622 808 140 42 modis
715 808 125 42 quia
793 808 187 42 essentia
934 808 156 42 diuina
1027 808 78 42 per

248 849 179 45 vnionem
378 849 147 45 verbi
476 849 98 45 ad
525 849 163 45 animam
639 849 114 45 non
704 849 114 45 est
770 849 98 45 in
818 849 147 45 anima
916 849 147 45 penes
998 849 114 45 modum

241 885 172 45 essendi,
370 885 100 45 quo
427 885 100 45 est
484 885 86 45 in
527 885 143 45 patre,
627 885 100 45 vel
685 885 86 45 in
728 885 158 45 spiritu
842 885 158 45 sancto.
957 885 100 45 Sic
1000 885 100 45 quam-

240 928 102 50 uis
299 928 219 50 cognoscitur
474 928 117 50 tota
546 928 175 50 essentia
677 928 146 50 diuina
779 928 87 50 ab
823 928 131 50 anima
911 928 175 50 Christi;
1027 928 73 50 non

239 966 145 49 tamen
335 966 241 49 cognoscitur
528 966 225 49 totaliter,
705 966 80 49 &
737 966 112 49 per
801 966 225 49 consequens
978 966 112 49 non
1026 966 80 49 com

243 1006 245 41 prehenditur:
442 1006 123 41 quia
519 1006 184 41 potentia
657 1006 245 41 cognoscentis
840 1006 261 41 cognoscibilita-

244 1040 91 47 ti
289 1040 257 47 cognoscibilis
501 1040 106 47 non
561 1040 227 47 adaequatur.
742 1040 91 47 Et
788 1040 106 47 per
848 1040 106 47 hoc
909 1040 136 47 patet
999 1040 91 47 ad
1029 1040 76 47 se-

249 1081 176 41 cundum:
377 1081 128 41 quia
457 1081 176 41 quamuis
586 1081 192 41 simplex,
730 1081 128 41 quod
810 1081 112 41 est
874 1081 209 41 infinitae
1019 1081 80 41 co-

243 1122 285 42 gnoscibilitatis
483 1122 75 42 a
513 1122 165 42 virtute
633 1122 150 42 finita
738 1122 135 42 totum
828 1122 270 42 apprehendatur:
1038 1122 75 42 non

237 1159 146 39 tamen
334 1159 276 39 apprehenditur
562 1159 228 39 totaliter:
741 1159 163 39 igitur
854 1159 114 39 non
903 1159 195 39 comprehen-

244 1196 136 49 ditur
334 1196 211 49 totaliter:
500 1196 136 49 Sicut
591 1196 121 49 enim
666 1196 106 49 vna
727 1196 136 49 linea
817 1196 166 49 tendens
938 1196 75 49 a
953 1196 151 49 circumfe

240 1241 156 45 rentia
349 1241 93 45 ad
396 1241 171 45 centrum
521 1241 187 45 attingit
661 1241 140 45 totum
755 1241 187 45 centrum,
895 1241 109 45 cum
957 1241 109 45 sit
1004 1241 109 45 indi-

249 1275 197 42 uisibile,
400 1275 76 42 &
431 1275 212 42 punctuale:
598 1275 136 42 tamen
689 1275 106 42 non
749 1275 182 42 attingit
886 1275 136 42 ipsum
962 1275 136 42 totali-

243 1317 113 51 ter:
314 1317 113 51 quia
385 1317 85 51 ab
427 1317 184 51 infinitis
569 1317 128 51 aliis
654 1317 142 51 lineis
754 1317 113 51 idem
824 1317 156 51 centrum
938 1317 142 51 potest
1023 1317 71 51 con

243 1361 147 48 tingi,
346 1361 117 48 quas
419 1361 161 48 alitei,
537 1361 73 48 &
566 1361 147 48 aliter
669 1361 147 48 potest
772 1361 205 48 terminare,
933 1361 132 48 puta,
1006 1361 103 48 penes

231 1396 160 50 sursum,
348 1396 73 50 &
377 1396 174 50 deorsum,
507 1396 73 50 &
536 1396 102 50 sic
594 1396 87 50 de
638 1396 145 50 aliis:
739 1396 102 50 fic
797 1396 87 50 in
841 1396 203 50 proposito.
1000 1396 131 50 Etiam

249 1436 183 49 quilibet
386 1436 229 49 intellectus
569 1436 198 49 cognoscit
721 1436 137 49 totum
813 1436 152 49 primum
904 1436 198 49 principium,

242 1472 172 46 scilicet
370 1472 86 46 de
413 1472 172 46 quolibet
542 1472 129 46 esse,
628 1472 100 46 vel
685 1472 100 46 non
742 1472 129 46 esse:
828 1472 72 46 &
857 1472 129 46 tamen
943 1472 143 46 nullus
1028 1472 72 46 in-

246 1512 195 51 tellectus
396 1512 165 51 creatus
516 1512 195 51 cognoscit
666 1512 135 51 ipsum
755 1512 210 51 totaliter:
920 1512 120 51 quia
980 1512 120 51 nullus

247 1551 228 50 intellectus
429 1551 167 50 creatus
551 1551 137 50 forte
642 1551 213 50 intelligit
810 1551 137 50 omnes
886 1551 213 50 conclusiones

247 1591 229 47 deducibiles
430 1591 92 47 ex
476 1591 122 47 illo
552 1591 214 47 principio.
720 1591 107 47 Sic
781 1591 92 47 in
827 1591 198 47 proposito
964 1591 61 47 &c

279 1626 96 53 Ad
327 1626 176 53 tertium
455 1626 207 53 dicendum,
614 1626 128 53 quod
694 1626 176 53 posito,
822 1626 128 53 quod
902 1626 144 53 nihil
981 1626 128 53 essen-

244 1666 113 55 tiae
314 1666 183 55 realiter,
455 1666 98 55 seu
511 1666 155 55 quantum
624 1666 84 55 ad
666 1666 113 55 rem,
736 1666 113 55 quae
807 1666 98 55 est
863 1666 183 55 essentia,
989 1666 113 55 lateat

237 1706 154 51 animam
344 1706 184 51 Christi:
482 1706 138 51 multa
575 1706 154 51 tamen,
682 1706 77 51 &
713 1706 184 51 infinita
851 1706 154 51 ipsius
943 1706 154 51 essentia

253 1749 208 48 modaliter,
416 1749 104 48 seu
476 1749 119 48 quod
550 1749 89 48 ad
594 1749 133 48 modos
683 1749 208 48 essentiae,
846 1749 163 48 possunt
965 1749 133 48 illam
1039 1749 74 48 ani

237 1791 105 46 mam
297 1791 165 46 latere:
417 1791 120 46 quia
493 1791 180 46 infiniti
628 1791 120 46 sunt
703 1791 135 46 modi,
793 1791 150 46 quibus
899 1791 180 46 essentia
1019 1791 90 46 diui

244 1829 86 57 na
287 1829 158 57 imitari
402 1829 144 57 posset
502 1829 72 57 a
531 1829 201 57 creaturis,
689 1829 86 57 si
732 1829 115 57 Deus
804 1829 100 57 eas
861 1829 215 57 producendas
1019 1829 86 57 esse

238 1868 199 52 decerneret

297 1908 90 43 Ad
342 1908 120 43 quar
417 1908 105 43 tum
478 1908 196 43 dicendum,
628 1908 181 43 secundum
764 1908 120 43 quod
839 1908 151 43 dicunt
944 1908 196 43 doctores,

246 1947 100 53 que
303 1947 172 53 lsidorus
432 1947 100 53 ibi
489 1947 172 53 loquitur
618 1947 86 53 de
661 1947 158 53 notitia
776 1947 201 53 trinitatis
933 1947 100 53 non
976 1947 129 53 quomodo

244 1984 178 56 cunque:
373 1984 113 56 sed
438 1984 113 56 quo
503 1984 97 56 ad
551 1984 178 56 numerum
681 1984 194 56 scitorum
826 1984 178 56 talium,
955 1984 129 56 quae
1020 1984 81 56 co-

244 2030 197 47 gnoscuntur
398 2030 169 47 scientia
525 2030 183 47 visionis,
665 2030 98 47 hoc
722 2030 112 47 est,
792 2030 140 47 eorum,
890 2030 112 47 quae
960 2030 126 47 facta
1031 2030 84 47 sunt

245 2072 118 40 vel
313 2072 152 40 adhuc
414 2072 152 40 fenda
516 2072 152 40 sunt:
617 2072 135 40 quia
702 2072 102 40 in
753 2072 169 40 talium
871 2072 186 40 notitia
990 2072 118 40 anima

246 2102 177 49 Christi,
379 2102 88 49 vt
423 2102 162 49 dicunt,
541 2102 177 49 aequatur
674 2102 147 49 verbo,
777 2102 74 49 &
806 2102 103 49 hoc
865 2102 133 49 verum
954 2102 103 49 est
998 2102 103 49 quan-

252 2147 124 44 tum
323 2147 106 44 ad
376 2147 195 44 numerum
518 2147 212 44 scitorum
677 2147 124 44 sed
748 2147 124 44 non
818 2147 195 44 quantum
960 2147 106 44 ad
995 2147 124 44 modum

246 2179 181 64 sciendi:
382 2179 121 64 ideo
457 2179 91 64 ad
502 2179 136 64 talem
593 2179 181 64 notitiam
729 2179 151 64 ipsius
834 2179 151 64 animae
940 2179 106 64 non
985 2179 121 64 sequi-

248 2219 103 45 tur
307 2219 236 45 comprehensio
499 2219 148 45 ipsius
603 2219 163 45 diuinae
706 2219 163 45 essentiae

287 2260 221 53 Praeterea,
461 2260 142 53 arguo
555 2260 173 53 secundo
681 2260 110 53 pro
744 2260 221 53 supradicta
902 2260 205 53 conclusione

254 2301 109 47 nc.
317 2301 93 47 Si
363 2301 140 47 anima
456 2301 171 47 Christi
581 2301 233 47 cognosceret
767 2301 124 47 omne
845 2301 202 47 possibile
985 2301 124 47 produ-

257 2340 87 48 ci
300 2340 72 48 a
329 2340 145 48 diuina
430 2340 188 48 potentia,
575 2340 116 48 tunc
647 2340 174 48 infinita
777 2340 101 48 Dei
835 2340 174 48 potentia
965 2340 130 48 esset
1038 2340 72 48 ex-

248 2383 132 44 hausta
340 2383 79 44 in
379 2383 171 44 prospectu
511 2383 158 44 virtutis
629 2383 158 44 finitae,
748 2383 105 44 quod
813 2383 92 44 est
853 2383 184 44 impossibile-

285 2419 217 52 Praeterea,
455 2419 155 52 quanto
563 2419 155 52 plures
672 2419 248 52 conclusiones
873 2419 139 52 simul
951 2419 170 52 cognoscum

249 2462 104 45 tur
308 2462 89 45 in
353 2462 148 45 aliquo
456 2462 207 45 principio,
619 2462 133 45 tanto
708 2462 133 45 maior
797 2462 148 45 virtus
901 2462 207 45 requiritur
1049 2462 59 45 in

268 2498 170 44 otentia
391 2498 216 44 cognitiua:
561 2498 108 44 nam
623 2498 123 44 ille
700 2498 247 44 intellectus,
900 2498 108 44 qui
962 2498 123 44 duas
1024 2498 77 44 co-

255 2544 184 44 gnoscit,
392 2544 214 44 perfectior
561 2544 122 44 est,
637 2544 122 44 quam
714 2544 107 44 qui
775 2544 138 44 solam
867 2544 122 44 vnam
928 2544 184 44 cognoscit,

246 2587 73 44 &
276 2587 103 44 qui
334 2587 132 44 tres,
423 2587 220 44 perfectior,
599 2587 118 44 quam
672 2587 103 44 qui
731 2587 132 44 duas:
819 2587 73 44 &
849 2587 103 44 sic
907 2587 191 44 deinceps:
1040 2587 73 44 er-

243 2620 86 51 go
286 2620 115 51 ille
357 2620 100 51 qui
415 2620 172 51 infinita
544 2620 129 51 simul
630 2620 230 51 intelligeret
817 2620 86 51 in
860 2620 100 51 vno
917 2620 201 51 principio,
1061 2620 57 51 o-

259 2656 176 44 porteret,
395 2656 108 44 quod
462 2656 122 44 esset
543 2656 176 44 infinitae
678 2656 176 44 virtutis;
814 2656 95 44 sic
868 2656 122 44 autem
949 2656 122 44 esset
1030 2656 81 44 de
1057 2656 54 44 a-

242 2701 121 45 nima
318 2701 167 45 Christi
439 2701 91 45 si
484 2701 136 45 omnia
575 2701 243 45 cognosceret,
772 2701 121 45 quae
848 2701 91 45 in
894 2701 152 45 diuina
985 2701 121 45 essen-

250 2733 105 45 tia
310 2733 299 45 repraesentantur:
564 2733 119 45 ergo
623 2733 60 45 &c

296 2761 114 55 Sed
361 2761 163 55 contra
475 2761 146 55 istam
572 2761 260 55 conclusionem
784 2761 98 55 ex
832 2761 163 55 dictis
930 2761 179 55 aliquorum

262 2810 187 57 arguitur
387 2810 78 57 sic

263 2839 79 60 1
295 2839 158 60 Nullus
405 2839 158 60 potest
516 2839 158 60 aliqua
627 2839 237 60 cognoscere,
817 2839 126 60 quae
896 2839 174 60 ignorat
1006 2839 111 60 anima

258 2893 119 48 eius
332 2893 74 48 :
362 2893 104 48 sed
422 2893 178 48 Christus
555 2893 134 48 nouit
644 2893 149 48 omnia.
749 2893 119 48 Vnde
823 2893 178 48 dixerunt
957 2893 89 48 ei
1001 2893 149 48 disci

250 2928 134 57 puli,
340 2928 119 57 nunc
414 2928 164 57 scimus:
533 2928 119 57 quia
608 2928 119 57 scis
668 2928 104 57 omnia

270 2972 75 43 2
300 2972 210 43 Praeterea,
465 2972 180 43 voluntas
600 2972 165 43 Christi
719 2972 105 43 cum
779 2972 165 43 haberet
899 2972 195 43 perfectam
1034 2972 75 43 ca-

261 3013 178 49 ritatem,
395 3013 148 49 amauit
498 3013 119 49 omne
572 3013 133 49 bonum
661 3013 74 49 :
691 3013 119 49 ergo
765 3013 222 49 intellectus
943 3013 163 49 Christi
1047 3013 74 49 com

258 3053 170 47 gnouit
377 3053 136 47 omne
462 3053 170 47 bonum.
582 3053 273 47 Consequentia
803 3053 170 47 patet:
923 3053 136 47 quia
991 3053 119 47 bonum

262 3090 177 47 cognitum
395 3090 103 47 est
454 3090 177 47 obiectum
587 3090 222 47 voluntatis,
764 3090 103 47 sed
824 3090 133 47 omne,
912 3090 118 47 quod
986 3090 89 47 in
1016 3090 103 47 esse-

252 3131 115 59 tia
317 3131 165 59 diuina
433 3131 198 59 relucet,
581 3131 148 59 habet
679 3131 198 59 rationem
828 3131 148 59 boni:
926 3131 132 59 ergo
992 3131 66 59 &c

1165 291 70 68 3
1193 291 195 68 Praeterea,
1346 291 125 68 ille,
1430 291 84 68 in
1472 291 98 68 quo
1527 291 167 68 perfecta
1653 291 98 68 est
1708 291 167 68 potentia
1820 291 195 68 intellectus.

1153 350 179 46 ossibilis
1291 350 110 46 ille
1360 350 110 46 scit
1429 350 124 46 omnia
1512 350 179 46 scibilia:
1650 350 110 46 quia
1718 350 207 46 intellectus
1870 350 138 46 possibi-

1138 385 104 52 lis
1198 385 104 52 est
1257 385 134 52 omnia
1346 385 149 52 fieri,
1450 385 89 52 vt
1495 385 134 52 patet
1584 385 89 52 3.
1629 385 89 52 de
1673 385 149 52 anima:
1777 385 104 52 sed
1837 385 89 52 in
1866 385 134 52 Christo

1144 426 130 50 nihil
1230 426 101 50 est
1288 426 130 50 imper
1374 426 158 50 fectum:
1489 426 115 50 ergo
1547 426 72 50 &c.

1156 467 71 58 4
1184 467 198 58 Praeterea,
1340 467 99 58 hoc
1396 467 99 58 non
1453 467 127 58 debet
1538 467 142 58 negari
1637 467 142 58 animae
1736 467 170 58 Christi,
1863 467 113 58 quod
1920 467 99 58 vere,

1137 496 181 46 conuenit
1272 496 181 46 cuilibet
1408 496 151 46 animae
1513 496 166 46 beatae:
1634 496 105 46 sed
1694 496 196 46 quaelibet
1844 496 135 46 anima
1920 496 75 46 bea

1138 539 82 54 ta
1179 539 123 54 videt
1261 539 137 54 omnia,
1357 539 109 54 quae
1426 539 164 54 relucent
1549 539 82 54 in
1590 539 164 54 essentia
1713 539 150 54 diuina,
1822 539 96 54 non
1877 539 123 54 solum
1945 539 55 54 fa

1136 575 119 49 cta,
1211 575 75 49 &
1240 575 164 49 fienda:
1360 575 134 49 verum
1449 575 134 49 etiam
1539 575 134 49 fieri
1628 575 224 49 possibilia.
1807 575 134 49 Maior
1882 575 119 49 patet.

1132 617 96 55 Et
1180 617 176 55 minorem
1308 617 128 55 ipsi
1388 617 176 55 probant
1499 617 256 55 multipliciter.

1159 658 83 47 I
1193 658 132 47 PRIM
1275 658 83 47 o
1308 658 132 47 sic.
1391 658 149 47 Anima
1490 658 149 47 beata
1589 658 132 47 nude
1672 658 215 47 cognoscit
1821 658 198 47 essentiamn

1146 696 191 48 liuinam:
1289 696 127 48 ergo
1369 696 207 48 cognoscit
1527 696 159 48 omnia.
1639 696 222 48 Antecedens
1813 696 143 48 patet
1909 696 95 48 ex
1941 696 79 48 di-

1145 733 122 55 ctis
1221 733 92 55 in
1267 733 76 55 1
1297 733 153 55 artic.
1404 733 183 55 Probatur
1542 733 260 55 consequentia:
1756 733 122 55 quia
1832 733 137 55 omnia
1908 733 92 55 pro-

1137 776 146 42 ducta,
1239 776 102 42 vel
1298 776 233 42 producibilia
1487 776 87 42 in
1531 776 175 42 essentia
1662 776 146 42 diuina
1764 776 204 42 relucentia
1910 776 87 42 exce

1142 811 144 46 duntur
1242 811 288 46 incomparabiliter
1487 811 72 46 a
1516 811 144 46 diuina
1616 811 187 46 essentia,
1760 811 72 46 &
1789 811 101 46 per
1832 811 173 46 consequens

1141 855 138 49 virtus
1238 855 194 49 cognitiua,
1390 855 111 49 quae
1459 855 138 49 potest
1556 855 83 49 in
1598 855 166 49 essentia
1722 855 138 49 potest
1819 855 83 49 in
1861 855 111 49 onia
1916 855 83 49 alia

1155 896 76 50 2
1185 896 214 50 Praeterea,
1353 896 122 50 quae
1430 896 214 50 aequaliter
1598 896 290 50 repraesentantur
1842 896 92 50 in
1873 896 122 50 aliquo

1141 930 178 49 speculo,
1275 930 104 49 qua
1334 930 163 49 ratione
1452 930 222 49 cognoscitur
1630 930 119 49 vnum
1705 930 89 49 ab
1749 930 104 49 eo,
1808 930 104 49 cui
1853 930 148 49 praesens

1141 971 113 47 est
1206 971 211 47 speculum,
1368 971 146 47 eadem
1465 971 178 47 ratione
1594 971 259 47 cognoscuntur
1805 971 146 47 omnia
1886 971 113 47 alia;

1141 1009 101 60 sed
1198 1009 87 60 in
1242 1009 159 60 speculo
1357 1009 159 60 diuinae
1472 1009 188 60 essentiae
1617 1009 202 60 aequaliter
1761 1009 245 60 repraesentantur

1142 1048 199 46 mnia:
1274 1048 177 46 ergo
1363 1048 110 46 &c.

1155 1082 74 57 3
1185 1082 207 57 Praeterea,
1348 1082 133 57 anima
1436 1082 207 57 rationalis
1599 1082 222 57 naturaliter
1777 1082 192 57 desiderat
1910 1082 89 57 sci-

1135 1131 98 43 re
1184 1131 163 43 omnia:
1297 1131 114 43 sed
1362 1131 114 43 cum
1428 1131 146 43 anima
1525 1131 114 43 est
1590 1131 163 43 beata,
1704 1131 130 43 omne
1786 1131 130 43 suum
1851 1131 146 43 deside-

1124 1170 190 42 rium
1243 1170 356 42 adimpletur:
1528 1170 190 42 ergo
1623 1170 119 42 &c.

1149 1206 71 47 4
1177 1206 200 47 Praeterea,
1334 1206 86 47 in
1377 1206 143 47 beatis
1477 1206 128 47 nulla
1562 1206 114 47 erit
1634 1206 143 47 poena:
1733 1206 100 47 sed
1790 1206 185 47 igorantia
1919 1206 71 47 ess

1148 1247 187 50 uaedam
1279 1247 187 50 poena:
1410 1247 150 50 ergo
1485 1247 94 50 &c.

1162 1282 72 45 3
1190 1282 202 45 Praeterea,
1349 1282 173 45 essentia
1479 1282 144 45 diuina
1580 1282 101 45 est
1638 1282 202 45 expressior
1797 1282 202 45 similitudo
1941 1282 58 45 cu

1140 1323 189 53 iuscunque
1286 1323 116 53 rei,
1358 1323 116 53 quam
1431 1323 160 53 propria
1547 1323 160 53 species
1664 1323 145 53 ipsius
1765 1323 116 53 rei:
1838 1323 102 53 sed
1882 1323 116 53 cuius-

1134 1371 145 43 cunque
1236 1371 160 43 species
1352 1371 131 43 esset
1440 1371 174 43 praesens
1571 1371 145 43 animae
1672 1371 160 43 beatae,
1789 1371 116 43 illa
1861 1371 87 43 re
1890 1371 102 43 cogno

1132 1403 150 49 sceret:
1241 1403 109 49 ergo
1310 1403 95 49 cum
1364 1403 164 49 essentia
1487 1403 136 49 diuina
1582 1403 95 49 sep
1637 1403 95 49 sit
1691 1403 109 49 pses
1759 1403 218 49 animaebeatae
1923 1403 68 49 &c.

1150 1444 72 40 e
1178 1444 201 40 Praeterea,
1336 1444 129 40 omnis
1423 1444 187 40 creatura,
1566 1444 86 40 vt
1609 1444 101 40 est
1667 1444 86 40 in
1710 1444 115 40 Deo,
1782 1444 101 40 est
1839 1444 129 40 idem,
1911 1444 86 40 quod

1140 1479 172 58 creatrix
1269 1479 187 58 essentia:
1412 1479 115 58 ergo
1484 1479 100 58 non
1542 1479 144 58 aliter
1642 1479 86 58 se
1685 1479 129 58 habet
1771 1479 100 58 vna
1829 1479 172 58 creatura
1944 1479 57 58 ad

1149 1521 104 40 noc
1209 1521 89 40 vt
1253 1521 179 40 videatur
1388 1521 104 40 per
1447 1521 164 40 diuinam
1566 1521 209 40 essentiam,
1730 1521 119 40 quam
1805 1521 134 40 alia.

1157 1558 65 43 2
1183 1558 183 43 Praeterea,
1327 1558 118 43 Creg.
1405 1558 78 43 2.
1445 1558 105 43 lib.
1510 1558 118 43 dial.
1589 1558 105 43 ait.
1654 1558 105 43 Quid
1719 1558 105 43 est,
1785 1558 92 43 qud
1837 1558 92 43 ibi
1876 1558 131 43 nesciunt

1142 1597 112 50 vbi
1206 1597 192 50 scientem
1350 1597 144 50 omnia
1429 1597 144 50 sciunt,

1153 1639 71 49 8
1181 1639 200 49 Praeterea,
1338 1639 128 49 Apoc.
1424 1639 86 49 5.
1466 1639 157 49 dicitur
1581 1639 143 49 dignus
1680 1639 100 49 est
1737 1639 128 49 agnus
1823 1639 171 49 accipere
1937 1639 57 49 sa

1155 1677 196 48 uientiam.
1306 1677 136 48 Olosa
1396 1677 166 48 inquit,
1517 1677 136 48 idest
1608 1677 151 48 omnium
1713 1677 241 48 cognitionem,
1894 1677 106 48 sicut

1145 1717 168 38 verbum,
1267 1717 107 38 cui
1328 1717 153 38 vnitus
1435 1717 107 38 est
1496 1717 122 38 ergo
1572 1717 153 38 saltem
1679 1717 137 38 anima
1771 1717 168 38 Christi
1878 1717 122 38 cogno-

1149 1755 110 47 cet
1212 1755 158 47 omnia,
1323 1755 126 47 quod
1401 1755 110 47 est
1464 1755 158 47 contra
1575 1755 126 47 tuam
1638 1755 236 47 conclusionem.

1179 1794 106 48 Sed
1240 1794 167 48 quamuis
1361 1794 197 48 predictis
1513 1794 137 48 minor
1604 1794 258 48 multipliciter
1817 1794 182 48 videatur
1938 1794 61 48 es

1135 1837 95 42 se
1183 1837 191 42 probata:
1326 1837 143 42 tamen
1421 1837 111 42 non
1485 1837 159 42 reputo
1596 1837 111 42 eam
1659 1837 127 42 esse
1723 1837 127 42 veram.

1152 1873 83 48 1
1186 1873 132 48 Quia
1268 1873 116 48 per
1334 1873 182 48 apertam
1466 1873 314 48 intellectionem,
1730 1873 116 48 seu
1780 1873 231 48 intuitionem,

1150 1914 157 43 obiecti
1264 1914 257 43 intelligibilis
1478 1914 100 43 non
1535 1914 171 43 videntur
1663 1914 100 43 oia
1721 1914 228 43 representata
1906 1914 86 43 in
1935 1914 71 43 ob-

1143 1949 147 40 iesto,
1246 1949 117 40 nisi
1319 1949 264 40 conprehendatur
1539 1949 147 40 ratio,
1642 1949 103 40 sub
1701 1949 103 40 qua
1760 1949 132 40 talia
1833 1949 176 40 repraesen-

1154 1996 142 47 tantur
1253 1996 85 47 in
1296 1996 170 47 obiecto:
1424 1996 99 47 sed
1480 1996 142 47 nullus
1580 1996 213 47 intellectus
1750 1996 156 47 creatus
1850 1996 156 47 quantuli-

1155 2031 104 47 pet
1215 2031 149 47 beatus
1319 2031 238 47 comprehendit
1513 2031 194 47 huiusmodi
1661 2031 194 47 rationem,
1810 2031 104 47 sub
1870 2031 104 47 qua
1915 2031 89 47 diui

1144 2069 82 42 na
1185 2069 165 42 essentia
1309 2069 220 42 repraesentat
1488 2069 165 42 infinita
1611 2069 234 42 producibilia:
1804 2069 110 42 quia
1872 2069 110 42 illa
1927 2069 69 42 ra-

1152 2104 94 54 tio
1205 2104 94 54 est
1259 2104 175 54 infinita:
1394 2104 108 54 ergo
1448 2104 54 54 &c

1159 2147 75 41 2
1189 2147 210 41 Praeterea,
1354 2147 150 41 quauis
1459 2147 180 41 essentia
1593 2147 150 41 diuina
1698 2147 180 41 respectu
1818 2147 195 41 intellectus

1147 2179 137 50 diuini
1243 2179 96 50 sit
1298 2179 164 50 obiectum
1421 2179 178 50 naturale:
1558 2179 96 50 qua
1612 2179 123 50 talis
1694 2179 205 50 intellectus
1859 2179 96 50 est
1900 2179 109 50 beatus

1149 2225 79 46 ex
1188 2225 144 46 natura:
1293 2225 118 46 tamen
1372 2225 157 46 respectu
1489 2225 183 46 ceterorum,
1633 2225 105 46 quod
1699 2225 79 46 ex
1738 2225 105 46 sola
1804 2225 92 46 gra
1856 2225 105 46 sunt
1908 2225 92 46 beati

1148 2265 65 37 e
1174 2265 156 37 obiectum
1291 2265 156 37 liberum,
1408 2265 65 37 &
1434 2265 208 37 voluntarium:
1603 2265 65 37 &
1629 2265 104 37 ideo
1694 2265 91 37 non
1746 2265 156 37 oportet,
1863 2265 104 37 quod
1928 2265 78 37 se
1954 2265 52 37 o-

1155 2303 149 45 stendat
1263 2303 135 45 quatum
1357 2303 149 45 potest:
1465 2303 95 45 sed
1519 2303 162 45 ostendit
1641 2303 81 45 se
1681 2303 149 45 quantum
1789 2303 122 45 vult,
1870 2303 68 45 &
1884 2303 122 45 quantum

1155 2341 138 47 eorum
1247 2341 231 47 beatitudini
1431 2341 185 47 decreuit
1554 2341 185 47 impartiri.

1170 2371 71 61 3
1198 2371 200 61 Praeterea,
1355 2371 214 61 intellectus
1527 2371 171 61 finitus,
1655 2371 157 61 quamuis
1769 2371 143 61 videat
1855 2371 157 61 essentiam

1160 2422 146 50 diuinam
1266 2422 186 50 infinitam,
1412 2422 120 50 videt
1492 2422 120 50 tamen
1572 2422 80 50 ea
1611 2422 146 50 finite,
1718 2422 66 50 &
1744 2422 93 50 sub
1797 2422 146 50 ratione
1890 2422 120 50 finita.

1147 2459 115 45 lsta
1219 2459 144 45 patet:
1319 2459 115 45 quia
1392 2459 130 45 inter
1478 2459 187 45 potentiam
1622 2459 216 45 cognitiuam,
1795 2459 72 45 &
1824 2459 173 45 rationem
1939 2459 72 45 co-

1166 2499 162 42 noscendi
1287 2499 121 42 debet
1368 2499 108 42 essc
1435 2499 202 42 conformitas
1597 2499 108 42 sine
1664 2499 162 42 excessu:
1786 2499 108 42 dato
1853 2499 135 42 etiam,
1934 2499 81 42 quod

1150 2538 98 47 res
1206 2538 154 47 cognita
1318 2538 154 47 excedat
1429 2538 182 47 potentiam
1569 2538 210 47 cognitiuam:
1737 2538 98 47 sed
1793 2538 168 47 obiectum
1904 2538 112 47 quauis

1148 2582 162 49 cunque
1261 2582 211 49 infinitum
1423 2582 113 49 sub
1488 2582 178 49 ratione
1618 2582 162 49 finita
1731 2582 113 49 non
1780 2582 227 49 repraesentat

1157 2613 159 53 nfinita
1272 2613 72 53 :
1301 2613 116 53 ergo
1359 2613 72 53 &c.

1163 2657 68 39 4
1191 2657 190 39 Praeterea,
1340 2657 122 39 sicut
1421 2657 149 39 probaui
1529 2657 108 39 int.
1597 2657 95 39 li.
1652 2657 122 39 dist.
1733 2657 95 39 38.
1787 2657 217 39 conclusione.
1950 2657 54 39 1.

1155 2695 109 42 vnus
1223 2695 150 42 angelus
1332 2695 109 42 scit
1400 2695 150 42 aliqua,
1509 2695 109 42 quom
1577 2695 150 42 ignorat
1686 2695 122 42 alius
1767 2695 163 42 angelus:
1890 2695 109 42 ergo
1944 2695 68 42 non

1154 2735 180 56 quilibet
1289 2735 150 56 beatus
1394 2735 195 56 cognoscit
1544 2735 135 56 omnia
1634 2735 90 56 in
1679 2735 150 56 diuina
1784 2735 180 56 essentia
1904 2735 105 56 repre

1159 2774 153 51 entata.
1271 2774 84 51 Et
1313 2774 112 51 ista
1382 2774 98 51 est
1438 2774 167 51 intentio
1564 2774 84 51 P.
1605 2774 126 51 Dion.
1689 2774 84 51 7.
1731 2774 98 51 ca.
1787 2774 126 51 cael.
1871 2774 126 51 Hier.
1940 2774 70 51 ubi

1154 2812 111 53 ait,
1223 2812 111 53 quod
1292 2812 138 53 angeli
1389 2812 193 53 superiores
1541 2812 152 53 purgant
1652 2812 193 53 inferiores
1804 2812 69 53 a
1817 2812 180 53 nescientia.

1183 2854 102 47 Ad
1234 2854 170 47 primum
1353 2854 170 47 contra
1472 2854 272 47 conclusionem
1693 2854 204 47 adductam
1829 2854 187 47 dicendum,

1158 2893 89 46 ue
1203 2893 133 46 maior
1291 2893 192 46 tantumodo
1439 2893 103 46 est
1498 2893 118 46 vera
1572 2893 89 46 de
1616 2893 103 46 eo,
1675 2893 103 46 qui
1734 2893 103 46 est
1793 2893 133 46 vnius
1867 2893 148 46 naturae,

1154 2932 68 49 &
1182 2932 96 49 non
1236 2932 82 49 de
1278 2932 96 49 eo,
1332 2932 96 49 qui
1387 2932 123 49 habet
1469 2932 82 49 in
1510 2932 82 49 se
1551 2932 151 49 naturam
1661 2932 164 49 diuinam,
1784 2932 68 49 &
1811 2932 164 49 humanam:
1921 2932 82 49 quia

1155 2968 109 53 lle
1218 2968 156 53 potest
1327 2968 156 53 aliqua
1436 2968 140 53 scire
1530 2968 187 53 secundum
1670 2968 172 53 diuinam
1795 2968 187 53 naturam,
1919 2968 94 53 quae

1148 3010 162 48 agnorat
1266 3010 133 48 anima
1355 3010 118 48 sua,
1429 3010 118 48 quae
1503 3010 89 48 se
1547 3010 133 48 tenet
1636 3010 89 48 ex
1680 3010 133 48 parte
1769 3010 162 48 naturae
1872 3010 133 48 humane-

1165 3051 88 43 Ad
1209 3051 176 43 secundum
1342 3051 191 43 dicendum,
1489 3051 118 43 quod
1562 3051 103 43 ea,
1621 3051 118 43 quae
1695 3051 118 43 sunt
1768 3051 206 43 possibilia
1915 3051 103 43 fieri

1164 3088 88 42 er
1208 3088 162 42 diuinam
1326 3088 206 42 potentiam,
1488 3088 118 42 quae
1562 3088 132 42 tamen
1650 3088 147 42 diuina
1753 3088 191 42 sapientia
1900 3088 103 42 non
1944 3088 74 42 di-

1154 3121 149 59 sponit
1258 3121 119 59 sore
1333 3121 223 59 producenda,
1512 3121 104 59 nec
1571 3121 194 59 ordinauit
1720 3121 89 59 ad
1765 3121 134 59 esse,
1854 3121 134 59 illis
1944 3121 104 59 non
