2403 3532
218 261 156 75 missio,
331 261 114 75 quae
402 261 99 75 est
459 261 85 75 in
502 261 227 75 beatitudine,
687 261 185 75 reducitur
829 261 85 75 in
871 261 128 75 lumen
942 261 128 75 gloriae

212 322 112 41 Nam
276 322 192 41 secundum
420 322 128 41 quod
500 322 160 41 aliqua
612 322 144 41 anima
709 322 112 41 est
773 322 160 41 lumine
885 322 176 41 gloriae
997 322 64 41 mo

211 368 118 53 gis,
285 368 104 53 vel
344 368 133 53 minus
433 368 207 53 disposita,
596 368 178 53 secundum
729 368 104 53 hoc
789 368 104 53 est
848 368 148 53 magis,
952 368 104 53 vel
996 368 74 53 mi-

205 401 111 52 nus
253 401 127 52 beata-

242 446 74 43 3
272 446 207 43 Praeterea,
434 446 118 43 quia
508 446 192 43 doctores,
656 446 177 43 tenentes
788 446 236 43 conclusionem
965 446 89 43 prae

207 476 175 54 dictam,
334 476 222 54 communiter
509 476 175 54 fundant
636 476 127 54 suam
715 476 238 54 intentionem
905 476 159 54 super:
1001 476 63 54 at

205 518 186 46 ctoritate
348 518 100 46 Aug
405 518 100 46 hic
462 518 143 46 posita
563 518 86 46 in
606 518 172 46 littera,
735 518 100 46 qua
792 518 172 46 dicitur,
921 518 115 46 quod
978 518 86 46 ani-

211 559 92 47 ma
257 559 168 47 propter
379 559 214 47 appetitum,
548 559 107 47 vel
609 559 276 47 inclinationem,
839 559 123 47 quam
915 559 138 47 habet
992 559 61 47 a-

198 598 164 51 eorpus,
317 598 223 51 retardatur,
496 598 89 51 ne
540 598 164 51 feratur
659 598 89 51 in
704 598 149 51 summum
808 598 164 51 coelum:
927 598 119 51 ideo
987 598 74 51 con

201 644 110 42 tra
264 644 141 42 istud
358 644 235 42 fundamentum
546 644 172 42 arguunt
672 644 125 42 isti
750 644 94 42 de
797 644 188 42 opposita
923 644 125 42 opinio

205 682 91 44 ne
250 682 121 44 sic.
326 682 91 44 Si
371 682 136 44 auima
462 682 182 44 separata
598 682 136 44 beata
689 682 166 44 haberet
810 682 227 44 remissiorem
976 682 76 44 bea

202 720 206 41 ritudinem
360 720 174 41 propter
487 720 285 41 inclinationem,
725 720 127 41 quam
804 720 142 41 habet
899 720 95 41 ad
930 720 127 41 corpus

200 751 128 54 tunc
280 751 145 54 anima
377 751 177 54 Christi
505 751 112 54 per
569 751 177 54 triduum
698 751 128 54 post
778 751 209 54 passionem
922 751 145 54 fuisset

196 793 145 50 minus
293 793 161 50 beata,
406 793 129 50 quam
486 793 161 50 fuerat
599 793 129 50 ante
680 793 226 50 passionem.
841 793 210 50 Consequenti

201 836 152 50 patet,
307 836 122 50 quia
383 836 137 50 anima
474 836 167 50 Christi
596 836 122 50 post
672 836 243 50 separationem
870 836 76 50 a
900 836 106 50 suo
946 836 106 50 corpi

196 872 101 49 re
247 872 117 49 non
314 872 168 49 habuit
431 872 185 49 minorem
565 872 285 49 inclinationem
800 872 101 49 ad
851 872 134 49 suum
918 872 134 49 corpus

205 918 152 39 tiuam
307 918 237 39 quaecumque
492 918 135 39 alia
577 918 152 39 anima
678 918 169 39 habeat
797 918 101 39 ad
847 918 169 39 corpus
949 918 118 39 suum:

198 951 103 46 Sed
257 951 177 46 falsitas
390 951 236 46 consequentis
582 951 103 46 est
641 951 133 46 nota:
729 951 118 46 quia
803 951 133 46 nimis
892 951 133 46 esset
965 951 89 46 absu

199 993 112 42 dum
263 993 176 42 dicere,
391 993 128 42 quod
471 993 144 42 anima
567 993 176 42 Christi
696 993 112 42 per
760 993 144 42 illam
840 993 224 42 sanctissimam

197 1027 200 66 passionem
351 1027 231 66 reportasset
536 1027 123 66 suae
613 1027 185 66 beatitud
752 1027 123 66 inis
813 1027 216 66 detrimentum.

241 1072 75 44 S
271 1072 211 44 Praeterea,
436 1072 180 44 defectus
572 1072 90 44 in
617 1072 195 44 inferiori
767 1072 180 44 portione
903 1072 150 44 animae
993 1072 75 44 non

203 1112 190 45 redundat
345 1112 95 45 in
393 1112 221 45 superiorem
567 1112 221 45 portionem,
741 1112 111 45 seu
804 1112 174 45 partem:
931 1112 126 45 ergo
994 1112 63 45 ex

196 1146 125 47 hoc,
274 1146 125 47 quod
353 1146 141 47 anima
446 1146 219 47 actualiter
618 1146 109 47 non
680 1146 187 47 informat
821 1146 172 47 corpus,
946 1146 78 47 &
961 1146 94 47 incl

207 1192 142 44 natur
302 1192 95 44 ad
349 1192 142 44 ipsum
444 1192 253 44 informandum,
649 1192 111 44 non
713 1192 221 44 remittitur
886 1192 158 44 animae
981 1192 79 44 bea

211 1228 155 44 titudo.
324 1228 198 44 Antecedens
479 1228 141 44 patet:
578 1228 113 44 quia
649 1228 127 44 sicut
734 1228 85 44 ex
776 1228 170 44 defectu,
904 1228 99 44 qui
960 1228 99 44 est
1002 1228 57 44 in

206 1268 133 48 tibia
295 1268 236 48 claudicante,
486 1268 103 48 non
545 1268 177 48 sequitur
678 1268 177 48 desectus
810 1268 88 48 in
855 1268 133 48 oculo
928 1268 133 48 vidente

204 1299 97 54 eo,
259 1299 111 54 quod
329 1299 138 54 virtus
425 1299 152 54 motiua,
536 1299 111 54 quae
605 1299 97 54 est
660 1299 83 54 in
702 1299 138 54 tibia;
798 1299 69 54 &
826 1299 152 54 visiua,
937 1299 111 54 quae
992 1299 69 54 ess

211 1343 103 46 ino
270 1343 147 46 culoe,
373 1343 250 46 distinguantur
578 1343 176 46 secundum
711 1343 132 46 genus
799 1343 206 46 potentiae;
960 1343 103 46 sic
1004 1343 59 46 in

199 1382 207 57 praposito
358 1382 111 57 &c.
422 1382 254 57 Consequentia
628 1382 143 57 etiam
723 1382 159 57 patet:
835 1382 127 57 quia
898 1382 159 57 corporis

199 1417 232 55 informatio
382 1417 199 55 conuenit
531 1417 133 55 ipsi
614 1417 166 55 animae
730 1417 199 55 secundum
862 1417 199 55 infcriorem

199 1454 204 60 portionem,
360 1454 102 60 sed
418 1454 131 60 vera,
505 1454 73 60 &
534 1454 218 60 essentialis
709 1454 233 60 beatificatio
898 1454 175 60 conuenit
1015 1454 58 60 ei

196 1494 205 63 secundum
350 1494 239 63 superiorem
537 1494 239 63 portionem:
725 1494 137 63 ergo
794 1494 85 63 &c.

258 1532 93 53 ro
304 1532 216 53 Praeterea,
474 1532 185 53 possquam
612 1532 139 53 anima
705 1532 201 53 resumpsit
859 1532 170 53 corpus,
967 1532 93 53 tuns

209 1577 225 50 appetitus,
386 1577 129 50 quem
466 1577 145 50 habet
563 1577 96 50 ad
611 1577 161 50 corpus
723 1577 193 50 habitum,
868 1577 113 50 non
916 1577 145 50 impedit

203 1619 236 59 perfectione
392 1619 79 59 m
424 1619 126 59 suae
503 1619 268 59 beatitudinis;
723 1619 126 59 ergo
802 1619 189 59 antequam
928 1619 142 59 resumat

202 1656 184 47 eorpus,
336 1656 234 47 appetitus,
520 1656 134 47 quem
604 1656 151 47 habet
704 1656 100 47 ad
754 1656 167 47 eorpus
855 1656 217 47 resumendum,

211 1692 113 53 non
275 1692 193 53 impediet
420 1692 258 53 persectionem
630 1692 129 53 suae
710 1692 274 53 bcatitudinis.
920 1692 145 53 Antece-

216 1730 125 48 dens
294 1730 156 48 patet.
404 1730 125 48 Proi
481 1730 125 48 atur
559 1730 265 48 consequentia;
778 1730 125 48 quia
856 1730 140 48 anima
949 1730 109 48 non
996 1730 78 48 ha-

212 1769 116 48 bet
279 1769 182 48 minorem
411 1769 215 48 apretitum
577 1769 99 48 ad
626 1769 165 48 corpus
742 1769 232 48 resumptum,
924 1769 99 48 vt
957 1769 116 48 ipsum

206 1811 201 57 retineat,
360 1811 124 57 quam
437 1811 93 57 ad
484 1811 155 57 corpus
592 1811 216 57 resumendi,
762 1811 93 57 vt
808 1811 139 57 ipsum
885 1811 155 57 acquirat

244 1854 92 44 1I
290 1854 214 44 Draeterea,
458 1854 138 44 adhuc
550 1854 153 44 contra
657 1854 245 44 conclusionem
856 1854 168 44 arguunt
963 1854 107 44 sic.-

202 1889 145 49 Actio
298 1889 193 49 nueniens
443 1889 257 49 accidentibus
652 1889 113 49 non
716 1889 145 49 minus
813 1889 193 49 perfecte
941 1889 129 49 conue-

211 1935 111 49 tut
275 1935 143 49 sibi,
370 1935 159 49 quando
481 1935 111 49 est
545 1935 207 49 separatum
704 1935 79 49 a
735 1935 191 49 corpore,
878 1935 127 49 quam
942 1935 127 49 quando

212 1979 103 42 est
271 1979 192 42 comunctum
419 1979 177 42 corpori;
552 1979 118 42 ergo
626 1979 207 42 heatitudo,
788 1979 118 42 quae
862 1979 103 42 est
921 1979 133 42 actio
995 1979 59 42 ci

212 2013 172 44 ueniens
337 2013 156 44 animae
447 2013 109 44 non
510 2013 141 44 minus
603 2013 188 44 perfecte
744 2013 203 44 conueniet
901 2013 125 44 sibi
963 2013 94 44 quas

212 2048 92 51 do
258 2048 107 51 est
319 2048 199 51 separata,
471 2048 122 51 quam
548 2048 153 51 quanoo
655 2048 107 51 est
716 2048 168 51 corpori
838 2048 214 51 coniuncta.
991 2048 76 51 An-

208 2085 189 45 tecedens
350 2085 142 45 patet
444 2085 94 45 in
492 2085 252 45 accidentibus
696 2085 252 45 remanentibus
901 2085 126 45 sine
964 2085 110 45 subie

217 2125 101 51 cto
274 2125 86 51 in
317 2125 201 51 sacramento
475 2125 172 51 altaris:
604 2125 101 51 nam
662 2125 115 51 illa
734 2125 187 51 quantitas
877 2125 144 51 replet
963 2125 101 51 locum

217 2168 115 49 alla
288 2168 143 49 albedo
389 2168 186 49 disgregat
532 2168 143 49 visum,
633 2168 115 49 ille
704 2168 129 49 sapor
790 2168 172 49 immutat,
920 2168 143 49 satiat
1006 2168 57 49 gi

210 2203 138 50 rtum,
302 2203 107 50 nen
363 2203 138 50 minus
455 2203 199 50 perfecte,
608 2203 122 50 quam
684 2203 92 50 si
730 2203 138 50 omnia
822 2203 122 50 ista
883 2203 184 50 accidentia

219 2242 150 52 essent
324 2242 90 52 in
369 2242 180 52 corpore.
505 2242 135 52 Etiam
595 2242 135 52 patet
685 2242 256 52 consequentia:
896 2242 120 52 quia
971 2242 105 52 non
1016 2242 60 52 mi

228 2291 104 44 nus
288 2291 193 44 dependent
436 2291 119 44 ista
511 2291 208 44 corporalia
674 2291 208 44 accidentia
838 2291 89 44 in
883 2291 104 44 sua
927 2291 149 44 corpora-

223 2320 93 53 li
270 2320 218 53 operatione
441 2320 78 53 a
473 2320 187 53 corpore,
613 2320 125 53 quam
691 2320 140 53 anima
784 2320 93 53 in
831 2320 109 53 sua
893 2320 187 53 suprema,
1033 2320 78 53 &

218 2370 291 44 spiritualissima
462 2370 214 44 operatione
631 2370 199 44 dependeat
783 2370 76 44 a
814 2370 183 44 corpore,
952 2370 107 44 sed
998 2370 76 44 bea

223 2403 142 51 nitudo
322 2403 100 51 est
379 2403 270 51 spiritualissima
607 2403 171 51 operatio
735 2403 157 51 animae,
849 2403 114 51 ergo
906 2403 71 51 &c.

263 2424 95 70 i2
311 2424 205 70 Preterea,
469 2424 111 70 aia
532 2424 174 70 quantum
658 2424 95 70 ad
706 2424 142 70 actum
800 2424 221 70 beatificum
974 2424 95 70 in
1006 2424 63 70 nu

224 2488 94 48 lo
271 2488 189 48 dependet
413 2488 79 48 a
444 2488 189 48 corpore;
586 2488 126 48 ergo
664 2488 94 48 ex
712 2488 251 48 coniunctione
916 2488 94 48 ad
947 2488 126 48 corpus

225 2518 112 52 non
289 2518 225 52 intenditur
466 2518 209 52 beatitudo
626 2518 161 52 ipsius
739 2518 177 52 animae.
851 2518 225 52 Consequentia

234 2563 155 53 patet.
343 2563 186 53 Probatur
483 2563 217 53 antecedens
654 2563 124 53 quia
731 2563 140 53 solum
825 2563 93 53 in
871 2563 171 53 talibus
980 2563 93 53 acti

225 2601 105 52 bus
285 2601 226 52 cognitiuis,
466 2601 75 52 &
496 2601 195 52 volitiuis
646 2601 135 52 anima
736 2601 165 52 depedet
856 2601 75 52 a
887 2601 180 52 corpore,
1007 2601 75 52 pro

225 2637 152 47 quibus
331 2637 152 47 vtitur
437 2637 243 47 phantasmate;
635 2637 106 47 Sed
695 2637 106 47 pro
756 2637 121 47 actu
832 2637 243 47 beatitudinis
1014 2637 76 47 nul

225 2674 107 54 lo
279 2674 179 54 vtitur
404 2674 286 54 phantalmate:
636 2674 143 54 ergo
708 2674 89 54 &c.

264 2697 104 70 Sed
324 2697 119 70 ista
398 2697 149 70 opinio
502 2697 104 70 non
561 2697 164 70 videtur
680 2697 119 70 esse
755 2697 193 70 conformis
903 2697 149 70 dictis
993 2697 74 70 san

228 2753 162 52 ctrrum;
346 2753 117 52 Quia
419 2753 132 52 sicut
507 2753 132 52 dicit
595 2753 88 52 P.
639 2753 147 52 Hiero,
742 2753 162 52 peracto
860 2753 162 52 iudicio
963 2753 117 52 amplio

225 2792 104 53 rem
284 2792 177 53 gloriami
417 2792 118 53 dcus
491 2792 237 53 demonstrabit
684 2792 177 53 electis.
817 2792 133 53 Etiam
906 2792 118 53 ista
979 2792 104 53 est
1024 2792 59 53 in

229 2837 151 48 tentio
335 2837 91 48 P.
380 2837 121 48 Aug.
456 2837 136 48 super
547 2837 121 48 vien
622 2837 136 48 ltem,
713 2837 106 48 glo
773 2837 136 48 super
864 2837 136 48 illud
940 2837 136 48 Apocal.

235 2870 92 52 di
281 2870 153 52 subtus
388 2870 153 52 altare
495 2870 107 52 &c.
556 2870 153 52 dicit,
664 2870 123 52 qued
740 2870 123 52 modo
817 2870 153 52 animae
909 2870 168 52 sanctorun

228 2903 121 57 sunt
303 2903 91 57 in
349 2903 151 57 minori
454 2903 211 57 dignitate,
620 2903 121 57 quam
696 2903 121 57 sint
771 2903 181 57 futurae.
907 2903 136 57 Etiam
982 2903 91 57 istu

242 2956 152 45 patebit
352 2956 138 45 multis
449 2956 124 45 aliis
532 2956 262 45 auctoritatibus,
752 2956 110 45 quas
821 2956 165 45 inferius
945 2956 124 45 circa
1014 2956 69 45 pri

237 2990 205 51 luppositum
398 2990 88 51 in
442 2990 117 51 isto
515 2990 175 51 articulo
632 2990 161 51 recitabo.

274 3036 103 42 Ad
325 3036 172 42 primum
446 3036 189 42 motiuum
583 3036 189 42 istorum
721 3036 224 42 dicendum,
893 3036 138 42 quod
962 3036 120 42 virtu

246 3068 106 60 tem
307 3068 122 60 esse
383 3068 243 60 immaterialem
580 3068 152 60 potest
687 3068 213 60 dupliciter
854 3068 213 60 intelligi,
1006 3068 76 60 Vni

229 3104 139 60 modo,
321 3104 108 60 sic
383 3104 123 60 quod
460 3104 108 60 non
521 3104 108 60 sit
583 3104 139 60 forma
675 3104 154 60 educta
783 3104 92 60 de
829 3104 185 60 materia;
968 3104 108 60 nec
1014 3104 77 60 sit

1092 264 156 71 forma,
1202 264 109 71 vel
1264 264 156 71 virtus
1374 264 141 71 eius,
1467 264 125 71 quod
1546 264 109 71 est
1608 264 141 71 aptum
1702 264 141 71 natum
1780 264 172 71 informaro

1100 323 213 51 materiam.
1264 323 131 51 Alio
1346 323 148 51 modo,
1444 323 115 51 sic
1510 323 131 51 quod
1592 323 181 51 quamuis
1724 323 115 51 non
1789 323 115 51 sit
1838 323 99 51 form

1103 363 145 44 educta
1204 363 87 44 de
1247 363 174 44 materia,
1378 363 101 44 est
1435 363 130 44 tamen
1522 363 145 44 forma,
1624 363 101 44 vel
1681 363 145 44 virtus
1783 363 130 44 eius,
1855 363 87 44 quod

1097 409 117 40 est
1164 409 151 40 aptum
1265 409 151 40 natum
1366 409 201 40 materiam
1517 409 235 40 informare.
1701 409 151 40 Primo
1802 409 134 40 modo
1869 409 67 40 in

1091 441 209 42 tellectus,
1255 441 75 42 &
1285 441 179 42 voluntas
1420 441 149 42 angeli
1525 441 179 42 dicuntur
1659 441 179 42 virtutes
1779 441 164 42 immateria

1093 477 126 48 le3.
1172 477 174 48 Secundo
1299 477 126 48 modo
1378 477 253 48 intellectus,
1583 477 79 48 &
1615 477 190 48 voluntas
1757 477 174 48 hominis
1868 477 79 48 di-

1094 517 161 45 cuntur
1207 517 193 45 virtutes
1352 517 274 45 immateriales;
1577 517 177 45 quamuis
1706 517 145 45 autem
1803 517 97 45 de
1835 517 113 45 primo

1098 561 131 48 modo
1180 561 148 48 maior
1278 561 115 48 sit
1344 561 148 48 vera,
1443 561 148 48 tamen
1541 561 197 48 loquendo
1689 561 99 48 de
1738 561 181 48 secuudo
1853 561 99 48 modo

1097 600 125 42 maior
1181 600 97 42 non
1236 600 97 42 est
1292 600 125 42 vera,
1375 600 111 42 quia
1445 600 83 42 eo
1486 600 125 42 ipso,
1570 600 111 42 qued
1639 600 222 42 intellectus,
1820 600 70 42 &
1834 600 111 42 volun-

1098 638 102 50 tas
1157 638 205 50 subiectiue
1318 638 190 50 fundantur
1464 638 88 50 in
1508 638 117 50 amma
1581 638 205 50 rationali,
1741 638 117 50 quae
1814 638 102 50 est
1858 638 88 50 apta

1091 676 132 42 nata
1173 676 165 42 corpus
1288 676 181 42 humanum
1420 676 230 42 informare:
1601 676 132 42 ideo
1683 676 115 42 per
1749 676 99 42 se
1781 676 165 42 loquendo

1101 716 211 44 perfectior
1267 716 106 44 est
1327 716 136 44 earum
1418 716 196 44 operatio,
1569 716 151 44 quando
1674 716 181 44 essentia
1810 716 166 44 animae,

1088 760 128 45 quae
1168 760 112 45 est
1232 760 143 45 earum
1327 760 207 45 subiectum
1487 760 239 45 immediatum,
1678 760 112 45 est
1742 760 207 45 coniuncta
1885 760 64 45 ma

1096 795 159 41 teriae,
1211 795 116 41 quam
1284 795 145 41 quando
1385 795 101 41 est
1443 795 174 41 separata
1573 795 72 41 a
1602 795 174 41 materia:
1732 795 116 41 Quia
1804 795 101 41 per
1862 795 87 41 se
1891 795 58 41 lo

1089 833 153 49 quendo
1196 833 199 49 vnicuique
1350 833 107 49 rei
1411 833 215 49 perfectior
1580 833 184 49 conuenit
1718 833 199 49 operatio,
1856 833 92 49 quam

1088 878 85 41 do
1130 878 113 41 est,
1201 878 128 41 sicut
1286 878 113 41 apta
1357 878 113 41 nata
1428 878 99 41 est
1485 878 128 41 esse,
1570 878 156 41 quamuis
1683 878 128 41 istud
1768 878 99 41 per
1810 878 142 41 accidens

1084 911 239 48 impediatur
1271 911 102 48 in
1323 911 170 48 nobis,
1442 911 187 48 quamdiu
1578 911 273 48 peregrinamur
1800 911 85 48 a
1817 911 136 48 domino

1097 955 90 46 in
1142 955 120 46 isto
1217 955 225 46 transitorio
1397 955 150 46 seculo
1502 955 105 46 tum
1562 955 165 46 propter
1682 955 180 46 peccatum
1817 955 135 46 primi
1892 955 60 46 pa

1099 988 166 52 rentis,
1220 988 106 52 tum
1280 988 166 52 propter
1400 988 226 52 grossiciem,
1581 988 75 52 &
1611 988 317 52 cortuptibilitatem
1868 988 90 52 cor-

1093 1032 133 49 poris,
1186 1032 120 49 iuxta
1266 1032 106 49 quod
1332 1032 93 49 ait
1385 1032 106 49 ille
1452 1032 160 49 sapiens,
1572 1032 186 49 Sapientiae
1718 1032 93 49 ix.
1771 1032 146 49 Corpus,
1864 1032 80 49 quod

1094 1068 253 45 corrumpitur,
1300 1068 190 45 aggrauat
1442 1068 174 45 animam,
1568 1068 79 45 &
1600 1068 190 45 deprimit
1742 1068 174 45 terrena
1852 1068 95 45 habi

1092 1107 146 51 tatio
1189 1107 162 51 sensum
1302 1107 146 51 multa
1399 1107 243 51 cogitantem.
1593 1107 146 51 Talia
1690 1107 146 51 autem
1771 1107 178 51 impedimen

1095 1146 89 46 ta
1140 1146 104 46 non
1199 1146 163 46 habebit
1318 1146 134 46 anima
1407 1146 163 46 corpori
1526 1146 178 46 glorific
1660 1146 104 46 ato
1704 1146 149 46 reunita.

1122 1179 92 57 Ad
1168 1179 185 57 secundum
1307 1179 200 57 dicendum,
1461 1179 123 57 quod
1538 1179 139 57 minor
1630 1179 108 57 non
1692 1179 108 57 est
1754 1179 123 57 vera
1831 1179 92 57 de
1862 1179 92 57 tali

1103 1222 208 42 potentia,
1263 1222 144 42 cuius
1358 1222 208 42 subiectum
1518 1222 223 42 immediatum
1694 1222 112 42 est
1757 1222 144 42 aptum
1837 1222 112 42 natum

1088 1269 194 40 materiam
1233 1269 226 40 informare:
1411 1269 113 40 sed
1476 1269 226 40 immediatum
1654 1269 210 40 subiectum
1799 1269 146 40 intelle

1097 1303 128 48 ctus,
1182 1303 71 48 &
1210 1303 199 48 voluntatis
1367 1303 156 48 hominis
1480 1303 99 48 est
1537 1303 170 48 essentia
1665 1303 142 48 animae
1764 1303 213 48 rationalis,

1089 1348 121 43 quae
1164 1348 91 43 ex
1210 1348 106 43 sui
1270 1348 151 43 natura
1376 1348 106 43 est
1436 1348 121 43 apta
1511 1348 121 43 nata
1587 1348 151 43 corpus
1692 1348 181 43 humanum,
1828 1348 106 43 vel
1874 1348 75 43 ma-

1095 1375 157 57 teriam
1205 1375 173 57 humanam
1331 1375 220 57 informare:
1504 1375 126 57 ideo
1583 1375 94 57 in
1630 1375 205 57 proposito
1788 1375 142 57 minor
1866 1375 79 57 esi

1097 1420 156 50 falsa.
1207 1420 125 50 Dato
1285 1420 156 50 etiam,
1394 1420 125 50 quod
1472 1420 187 50 coniungi
1612 1420 172 50 corpori
1737 1420 156 50 grosso
1830 1420 125 50 morta-

1092 1460 103 47 li,
1151 1460 74 47 &
1181 1460 163 47 rebelli
1299 1460 148 47 aliquo
1403 1460 118 47 modo
1476 1460 163 47 deroget
1595 1460 207 47 libertati,
1757 1460 133 47 tamen
1831 1460 133 47 conifi-

1085 1502 89 51 gi
1130 1502 163 51 corpori
1248 1502 178 51 subtili,
1382 1502 208 51 immortali,
1545 1502 74 51 &
1574 1502 133 51 plene
1663 1502 193 51 obedienti
1812 1502 89 51 in
1841 1502 104 51 nullo

1090 1534 177 56 derogat
1218 1534 225 56 libertati:
1395 1534 128 56 Tale
1475 1534 145 56 autem
1572 1534 128 56 erit
1652 1534 177 56 corpus,
1780 1534 128 56 quod
1845 1534 112 56 anima

1088 1574 141 57 beata
1182 1574 188 57 resumet:
1323 1574 125 57 ideo
1401 1574 109 57 nec
1463 1574 203 57 libertas,
1620 1574 109 57 nec
1682 1574 203 57 beatitudo
1823 1574 125 57 minue-

1088 1623 114 41 tur
1153 1623 81 41 :
1185 1623 114 41 sed
1250 1623 163 41 potius
1364 1623 211 41 augebitur
1527 1623 98 41 ex
1575 1623 130 41 eius
1640 1623 228 41 resumptione.

1130 1653 99 44 Ad
1179 1653 181 44 tertium
1310 1653 131 44 nego
1392 1653 197 44 minorem.
1540 1653 99 44 Ad
1590 1653 246 44 probationem
1770 1653 181 44 dicendum,

1101 1694 123 50 quod
1177 1694 108 50 sic
1239 1694 200 50 separatur
1393 1694 138 50 anima
1485 1694 77 50 a
1516 1694 184 50 corpore,
1654 1694 123 50 quod
1731 1694 138 50 tamen
1808 1694 138 50 retines

1094 1739 246 45 aptitudinem
1290 1739 98 45 ad
1339 1739 246 45 informandum
1536 1739 147 45 ipsum
1634 1739 180 45 corpus:
1765 1739 82 45 &
1798 1739 131 45 ideo
1863 1739 82 45 per

1099 1770 146 51 talem
1196 1770 260 51 separationem
1408 1770 146 51 valde
1505 1770 179 51 modicum
1636 1770 212 51 similatur
1798 1770 130 51 Deo:
1863 1770 98 51 quia

1097 1815 121 45 Deus
1172 1815 106 45 sic
1233 1815 196 45 separatur
1384 1815 75 45 a
1414 1815 181 45 corpore,
1550 1815 121 45 quod
1625 1815 136 45 nulla
1716 1815 136 45 habet
1791 1815 166 45 aptitudi-

1095 1850 107 50 nem
1156 1850 92 50 ad
1202 1850 123 50 hoc,
1279 1850 123 50 quod
1356 1850 153 50 corpus
1463 1850 199 50 informet:
1616 1850 77 50 &
1647 1850 123 50 ideo
1724 1850 138 50 dato,
1816 1850 123 50 quod
1877 1850 77 50 se-

1100 1889 157 50 cundum
1210 1889 126 50 quid
1289 1889 236 50 assimiletur
1477 1889 141 50 anima
1571 1889 188 50 separata
1713 1889 126 50 ipsi
1791 1889 126 50 Deo,
1854 1889 110 50 tamen

1105 1926 203 44 conituncta
1264 1926 130 44 magis
1351 1926 217 44 assimilatur
1525 1926 116 44 ipsi
1597 1926 116 44 Deo,
1669 1926 116 44 quia
1742 1926 145 44 quanto
1843 1926 101 44 res
1887 1926 72 44 est

1104 1971 227 48 perfectior,
1285 1971 136 48 tanto
1376 1971 136 48 magis
1467 1971 227 48 assimilatur
1648 1971 121 48 ipsi
1724 1971 121 48 Deo:
1800 1971 106 48 Sed
1845 1971 106 48 anima

1100 2011 222 44 coniuncta,
1275 2011 79 44 &
1306 2011 159 44 maxime
1417 2011 206 44 coniuncta
1576 2011 175 44 corpori
1687 2011 270 44 incorruptibili,

1107 2045 230 50 perfectiori
1290 2045 122 50 modo
1367 2045 138 50 habet
1459 2045 138 50 esse,
1551 2045 122 50 quam
1627 2045 199 50 separata,
1780 2045 92 50 vt
1826 2045 138 50 patet
1903 2045 61 50 ex

1106 2084 222 47 praedictis,
1283 2084 118 47 ergo
1357 2084 103 47 &c.
1416 2084 133 47 Sicut
1505 2084 118 47 enim
1579 2084 118 47 eor,
1653 2084 118 47 quia
1726 2084 118 47 eius
1786 2084 162 47 perfectio

1105 2128 201 43 consistit
1259 2128 93 43 in
1305 2128 139 43 motu,
1398 2128 124 43 ideo
1475 2128 108 43 dum
1537 2128 185 43 mouetur,
1676 2128 139 43 magis
1753 2128 201 43 assimilatus

1101 2162 125 47 Deo,
1180 2162 125 47 quam
1258 2162 156 47 quando
1367 2162 203 47 quiescit,
1524 2162 110 47 non
1586 2162 203 47 obstante,
1743 2162 125 47 quod
1821 2162 125 47 Deus
1884 2162 78 47 sit

1094 2205 188 40 immobilis
1238 2205 101 40 per
1296 2205 101 40 se,
1354 2205 72 40 &
1383 2205 101 40 per
1441 2205 188 40 accidens,
1585 2205 72 40 &
1614 2205 87 40 ab
1657 2205 145 40 intra,
1759 2205 101 40 sic
1816 2205 87 40 in
1845 2205 116 40 propo-

1093 2242 126 48 sito
1156 2242 63 48 &c

1103 2277 96 47 Ad
1151 2277 175 47 quartum
1278 2277 159 47 potest
1390 2277 143 47 dici,
1486 2277 128 47 quod
1565 2277 143 47 maior
1661 2277 112 47 non
1725 2277 112 47 est
1789 2277 143 47 vera:
1868 2277 96 47 quia

1111 2322 169 51 quamuis
1234 2322 169 51 aliquis
1357 2322 139 51 actus
1450 2322 108 51 non
1511 2322 200 51 conueniat
1665 2322 154 51 animae
1773 2322 185 51 directe,
1912 2322 77 51 &

1113 2366 107 41 per
1174 2366 91 41 se
1219 2366 91 41 in
1265 2366 152 41 ordine
1372 2366 91 41 ad
1417 2366 168 41 corpus,
1539 2366 137 41 tamen
1631 2366 91 41 si
1677 2366 183 41 conuenit
1814 2366 152 41 animae
1905 2366 61 41 in

1112 2398 158 50 ordine
1223 2398 95 50 ad
1271 2398 143 50 totum
1366 2398 190 50 hominem,
1508 2398 127 50 tunc
1588 2398 158 50 potest
1699 2398 174 50 intendi
1825 2398 111 50 per
1873 2398 95 50 con-

1110 2446 244 43 niunctionem
1305 2446 163 43 animae
1419 2446 114 43 cum
1484 2446 195 43 corpore,
1630 2446 130 43 sine
1711 2446 114 43 qua
1760 2446 211 43 coniunctio-

1107 2484 88 45 ne
1151 2484 102 45 non
1210 2484 146 45 potest
1312 2484 117 45 esse
1385 2484 132 45 homo;
1473 2484 102 45 Sed
1531 2484 117 45 nunc
1604 2484 102 45 ita
1663 2484 117 45 est,
1736 2484 117 45 quod
1794 2484 161 45 beatitum.

1108 2520 98 46 do
1157 2520 196 46 conuenit
1304 2520 164 46 animae
1418 2520 98 46 in
1467 2520 164 46 ordine
1582 2520 98 46 ad
1631 2520 147 46 totum
1729 2520 196 46 hominem:
1860 2520 98 46 quia

1116 2555 141 46 totus
1210 2555 125 46 homo
1288 2555 235 46 beatitudine
1476 2555 156 46 animae
1586 2555 219 46 rationalis
1758 2555 172 46 dicitur
1867 2555 94 46 esse

1122 2593 167 45 peatus:
1243 2593 121 45 ergo
1319 2593 106 45 &c.
1379 2593 151 45 Potest
1485 2593 136 45 etiam
1576 2593 121 45 dici
1652 2593 91 45 ad
1697 2593 182 45 minorem,
1834 2593 121 45 quod
1894 2593 76 45 li-

1115 2635 105 44 cet
1175 2635 195 44 beatitudo
1325 2635 241 44 simpliciter,
1521 2635 75 44 &
1551 2635 180 44 secundum
1686 2635 90 44 se
1731 2635 226 44 considerata
1897 2635 60 44 ni

1115 2674 205 45 conueniat
1273 2674 158 45 animae
1383 2674 95 45 in
1430 2674 158 45 ordine
1541 2674 95 45 ad
1588 2674 173 45 corpus,
1714 2674 142 45 tamen
1793 2674 173 45 beatitudo

1109 2719 240 41 considerata
1301 2719 176 41 quantum
1429 2719 96 41 ad
1477 2719 144 41 illum
1573 2719 160 41 gradum
1685 2719 272 41 perfectionis,
1893 2719 80 41 quo

1121 2751 191 50 intensius
1268 2751 176 50 perficit
1401 2751 162 50 animam,
1518 2751 103 50 dum
1577 2751 103 50 est
1636 2751 88 50 in
1680 2751 103 50 suo
1739 2751 132 50 toto;
1827 2751 103 50 sic
1871 2751 103 50 conue

1117 2787 111 54 nit
1181 2787 159 54 animae
1292 2787 95 54 in
1340 2787 159 54 ordine
1451 2787 95 54 ad
1499 2787 175 54 corpus,
1626 2787 175 54 tamquam
1753 2787 95 54 in
1801 2787 159 54 ordine
1896 2787 64 54 ac

1122 2826 158 51 causam
1233 2826 126 51 sine
1311 2826 110 51 qua
1374 2826 126 51 non;
1453 2826 126 51 quia
1532 2826 126 51 sine
1611 2826 252 51 coniunctione
1815 2826 95 51 ad
1847 2826 126 51 corpus

1117 2865 108 55 non
1178 2865 200 55 haberetur
1332 2865 123 55 ille
1409 2865 169 55 gradus.
1531 2865 92 55 Et
1578 2865 108 55 per
1639 2865 108 55 hoc
1700 2865 138 55 patet
1793 2865 92 55 ad
1823 2865 154 55 probatio

1120 2906 128 52 nem,
1200 2906 128 52 quia
1280 2906 144 52 licet
1376 2906 160 52 corpus
1488 2906 112 52 non
1552 2906 224 52 communitet
1727 2906 160 52 animae
1839 2906 96 52 in
1871 2906 96 52 actu

1115 2944 267 49 beatitudinis;
1335 2944 141 49 tamen
1429 2944 220 49 praedictus
1602 2944 157 49 gradus
1712 2944 251 49 beatitudinis
1900 2944 79 49 po-

1118 2990 127 44 test
1198 2990 207 44 conuenire
1356 2990 159 44 animae
1468 2990 95 44 in
1515 2990 159 44 ordine
1626 2990 95 44 ad
1674 2990 175 44 corpus,
1801 2990 175 44 tamquam
1912 2990 64 44 in

1114 3020 174 57 ordine
1235 3020 104 57 ad
1288 3020 174 57 causam
1409 3020 139 57 sine
1496 3020 122 57 qua
1549 3020 104 57 non-

1136 3060 100 47 Ad
1186 3060 183 47 quintum
1319 3060 216 47 dicendum,
1485 3060 133 47 quod
1568 3060 149 47 maior
1668 3060 116 47 non
1734 3060 116 47 est
1800 3060 149 47 vera,
1883 3060 100 47 sup-

1123 3100 166 60 posito,
1243 3100 121 60 quod
1319 3100 90 60 ex
1364 3100 121 60 illa
1439 3100 181 60 naturali
1575 3100 241 60 coniunctione
1771 3100 181 60 tollatur
1892 3100 90 60 impe
