2389 3541
216 270 138 59 rgere
308 270 153 59 potest
415 270 199 59 rompetere
569 270 169 59 naturae
691 270 215 59 assumptae,
860 270 123 59 quod
922 270 153 59 repugnet

217 323 169 53 personae
344 323 197 53 assumenti:
498 323 127 53 quia,
583 323 84 53 vt
625 323 113 53 dixi
695 323 183 53 superius,
836 323 113 53 idem
906 323 141 53 agere,
991 323 84 53 quod

217 363 178 42 conuenit
351 363 163 42 naturae
469 363 89 42 vt
514 363 193 42 principio
662 363 119 42 quo,
736 363 104 42 hoc
795 363 178 42 conuenit
914 363 163 42 supposito

225 404 105 49 tui
285 404 150 49 natura
390 404 195 49 innititur
540 404 135 49 penes
630 404 120 49 esse
706 404 225 49 suppositale
886 404 165 49 tamquam
991 404 90 49 prin

215 442 139 48 cipio
307 442 139 48 quod:
400 442 77 48 &
431 442 123 48 ideo
508 442 108 48 non
570 442 154 48 cessat
678 442 154 48 natura
786 442 185 48 assumpta
925 442 139 48 tanta
1002 442 77 48 ne-

221 475 189 53 cessitate
366 475 87 53 ab
409 475 116 53 omni
482 475 160 53 actuali
598 475 203 53 indecentia
757 475 87 53 in
801 475 174 53 essendo,
931 475 145 53 quanta
1018 475 58 53 ne

219 517 192 43 cessitate
367 517 148 43 cessat
471 517 89 43 ab
515 517 118 43 omni
589 517 163 43 actuali
707 517 207 43 indecentia
870 517 89 43 in
900 517 133 43 agendo.

259 544 102 61 Sed
318 544 146 61 contra
420 544 117 61 ista
494 544 146 61 iterum
596 544 146 61 arguit
698 544 132 61 saepe
786 544 146 61 dictus
889 544 161 61 socius,
1006 544 73 61 &
1020 544 59 61 Ma

221 598 146 49 gister
324 598 88 49 in
368 598 146 49 quarto
470 598 102 49 suo
529 598 205 49 principio,
690 598 73 49 &
719 598 132 49 primo
807 598 146 49 contra
909 598 102 49 ea,
968 598 117 49 quae
1026 598 44 49 d

226 637 91 46 ci
271 637 91 46 in
316 637 136 46 prima
407 637 196 46 solutione
558 637 196 46 processus
709 637 166 46 proxime
829 637 257 46 praecedentis:
1026 637 60 46 di

226 676 87 40 ti
270 676 116 40 enim
343 676 116 40 ibi,
416 676 116 40 quod
488 676 189 40 praedicto
634 676 116 40 casu
706 676 160 40 posito,
823 676 116 40 tunc
895 676 160 40 quamuis
997 676 73 40 es-

218 716 96 44 se
266 716 191 44 damnatum
409 716 207 44 derogaret
569 716 207 44 assumptae
728 716 175 44 naturae
856 716 175 44 honori,
983 716 80 44 &
999 716 80 44 di-

219 758 177 47 gnitati,
352 758 132 47 tamen
440 758 88 47 in
484 758 132 47 nullo
573 758 191 47 derogaret
720 758 191 47 dignitati
867 758 177 47 personae
985 758 88 47 assu

214 799 169 44 mentis:
336 799 107 44 eo,
398 799 123 44 quod
474 799 123 44 esse
551 799 184 44 damnatum
689 799 107 44 non
750 799 261 44 praedicaretur
965 799 92 44 de
995 799 77 44 per

213 832 120 47 sona
288 832 196 47 assumente
439 832 166 47 ratione
559 832 181 47 alicuius
695 832 211 47 intrinseci
860 832 105 47 sed
920 832 135 47 solum
996 832 75 47 ex-

223 865 176 49 trinsece,
359 865 68 49 &
386 865 122 49 quasi
467 865 95 49 per
521 865 162 49 accidens
643 865 95 49 cum
697 865 189 49 additione,
846 865 95 49 vel
900 865 162 49 expressa
1008 865 68 49 vel

220 911 300 54 subintellectaillis
480 911 178 54 assumptae
616 911 164 54 naturae.
739 911 137 54 Contra
835 911 123 54 istud
917 911 137 54 arguit
999 911 68 54 sic

233 953 81 36 1
265 953 146 36 Omne,
363 953 130 36 quod
444 953 244 36 verificatur
639 953 98 36 de
688 953 163 36 aliquo
802 953 211 36 supposito
948 953 130 36 ratio-

220 994 84 49 ne
262 994 168 49 naturae,
388 994 126 49 cuius
473 994 98 49 est
529 994 211 49 suppositum,
697 994 98 49 hoc
753 994 211 49 verificatur
922 994 84 49 de
964 994 112 49 ipso
1020 994 56 49 ra

220 1030 123 41 tione
302 1030 164 41 alicuius
425 1030 109 41 sibi
493 1030 205 41 intrinseci:
657 1030 96 41 Sed
712 1030 164 41 predicto
834 1030 109 41 casu
903 1030 150 41 posito,
998 1030 82 41 tumc

212 1068 128 56 esse
292 1068 192 56 damnatum
436 1068 240 56 verificatur
628 1068 96 56 de
676 1068 160 56 diuino
788 1068 208 56 supposito
932 1068 144 56 ratione

217 1111 166 41 naturae,
342 1111 125 41 cuius
425 1111 97 41 est
480 1111 208 41 suppositum:
646 1111 111 41 ergo
715 1111 111 41 illo
784 1111 111 41 casu
854 1111 152 41 posito,
964 1111 111 41 tunc
1020 1111 55 41 es

213 1149 92 44 se
259 1149 184 44 damnatum
397 1149 230 44 verificatur
581 1149 92 44 de
627 1149 154 44 diuino
735 1149 200 44 supposito
889 1149 169 44 ratione
996 1149 77 44 ali

225 1188 133 43 cuius
314 1188 118 43 sibi
388 1188 222 43 intrinseci.
565 1188 133 43 Minor
654 1188 133 43 patet
742 1188 103 43 per
801 1188 103 43 me,
860 1188 177 43 Probatur
979 1188 103 43 maior

214 1224 114 54 quia
285 1224 114 54 onis
356 1224 142 54 natura
455 1224 100 54 est
512 1224 213 54 intrinseca,
683 1224 199 54 supposito,
839 1224 128 54 cuius
925 1224 100 54 est
967 1224 114 54 natura

256 1267 73 49 2
286 1267 205 49 Praeterea,
447 1267 146 49 arguit
549 1267 117 49 iste
622 1267 161 49 socius,
739 1267 117 49 quod
813 1267 146 49 omnino
915 1267 102 49 sit
959 1267 117 49 absur-

216 1304 117 43 dum
283 1304 218 43 concedere
451 1304 134 43 hanc
534 1304 301 43 propositionem,
785 1304 134 43 Deus
869 1304 117 43 est
919 1304 151 43 damnatu

218 1348 129 51 quia
298 1348 145 51 omnis
395 1348 193 51 damnatus
539 1348 113 51 est
604 1348 113 51 cum
668 1348 241 51 deformitate
861 1348 177 51 culpae,
990 1348 80 51 &
1006 1348 80 51 est

217 1387 139 51 filius
315 1387 125 51 irae,
398 1387 70 51 &
426 1387 153 51 aeterni
537 1387 153 51 exilii;
649 1387 97 51 Sed
704 1387 111 51 ista
774 1387 139 51 dicere
871 1387 84 51 de
913 1387 111 51 Deo,
983 1387 97 51 vel
1024 1387 56 51 de

218 1428 153 44 aliquo
325 1428 153 44 diuino
431 1428 214 44 supposito,
599 1428 137 44 nimis
691 1428 183 44 absurdum
828 1428 122 44 esse
889 1428 153 44 videtur.

236 1472 97 41 Ad
284 1472 162 41 primum
398 1472 211 41 dicendum,
560 1472 130 41 quod
641 1472 146 41 licet
738 1472 146 41 maior
836 1472 114 41 sit
901 1472 146 41 vera,
998 1472 114 41 lo

216 1502 146 55 quendo
319 1502 88 55 de
362 1502 146 55 natura
465 1502 161 55 propria
581 1502 175 55 alicuius
713 1502 204 55 suppositi,
874 1502 131 55 tamen
961 1502 117 55 ista
1020 1502 58 55 ma

219 1545 104 51 por
279 1545 104 51 cum
338 1545 104 51 sua
397 1545 208 51 probatione
561 1545 223 51 simpliciter
739 1545 104 51 est
799 1545 149 51 falsa,
903 1545 178 51 loquendo
1022 1545 59 51 de

219 1583 154 39 natura
326 1583 154 39 aliena
434 1583 77 39 a
464 1583 200 39 supposito
618 1583 169 39 aeterno
741 1583 246 39 temporaliter
925 1583 154 39 assumpta

224 1621 95 48 Et
272 1621 127 48 quia
351 1621 142 48 minor
446 1621 111 48 non
509 1621 174 48 estuera
636 1621 127 48 nisi
715 1621 127 48 isto
794 1621 174 48 secundo
921 1621 142 48 modo,
1000 1621 79 48 quo

219 1661 136 46 maior
310 1661 197 46 euidenter
461 1661 106 46 est
521 1661 151 46 falsa:
627 1661 121 46 ideo
703 1661 106 46 non
763 1661 182 46 sequitur
884 1661 182 46 conclusio.

230 1701 103 43 Ad
281 1701 207 43 secundum
437 1701 224 43 dicendum,
609 1701 138 43 quod
695 1701 190 43 quamuis
833 1701 155 43 maior
936 1701 121 43 sit
988 1701 86 43 ve-

218 1740 104 43 ra,
277 1740 178 43 loquendo
411 1740 89 43 de
455 1740 104 43 eo,
515 1740 104 43 qui
574 1740 104 43 est
633 1740 178 43 damnatus
767 1740 222 43 formaliter,
945 1740 74 43 &
959 1740 119 43 intrin

218 1778 119 43 sece
292 1778 89 43 in
337 1778 148 43 seipso
441 1778 163 43 patiens
559 1778 148 43 poenam
663 1778 148 43 iustam
767 1778 119 43 suae
841 1778 237 43 damnationis:
1019 1778 59 43 ta

217 1818 111 46 men
281 1818 111 46 non
344 1818 111 46 est
408 1818 127 46 vera
487 1818 191 46 loquendo
630 1818 95 46 de
678 1818 111 46 eo,
741 1818 111 46 qui
805 1818 175 46 dicitur
916 1818 159 46 damnatus

222 1858 249 53 tantummodo
418 1858 178 53 quadam
542 1858 249 53 extrinseca
737 1858 320 53 denominatione.
986 1858 89 53 Sed

218 1903 148 50 posito
322 1903 119 50 casu
396 1903 208 50 praedicto,
559 1903 119 50 tunc
633 1903 163 50 quamuis
752 1903 148 50 natura
856 1903 178 50 assumpta
974 1903 104 50 esset

216 1936 189 41 damnata
353 1936 155 41 primo
456 1936 155 41 modo,
559 1936 155 41 tamen
663 1936 241 41 suppositum
852 1936 206 41 assumens
989 1936 86 41 non

221 1976 208 44 diceretur
381 1976 192 44 damnatum
525 1976 128 44 nisi
605 1976 176 44 secundo
733 1976 144 44 modo,
829 1976 96 44 vt
877 1976 144 44 patet
973 1976 96 44 ex
1005 1976 80 44 di-

219 2014 122 49 ctis
295 2014 198 49 superius:
448 2014 153 49 igitur
555 2014 168 49 quamuis
677 2014 92 49 ex
723 2014 122 49 isto
799 2014 198 49 argumento
936 2014 153 49 sequatur

225 2053 122 51 quod
301 2053 122 51 illa
378 2053 153 51 natura
485 2053 183 51 assumpta
622 2053 138 51 esset
714 2053 168 51 peccato
836 2053 199 51 deformis,
989 2053 76 51 &
1005 2053 76 51 ma-

222 2097 147 43 culata,
329 2097 80 43 ac
369 2097 120 43 filia
449 2097 120 43 irae,
529 2097 67 43 &
556 2097 147 43 aeterni
663 2097 147 43 exilii;
770 2097 120 43 nihil
851 2097 120 43 tamen
931 2097 80 43 de
971 2097 94 43 his
1011 2097 67 43 con

231 2135 225 56 uinceretur
407 2135 160 56 inesse
520 2135 160 56 diuino
632 2135 209 56 supposito
792 2135 209 56 huiusmodi
937 2135 144 56 naturam

195 2171 196 56 assumenti

265 2208 161 51 Deinde,
383 2208 117 51 quia
456 2208 103 51 ego
514 2208 132 51 dixi,
602 2208 117 51 quod
676 2208 88 51 si
720 2208 132 51 talis
808 2208 147 51 natura
910 2208 161 51 damnata
1013 2208 73 51 as-

233 2249 191 47 umeretur
376 2249 79 47 a
408 2249 159 47 diuino
519 2249 222 47 supposito,
694 2249 143 47 tamen
789 2249 175 47 propter
916 2249 111 47 hoc
980 2249 111 47 non
1027 2249 64 47 as

222 2294 221 46 sumeretur
392 2294 102 46 ad
443 2294 170 46 summnm
562 2294 204 46 honorem,
714 2294 85 46 &
748 2294 119 46 hoc
816 2294 119 46 pro
884 2294 170 46 tanto:
986 2294 102 46 quia

229 2335 143 50 quando
329 2335 143 50 assumi
428 2335 86 50 ad
471 2335 114 50 esse
542 2335 171 50 gratiae,
671 2335 71 50 &
699 2335 157 50 gloriae
813 2335 185 50 separatur
956 2335 86 50 ab
984 2335 100 50 assu-

225 2373 86 47 mi
268 2373 86 47 ad
311 2373 115 47 esse
382 2373 158 47 diuinae
497 2373 186 47 personae,
640 2373 72 47 &
669 2373 201 47 econuerso,
827 2373 115 47 tunc
899 2373 143 47 assumi
999 2373 86 47 ad
1028 2373 57 47 es

227 2407 84 49 se
269 2407 169 49 gratiae,
396 2407 70 49 &
424 2407 155 49 gloriae
536 2407 98 49 est
592 2407 155 49 maioris
705 2407 211 49 dignitatis,
873 2407 112 49 quam
944 2407 141 49 assumi
1028 2407 56 49 ad

230 2447 113 51 esse
301 2447 156 51 diuinae
400 2447 156 51 personae.

248 2480 151 54 Contra
353 2480 121 54 ista
429 2480 151 54 arguit
534 2480 121 54 iste
610 2480 151 54 socius
715 2480 121 54 sic.
791 2480 151 54 Qualis
896 2480 106 54 est
956 2480 121 54 ordo
1017 2480 75 54 in-

235 2524 101 46 ter
292 2524 158 46 aliquas
407 2524 158 46 formas,
523 2524 130 46 talis
609 2524 101 46 est
667 2524 115 46 ordo
738 2524 130 46 inter
825 2524 173 46 effectus
940 2524 144 46 formales

224 2564 209 51 huiusmodi
385 2564 209 51 formarum.
545 2564 112 51 Sed
609 2564 145 51 inter
706 2564 209 51 deitatem,
866 2564 80 51 &
898 2564 177 51 gratiam
1011 2564 80 51 est

238 2603 126 50 talis
322 2603 126 50 ordo,
407 2603 112 50 quod
477 2603 141 50 deitas
575 2603 98 50 est
631 2603 155 50 maioris
744 2603 211 50 dignitatis,
912 2603 112 50 quam
969 2603 112 50 gratis

233 2643 121 54 ipsa
309 2643 121 54 enim
384 2643 106 54 est
445 2643 136 54 summa
536 2643 227 54 dignitatis,
717 2643 76 54 &
748 2643 167 54 honoris
869 2643 182 54 respectu
990 2643 106 54 cuius

231 2688 106 42 cum
292 2688 106 42 que
352 2688 213 42 creaturae:
520 2688 122 42 ergo
596 2688 122 42 esse
672 2688 137 42 Deum,
763 2688 122 42 quod
839 2688 106 42 est
900 2688 137 42 actus
976 2688 106 42 form:

238 2720 100 52 lis
295 2720 185 52 deitatis,
437 2720 100 52 est
494 2720 128 52 multo
579 2720 156 52 maioris
693 2720 171 52 honoris,
821 2720 71 52 &
849 2720 213 52 dignitatis,
1006 2720 85 52 quam

233 2759 116 57 esse
306 2759 160 57 gratum,
422 2759 116 57 quod
495 2759 102 57 est
553 2759 131 57 actus
640 2759 174 57 formalis
771 2759 145 57 ipsius
873 2759 174 57 gratiae,
1004 2759 73 57 &
1018 2759 73 57 per

230 2807 228 44 consequens
409 2807 146 44 etiam
506 2807 163 44 patet,
620 2807 130 44 quod
701 2807 146 44 omnis
799 2807 195 44 creatura
929 2807 163 44 assumpta

232 2844 103 45 ad
283 2844 137 45 esse
369 2844 137 45 Deum
455 2844 120 45 est
524 2844 206 45 assumpta
679 2844 103 45 ad
730 2844 172 45 summum
850 2844 206 45 honorem:
988 2844 103 45 quia

237 2880 111 48 est
300 2880 190 48 assumpta
443 2880 95 48 ad
490 2880 126 48 esse
569 2880 174 48 summum,
695 2880 79 48 &
727 2880 95 48 ad
774 2880 126 48 tale
853 2880 142 48 esse,
948 2880 126 48 quod
1011 2880 79 48 est

226 2923 143 48 summi
322 2923 191 48 honoris,
465 2923 80 48 &
481 2923 207 48 dignitatis.

279 2948 141 64 Patet
373 2948 141 64 etiam
468 2948 94 64 ex
515 2948 157 64 eodem,
624 2948 125 64 quod
703 2948 188 64 creatura
844 2948 188 64 assumpta
985 2948 94 64 ad
1017 2948 78 64 es-

240 2993 89 48 se
285 2993 104 48 Dei
344 2993 193 48 separatim
492 2993 89 48 ab
537 2993 119 48 esse
611 2993 163 48 gratiae
729 2993 193 48 assumitur
878 2993 89 48 ad
922 2993 163 48 maiorem
1026 2993 59 48 ho

232 3038 156 49 norem,
342 3038 78 49 &
373 3038 234 49 dignitatem,
560 3038 125 49 quam
638 3038 140 49 illa,
731 3038 125 49 quae
809 3038 203 49 assumitur
965 3038 94 49 ad
996 3038 94 49 esse

233 3079 171 50 gratiae
357 3079 202 50 separatim
512 3079 93 50 ab
558 3079 124 50 esse
636 3079 124 50 Dei,
713 3079 155 50 quorum
822 3079 155 50 omnium
915 3079 171 50 oppositum

228 3118 182 57 superius
364 3118 197 57 affirmaui
516 3118 137 57 Patet
607 3118 137 57 etiam
698 3118 91 57 ex
744 3118 121 57 hoc,
820 3118 121 57 quod
896 3118 137 57 talis
972 3118 121 57 natura

1097 266 182 58 assumpta
1233 266 137 58 esset
1325 266 137 58 caput
1416 266 152 58 totius
1522 266 213 58 creaturae,
1689 266 91 58 eo
1734 266 121 58 quod
1810 266 137 58 esset
1886 266 76 58 as-

1111 320 152 49 sumpta
1217 320 91 49 ad
1263 320 122 49 esse
1339 320 137 49 tale,
1431 320 122 49 quod
1507 320 107 49 est
1568 320 137 49 summi
1659 320 183 49 honoris,
1796 320 76 49 &
1812 320 152 49 dignita-

1103 366 159 43 tis,
1203 366 179 43 puta,
1322 366 120 43 ad
1382 366 159 43 esse
1462 366 139 43 Deum.

1156 401 88 50 et
1200 401 103 50 hoc
1259 401 220 50 confirmatur
1435 401 117 50 sic.
1509 401 117 50 Deus
1582 401 103 50 est
1641 401 132 50 caput
1729 401 147 50 totius
1817 401 147 50 creature

1105 436 108 55 Sed
1166 436 123 55 ille
1243 436 123 55 homo
1320 436 200 55 assumptus
1474 436 139 55 esset
1567 436 139 55 Deus,
1659 436 123 55 ergo
1736 436 123 55 ille
1813 436 123 55 homo
1875 436 77 55 es-

1103 476 103 51 set
1162 476 133 51 caput
1251 476 148 51 totius
1340 476 177 51 creaturae.

1142 518 102 48 Ad
1193 518 171 48 primum
1313 518 222 48 dicendum,
1483 518 137 48 quod
1569 518 102 48 de
1620 518 239 48 effectibus
1790 518 171 48 formarum

1120 551 168 56 ossumus
1242 551 213 56 dupliciter
1409 551 152 56 loqui.
1516 551 107 56 Vno
1577 551 137 56 modo,
1668 551 137 56 prout
1760 551 198 56 realiter,
1912 551 76 56 &

1104 597 229 49 sormaliter
1284 597 229 49 conueniunt
1464 597 115 49 ei,
1529 597 131 49 quod
1611 597 246 49 denominatur
1791 597 164 49 secundum

1111 635 126 45 tales
1195 635 154 45 formas,
1307 635 126 45 sicut
1392 635 154 45 aliquis
1504 635 154 45 dicitur
1616 635 112 45 esse
1686 635 168 45 sapiens:
1813 635 112 45 quia
1869 635 98 45 forma

1111 675 116 40 iter
1184 675 131 40 habet
1271 675 87 40 in
1315 675 87 40 se
1359 675 160 40 habitum
1475 675 218 40 sapientiae.
1650 675 116 40 Alio
1722 675 131 40 modo,
1810 675 131 40 prout
1882 675 73 40 con

1107 714 174 38 ueniunt
1234 714 95 38 ei
1281 714 237 38 appellatiue
1471 714 174 38 propter
1597 714 269 38 coniunctionem
1819 714 95 38 ad
1850 714 111 38 quod-

1103 753 109 47 dam
1166 753 187 47 alterum,
1306 753 140 47 sicut
1400 753 203 47 quandoque
1556 753 172 47 musicus
1680 753 172 47 dicitur
1789 753 172 47 edificare

1116 792 161 45 propter
1234 792 117 45 hoc,
1307 792 117 45 quod
1380 792 103 45 ars
1439 792 161 45 musicae
1556 792 88 45 in
1600 792 132 45 eodem
1688 792 191 45 supposito
1835 792 103 45 est
1879 792 73 45 con

1114 838 139 46 uncta
1206 838 124 46 arti
1284 838 294 46 aedificatoriae.
1532 838 93 46 Et
1578 838 124 46 tunc
1655 838 93 46 ad
1702 838 155 46 formam
1795 838 170 46 argumenti

1106 870 222 46 dicendum,
1277 870 136 46 quod
1362 870 154 46 primo
1464 870 136 46 modo
1550 870 205 46 loquendo
1703 870 102 46 de
1754 870 205 46 formarum
1891 870 68 46 ef

1100 912 179 40 fectibus,
1238 912 110 40 tunc
1307 912 124 40 maior
1390 912 97 40 est
1445 912 124 40 vera:
1528 912 97 40 sed
1583 912 97 40 non
1639 912 83 40 ad
1680 912 207 40 propositum:
1846 912 110 40 quia
1901 912 55 40 vt

1103 948 121 44 sic,
1179 948 182 44 concessa
1315 948 167 44 maiori,
1436 948 76 44 &
1466 948 151 44 minori
1572 948 106 44 non
1633 948 121 44 plus
1709 948 167 44 habetur
1830 948 91 44 in
1860 948 91 44 con-

1119 987 180 49 lusione,
1254 987 120 49 nisi
1329 987 120 49 quod
1404 987 120 49 esse
1479 987 120 49 Deum
1555 987 90 49 in
1600 987 150 49 tribus
1705 987 165 49 diuinis
1810 987 150 49 personis

1108 1029 104 50 est
1168 1029 193 50 nobilius,
1316 1029 74 50 &
1346 1029 163 50 maioris
1465 1029 178 50 honoris,
1598 1029 74 50 &
1628 1029 223 50 dignitatis,
1806 1029 119 50 quam
1866 1029 89 50 esse

1109 1075 160 43 gratum,
1226 1075 131 43 prout
1313 1075 102 43 est
1371 1075 174 43 effectus
1501 1075 160 43 gratiae
1618 1075 203 43 derelictus
1777 1075 87 43 in
1806 1075 160 43 quacumque

1114 1114 200 44 treatura:
1268 1114 108 44 qui
1329 1114 77 44 a
1360 1114 123 44 esse
1437 1114 123 44 Deum
1514 1114 216 44 formaliter
1684 1114 108 44 non
1745 1114 185 44 conuenit
1869 1114 92 44 ali-

1103 1147 98 48 cui
1159 1147 195 48 creaturae:
1312 1147 98 48 sed
1368 1147 125 48 solum
1451 1147 98 48 vni
1507 1147 111 48 Deo,
1577 1147 98 48 qui
1633 1147 98 48 est
1688 1147 139 48 pater,
1786 1147 70 48 &
1814 1147 153 48 filius,
1925 1147 70 48 &

1107 1190 176 47 spiritus
1239 1190 176 47 sanctus:
1371 1190 161 47 Propter
1489 1190 117 47 quod
1562 1190 132 47 omnes
1650 1190 220 47 illationes,
1826 1190 117 47 quae
1885 1190 73 47 fe-

1120 1227 157 48 uuntur,
1234 1227 114 48 sunt
1305 1227 157 48 falsae:
1420 1227 114 48 quia
1491 1227 128 48 nihil
1577 1227 200 48 formaliter
1734 1227 86 48 de
1776 1227 114 48 esse
1848 1227 100 48 Dei
1891 1227 71 48 est

1108 1271 88 38 in
1152 1271 175 38 creatura
1284 1271 190 38 assumpta:
1430 1271 117 38 ideo
1503 1271 88 38 si
1547 1271 88 38 ab
1590 1271 117 38 illa
1663 1271 175 38 creatura
1795 1271 175 38 assumpta
1912 1271 58 38 ex

1110 1305 186 43 cluditur
1249 1305 124 43 esse
1326 1305 201 43 ceterarum
1481 1305 186 43 formarum
1620 1305 93 43 ad
1667 1305 217 43 dignitatem
1822 1305 139 43 spectam

1119 1347 123 40 ium,
1195 1347 123 40 tunc
1272 1347 123 40 illi
1349 1347 200 40 creaturae
1503 1347 200 40 assumptae
1657 1347 108 40 non
1718 1347 184 40 competit
1841 1347 123 40 summus

1107 1383 163 43 honor.
1221 1383 98 43 Si
1270 1383 147 43 autem
1368 1383 114 43 vna
1434 1383 196 43 formarum
1581 1383 114 43 dat
1646 1383 131 43 esse
1728 1383 147 43 primo
1826 1383 131 43 modo
1891 1383 82 43 ei,

1102 1425 130 49 quod
1183 1425 228 49 denominat,
1362 1425 81 49 &
1395 1425 130 49 alia
1476 1425 179 49 secundo
1607 1425 147 49 modo,
1704 1425 130 49 tunc
1786 1425 147 49 maior
1867 1425 98 49 pro-

1109 1463 149 56 posito
1213 1463 104 56 non
1273 1463 104 56 est
1333 1463 134 56 vera:
1422 1463 119 56 quia
1496 1463 104 56 non
1556 1463 179 56 oportet,
1690 1463 119 56 quod
1764 1463 149 56 qualis
1869 1463 104 56 est
1913 1463 60 56 or

1109 1501 91 42 do
1154 1501 136 42 inter
1245 1501 166 42 formam,
1365 1501 75 42 &
1396 1501 166 42 formam,
1516 1501 121 42 quod
1592 1501 136 42 talis
1682 1501 106 42 sit
1743 1501 121 42 ordo
1818 1501 136 42 inter
1894 1501 75 42 ef-

1106 1541 149 42 fectum
1211 1541 135 42 vnius
1300 1541 164 42 formae,
1420 1541 75 42 &
1450 1541 179 42 effectum
1584 1541 179 42 alterius
1719 1541 164 42 formae,
1824 1541 149 42 supposi-

1111 1575 102 50 to,
1170 1575 117 50 quod
1243 1575 175 50 effectus
1374 1575 131 50 vnius
1461 1575 146 50 formae
1563 1575 175 50 accipiat
1694 1575 175 50 proprie,
1825 1575 73 50 &
1840 1575 131 50 formali

1101 1620 113 39 ter,
1171 1620 70 39 &
1200 1620 169 39 effectus
1326 1620 169 39 alterius
1453 1620 141 39 formae
1552 1620 183 39 accipitur
1692 1620 141 39 large,
1791 1620 127 39 puta,
1876 1620 85 39 ex
1904 1620 56 39 cu

1105 1657 149 52 iusdam
1209 1657 179 52 alterius
1343 1657 89 52 ad
1388 1657 134 52 ipsum
1477 1657 253 52 coniunctione:
1685 1657 104 52 cui
1745 1657 134 52 talis
1819 1657 149 52 effectus

1113 1701 189 42 conuenit
1255 1701 189 42 proprie.
1397 1701 126 42 Vnde
1476 1701 142 42 nihil
1570 1701 189 42 prohibet
1712 1701 189 42 effectum
1838 1701 126 42 formae

1108 1736 135 48 minus
1198 1736 165 48 dignae,
1318 1736 135 48 prout
1408 1736 105 48 est
1468 1736 195 48 realiter,
1617 1736 75 48 &
1647 1736 210 48 formaliter
1797 1736 165 48 communica

1120 1776 99 53 tus
1177 1776 156 53 alicui,
1290 1776 113 53 esse
1361 1776 128 53 magis
1446 1776 213 53 eligibilem,
1616 1776 113 53 quam
1687 1776 99 53 sit
1744 1776 170 53 effectus
1858 1776 113 53 formae

1113 1816 133 51 magis
1202 1816 163 51 dignae,
1320 1816 133 51 prout
1409 1816 192 51 huiusmodi
1557 1816 178 51 effectus
1691 1816 222 51 attribuitur
1854 1816 118 51 alicui

1112 1857 278 45 denominatione
1341 1857 164 45 quadam
1455 1857 229 45 extrinseca
1636 1857 180 45 propter
1750 1857 213 45 coniunctio-

1112 1893 116 41 nem
1179 1893 100 41 ad
1229 1893 183 41 quoddam
1362 1893 199 41 alterum,
1511 1893 116 41 cui
1577 1893 216 41 huiusmodi
1743 1893 216 41 effectus,
1893 1893 83 41 seu

1109 1937 136 51 actus
1200 1937 182 51 conuenit
1336 1937 227 51 formaliter,
1518 1937 76 51 &
1533 1937 152 51 proprie-

1143 1960 91 72 Et
1188 1960 91 72 ex
1234 1960 121 72 isto
1309 1960 151 72 patet,
1415 1960 121 72 quod
1490 1960 151 72 illud,
1596 1960 121 72 quod
1672 1960 166 72 secundo
1793 1960 151 72 infert
1883 1960 91 72 iste

1117 2004 159 61 socius,
1232 2004 101 61 non
1290 2004 101 61 est
1347 2004 144 61 verum:
1448 2004 115 61 quia
1520 2004 159 61 quamuis
1635 2004 144 61 gratia
1736 2004 101 61 sit
1794 2004 159 61 minoris
1895 2004 72 61 di-

1112 2054 191 50 gnitatis,
1259 2054 117 50 quam
1332 2054 161 50 deitas:
1450 2054 132 50 tamen
1538 2054 117 50 quia
1611 2054 147 50 gratia
1714 2054 191 50 realiter,
1860 2054 73 50 &
1875 2054 88 50 for-

1109 2092 175 46 maliter
1236 2092 222 46 communicat
1411 2092 127 46 suum
1490 2092 191 46 effectum
1633 2092 207 46 subiecto,
1792 2092 127 46 quod
1856 2092 111 46 infor

1118 2130 130 45 mat:
1199 2130 162 45 deitas
1312 2130 146 45 autem
1409 2130 113 45 non
1474 2130 227 45 communicat
1652 2130 227 45 formaliter
1830 2130 130 45 suum
1895 2130 81 45 es-

1110 2167 92 44 se
1156 2167 184 44 naturae,
1294 2167 123 44 quam
1370 2167 184 44 assumit:
1508 2167 107 44 sed
1569 2167 138 44 solum
1661 2167 276 44 communicatione
1876 2167 92 44 idio

1113 2209 146 52 matis,
1216 2209 73 52 &
1245 2209 205 52 extrinseca
1406 2209 264 52 denominatione,
1626 2209 132 52 prout
1714 2209 132 52 talis
1802 2209 146 52 natura
1890 2209 73 52 ess

1111 2248 193 51 coniuncta
1260 2248 149 51 diuino
1364 2248 208 51 supposito,
1527 2248 104 51 cui
1587 2248 178 51 proprie,
1720 2248 74 51 &
1750 2248 208 51 formaliter
1899 2248 74 51 ip-

1114 2288 88 49 sa
1158 2288 146 49 deitas
1260 2288 204 49 communicat
1421 2288 117 49 suum
1494 2288 131 49 esse:
1582 2288 117 49 ideo
1655 2288 88 49 si
1699 2288 146 49 assumi
1801 2288 88 49 ad
1845 2288 117 49 esse
1903 2288 73 49 gra

1121 2327 130 44 tiae,
1207 2327 72 44 &
1236 2327 145 44 assumi
1338 2327 87 44 ad
1381 2327 116 44 esse
1454 2327 101 44 Dei
1512 2327 116 44 modo
1584 2327 217 44 supradicto,
1758 2327 87 44 ad
1802 2327 159 44 inuicem
1903 2327 58 44 se

1133 2366 177 45 arentur,
1266 2366 118 45 tunc
1339 2366 132 45 ille,
1428 2366 103 45 qui
1486 2366 221 45 assumeretur
1663 2366 88 45 ad
1707 2366 118 45 esse
1781 2366 177 45 gratiae,
1898 2366 74 45 ma-

1118 2411 105 41 gis
1178 2411 134 41 esset
1267 2411 224 41 honorandus,
1447 2411 119 41 quam
1521 2411 134 41 ille,
1611 2411 105 41 qui
1670 2411 224 41 assumeretur
1850 2411 90 41 ad
1879 2411 90 41 esse

1117 2442 114 48 Dei:
1188 2442 100 48 nam
1245 2442 200 48 intrinsece
1402 2442 86 48 in
1445 2442 129 48 isto,
1531 2442 100 48 qui
1588 2442 214 48 assumeretur
1760 2442 86 48 ad
1803 2442 114 48 esse
1860 2442 114 48 ipsius

1115 2484 124 45 Dei,
1192 2484 140 45 nihil
1285 2484 217 45 poneretur,
1456 2484 124 45 quod
1533 2484 140 45 esset
1626 2484 155 45 dignum
1735 2484 171 45 honore.
1859 2484 93 45 Et
1890 2484 78 45 per

1114 2526 118 46 idem
1188 2526 148 46 patet,
1292 2526 118 46 quod
1366 2526 104 46 non
1425 2526 178 46 sequitur
1558 2526 148 46 illud,
1662 2526 118 46 quod
1736 2526 118 46 iste
1810 2526 148 46 socius
1899 2526 74 46 ter

1126 2564 191 48 tioiinfert,
1279 2564 153 48 scilicet
1393 2564 76 48 de
1432 2564 89 48 eo,
1483 2564 102 48 quod
1546 2564 89 48 est
1597 2564 102 48 esse
1661 2564 115 48 caput
1737 2564 127 48 totius
1813 2564 153 48 creaturae.

1146 2604 107 52 Ad
1200 2604 322 52 confirmationem
1468 2604 233 52 dicendum,
1647 2604 143 52 quod
1736 2604 143 52 Deus
1808 2604 161 52 proprie

1124 2642 101 47 non
1181 2642 158 47 dicitur
1296 2642 130 47 caput
1383 2642 202 47 creaturae,
1541 2642 115 47 quia
1613 2642 130 47 caput
1699 2642 130 47 debet
1786 2642 115 47 esse
1843 2642 130 47 eiusdem

1125 2681 167 45 prdinis
1246 2681 106 45 cum
1307 2681 167 45 ceteris
1428 2681 182 45 membris,
1564 2681 106 45 seu
1625 2681 106 45 cum
1685 2681 151 45 illis,
1791 2681 151 45 quorum
1882 2681 91 45 dici

1115 2724 108 43 tur
1176 2724 123 43 esse
1253 2724 154 43 caput:
1360 2724 169 43 propter
1483 2724 123 43 quod
1560 2724 230 43 nobilissima
1745 2724 230 43 creaturarum
1914 2724 61 43 de

1131 2763 93 44 et
1178 2763 125 44 dici
1256 2763 140 44 caput
1349 2763 187 44 respectu
1489 2763 218 44 ceterarum,
1661 2763 78 44 &
1692 2763 125 44 quia
1770 2763 202 44 humanitas
1910 2763 62 44 do

1115 2800 116 51 mini
1188 2800 145 51 nostri
1290 2800 116 51 lesu
1362 2800 160 51 Christi
1478 2800 102 51 est
1536 2800 218 51 nobilissima
1711 2800 232 51 creaturarum:
1885 2800 87 51 quia

1145 2845 97 44 si
1194 2845 114 44 non
1259 2845 195 44 secundum
1404 2845 130 44 esse
1486 2845 195 44 naturae,
1631 2845 146 44 tamen
1729 2845 195 44 secundum
1875 2845 130 44 esse

1125 2883 175 48 gratiae,
1256 2883 73 48 &
1285 2883 175 48 gloriae,
1416 2883 73 48 &
1445 2883 175 48 secundum
1576 2883 204 48 potestatem
1736 2883 73 48 a
1765 2883 102 48 Deo
1824 2883 116 48 sibi
1882 2883 87 48 col-

1115 2921 137 46 latam
1206 2921 91 46 in
1252 2921 122 46 ipso
1328 2921 198 46 realiter,
1480 2921 76 46 &
1510 2921 213 46 formaliter
1678 2921 228 46 existentem,
1845 2921 137 46 humani-

1121 2960 104 41 tas
1181 2960 164 41 Christi
1300 2960 164 41 excedit
1419 2960 134 41 omnem
1509 2960 209 41 creaturam.
1673 2960 119 41 Ideo
1747 2960 179 41 Christus
1867 2960 104 41 etiam

1118 2995 192 46 secundum
1262 2995 128 46 quod
1342 2995 144 46 homo,
1438 2995 112 46 est
1502 2995 144 46 caput
1598 2995 112 46 ois
1662 2995 224 46 creaturae.
1822 2995 160 46 Ecouerso

1124 3033 125 46 autem
1208 3033 125 46 esset
1291 3033 83 46 de
1333 3033 111 46 illa
1402 3033 139 46 natura
1499 3033 167 46 damnata,
1625 3033 111 46 quae
1694 3033 153 46 taliter
1805 3033 125 46 esset
1875 3033 97 46 assum

1140 3076 94 48 ta,
1193 3076 107 48 quod
1260 3076 147 48 penitus
1367 3076 147 48 careret
1474 3076 94 48 dei
1527 3076 147 48 gratia,
1634 3076 94 48 nec
1688 3076 241 48 significaretur
1875 3076 107 48 aliqua

1129 3119 137 47 ptante
1225 3119 110 47 sibi
1294 3119 69 47 a
1322 3119 96 47 Deo
1377 3119 165 47 collata,
1500 3119 96 47 qua
1555 3119 151 47 ceteris
1665 3119 179 47 praeesset
1789 3119 165 47 creaturis.
