2431 3527
387 292 104 58 sic
446 292 133 58 etiam
535 292 148 58 gratia
639 292 208 58 habitualis
802 292 89 58 in
847 292 163 58 Christo
965 292 148 58 potest
1069 292 119 58 dici
1129 292 133 58 infini-

388 335 108 45 ta,
449 335 108 45 vel
511 335 185 45 immensa,
649 335 92 45 eo
695 335 123 45 quod
772 335 123 45 fuit
849 335 246 45 pfectissima,
1050 335 77 45 &
1080 335 139 45 valde
1157 335 108 45 magna

391 368 129 59 Quod
472 368 145 59 autem
568 368 161 59 gratia
681 368 226 59 habitualis
859 368 177 59 Christi
988 368 210 59 ceterorum
1133 368 129 59 sancto

381 412 106 56 rum
441 412 166 56 gratiis
562 412 106 56 non
622 412 166 56 fucrit,
743 412 106 56 nec
803 412 106 56 est
864 412 256 56 comparabilis,
1075 412 106 56 hoc
1135 412 106 56 non
1181 412 75 56 con

386 449 142 60 uenit
481 449 127 60 sibi
560 449 95 60 ex
608 449 111 60 se:
671 449 127 60 quia
750 449 190 60 secundum
892 449 95 60 se
940 449 111 60 est
1003 449 174 60 eiusdem
1114 449 142 60 rationi

388 497 111 52 cum
452 497 159 52 gratia
563 497 207 52 ceterorum
723 497 223 52 sanctorum:
898 497 111 52 sed
961 497 111 52 hoc
1025 497 191 52 conuenit
1168 497 96 52 ei
1200 497 64 52 ex

385 527 188 59 vnione,
522 527 137 59 quam
607 527 154 59 habet
710 527 137 59 suum
796 527 205 59 proprium
950 527 223 59 subiectum
1121 527 120 59 cum
1172 527 103 59 gra-

398 580 104 58 tia
458 580 193 58 increata,
606 580 134 58 puta,
696 580 104 58 cum
740 580 149 58 deitate.

507 662 596 54 ARTICVLVS
920 662 183 54 II

464 689 142 89 vtrum
559 689 142 89 talis
653 689 158 89 gratia
764 689 158 89 fuerit
874 689 173 89 cbristo
1000 689 221 89 naturalis.

473 771 175 86 VANTVM
596 771 105 86 ad
649 771 193 86 quartum
789 771 228 86 articulum
964 771 140 86 dico
1052 771 175 86 primo,
1157 771 105 86 quod

406 837 130 50 illi
487 837 178 50 homini,
617 837 195 50 scilicet
762 837 195 50 Christo,
908 837 162 50 gratia
1022 837 178 50 vnionis
1135 837 130 50 potest

400 877 113 55 dici
471 877 198 55 naturalis.
626 877 113 55 Quia
697 877 156 55 secudum
810 877 113 55 Dam.
881 877 113 55 lib.
952 877 85 55 2.
994 877 170 55 virtutes
1122 877 113 55 sunt
1178 877 85 55 seci

402 922 104 56 dum
462 922 179 56 naturam,
596 922 74 56 &
625 922 134 56 vitia
715 922 164 56 praeter
834 922 179 56 naturam.
967 922 89 56 Ex
1012 922 104 56 hoc
1072 922 179 56 arguitur
1191 922 74 56 sic

424 965 72 42 1
452 965 129 42 Illud
539 965 101 42 est
596 965 144 42 alicui
697 965 187 42 naturale,
841 965 115 42 quod
913 965 101 42 est
970 965 158 42 propria
1085 965 129 42 causa
1171 965 129 42 eius,

401 997 124 62 quod
479 997 109 62 est
541 997 124 62 sibi
619 997 186 62 secundum
759 997 186 62 naturam,
898 997 109 62 sed
960 997 155 62 gratia
1069 997 171 62 unionis
1178 997 93 62 fuit

405 1046 99 50 in
455 1046 182 50 Christo
587 1046 149 50 causa
686 1046 165 50 omnium
802 1046 215 50 virtutum,
967 1046 83 50 &
1001 1046 198 50 exclusio
1133 1046 132 50 omnium

412 1084 188 51 vitiorum
553 1084 78 51 :
584 1084 172 51 propter
709 1084 172 51 gratiam
834 1084 125 51 enim
913 1084 172 51 vnionis
1038 1084 188 51 Christus
1163 1084 109 51 solum

410 1122 154 54 potuit
518 1122 185 54 virtuose
656 1122 185 54 operari,
795 1122 77 54 &
826 1122 139 54 nullo
919 1122 123 54 modo
996 1122 185 54 vitiose:
1135 1122 123 54 ergo
1196 1122 62 54 &c

420 1152 77 56 2
450 1152 216 56 Praeterea,
620 1152 154 56 illud,
728 1152 123 56 quod
805 1152 154 56 alicui
913 1152 231 56 concreatur,
1098 1152 108 56 hoc
1144 1152 123 56 potest

411 1195 113 49 dici
482 1195 113 49 sibi
553 1195 113 49 esse
624 1195 184 49 naturale:
765 1195 99 49 sed
822 1195 142 49 gratia
922 1195 156 49 vnionis
1035 1195 156 49 Christo
1134 1195 128 49 concrea

412 1234 125 48 batur
496 1234 70 48 :
523 1234 111 48 ergo
593 1234 97 48 est
648 1234 111 48 sibi
718 1234 195 48 naturalis.
871 1234 83 48 Et
913 1234 111 48 ista
982 1234 97 48 est
1038 1234 167 48 intentio
1149 1234 125 48 August.

397 1269 87 58 in
440 1269 231 58 enchiridion,
627 1269 101 58 vbi
685 1269 115 58 ait,
757 1269 115 58 quod
829 1269 87 58 in
873 1269 159 58 naturae
988 1269 159 58 diuinae
1089 1269 173 58 susceptio-

404 1313 91 54 ne
449 1313 152 54 fiebat
556 1313 213 54 quodammodo
723 1313 122 54 ipsa
799 1313 152 54 gratia
906 1313 122 54 illi
982 1313 152 54 homini
1088 1313 213 54 naturalis,

404 1353 117 57 qua
471 1353 168 57 nullum
589 1353 201 57 peccatum
740 1353 168 57 posset
841 1353 201 57 committere

428 1386 73 61 3
458 1386 205 61 Praeterea,
619 1386 132 61 illud
707 1386 147 61 potest
810 1386 117 61 dici
883 1386 176 61 naturale
1015 1386 161 61 alicui,
1132 1386 117 61 quod
1191 1386 73 61 ess

418 1431 139 50 causa,
515 1431 125 50 quare
598 1431 125 50 ipsum
682 1431 153 50 dicitur
793 1431 139 50 filius
890 1431 194 50 naturalis:
1042 1431 97 50 sed
1098 1431 139 50 gratia
1181 1431 83 50 vnio

403 1462 100 59 nis
460 1462 100 59 est
517 1462 143 59 causa,
618 1462 129 59 quare
704 1462 172 59 Christus
833 1462 158 59 dicitur
948 1462 143 59 filius
1048 1462 186 59 naturalis
1177 1462 86 59 Vir-

403 1514 148 58 ginis
501 1514 82 58 :
534 1514 131 58 ergo
599 1514 66 58 &c

401 1538 158 55 Forte
507 1538 211 55 dicetur,
665 1538 141 55 quod
753 1538 141 55 vnum
841 1538 263 55 oppositorum
1051 1538 123 55 non
1104 1538 158 55 denomi-

405 1587 107 48 nat
466 1587 169 48 alterum
589 1587 77 48 :
619 1587 107 48 sed
681 1587 169 48 gratia,
803 1587 77 48 &
834 1587 153 48 natura
941 1587 92 48 ex
987 1587 184 48 opposito
1110 1587 153 48 condiui-

412 1630 157 50 duntur:
526 1630 114 50 ergo
597 1630 128 50 nulla
682 1630 142 50 gratia
782 1630 142 50 potest
882 1630 114 50 dici
953 1630 199 50 naturalis.

424 1661 75 56 2
454 1661 209 56 Praeterea,
619 1661 135 56 illud
708 1661 105 56 non
768 1661 105 56 est
828 1661 195 56 naturale,
978 1661 120 56 quod
1053 1661 105 56 non
1112 1661 150 56 oritur
1202 1661 60 56 ex

421 1708 194 49 principiis
573 1708 166 49 naturae:
698 1708 97 49 sed
753 1708 180 49 praedicta
892 1708 138 49 gratia
988 1708 97 49 non
1044 1708 138 49 oritur
1141 1708 83 49 ex
1168 1708 97 49 prin-

410 1746 145 58 cipiis
512 1746 160 58 humanae
614 1746 145 58 naturae.

446 1779 202 60 Respondeo
602 1779 93 60 ad
649 1779 171 60 primum,
773 1779 125 60 quod
851 1779 140 60 licet
945 1779 171 60 gratia,
1069 1779 78 60 &
1100 1779 156 60 natura
1194 1779 62 60 ex

407 1818 192 55 opposito
551 1818 225 55 diuidantur
728 1818 176 55 quantum
856 1818 96 55 ad
904 1818 160 55 illud,
1016 1818 128 55 quod
1097 1818 144 55 sunt:
1177 1818 96 55 quia

404 1869 156 43 natura
514 1869 172 43 debctur
639 1869 156 43 alicui
749 1869 94 43 ex
796 1869 156 43 debito
905 1869 156 43 suorum
1015 1869 219 43 naturalium
1171 1869 94 43 prin

404 1895 181 57 cipiorum:
543 1895 139 57 gratia
640 1895 125 57 autem
723 1895 125 57 datur
807 1895 83 57 ex
848 1895 111 57 mera
918 1895 222 57 liberalitate
1098 1895 139 57 nullis
1182 1895 83 57 prae

405 1936 212 52 cedentibus
572 1936 182 52 meritis:
708 1936 136 52 tamen
799 1936 106 52 vbi
860 1936 91 52 ex
905 1936 152 52 gratia
1011 1936 182 52 oriuntur
1148 1936 152 52 aliqui

417 1978 177 56 effectus
550 1978 206 56 naturales,
712 1978 162 56 ratione
830 1978 147 56 talium
933 1978 192 56 effectuum
1080 1978 133 56 talis
1154 1978 118 56 gratia

411 2023 113 48 dici
482 2023 142 48 potest
581 2023 198 48 naturalis:
737 2023 71 48 &
765 2023 99 48 sic
822 2023 99 48 est
878 2023 85 48 in
921 2023 184 48 proposito
1048 2023 57 48 &c

420 2064 105 44 Ad
473 2064 211 44 secundum
631 2064 228 44 dicendum,
806 2064 140 44 quod
894 2064 193 44 quamuis
1034 2064 175 44 gratia
1157 2064 158 44 vnio

411 2090 106 57 nis
472 2090 91 57 in
517 2090 167 57 Christo
639 2090 106 57 non
700 2090 182 57 habuerit
836 2090 122 57 suae
912 2090 182 57 originis
1049 2090 213 57 principium
1201 2090 61 57 ex

410 2130 159 66 natura
522 2130 159 66 humana
633 2130 191 66 Christi:
777 2130 159 66 habuit
888 2130 143 66 tamen
984 2130 96 66 ex
1032 2130 159 66 natura
1128 2130 143 66 diuina.

445 2176 171 51 Secundo
569 2176 140 51 dico,
662 2176 124 51 quod
739 2176 155 51 gratia
848 2176 217 51 habitualis
1018 2176 140 51 etiam
1111 2176 155 51 aliquo
1204 2176 62 51 mo

416 2210 88 54 do
460 2210 147 54 potest
564 2210 118 54 dici
637 2210 162 54 Christo
755 2210 206 54 naturalis.
917 2210 74 54 1
947 2210 118 54 Quia
1020 2210 147 54 illud,
1124 2210 118 54 quod
1183 2210 88 54 con-

408 2250 133 50 uenit
497 2250 147 50 alicui
600 2250 74 50 a
629 2250 133 50 primo
718 2250 103 50 suo
777 2250 177 50 exordio,
909 2250 147 50 aliquo
1012 2250 118 50 modo
1086 2250 162 50 dicitur
1189 2250 74 50 si-

412 2288 88 64 bi
456 2288 190 64 naturale:
603 2288 103 64 sed
661 2288 73 64 a
691 2288 132 64 primo
779 2288 176 64 exordio,
910 2288 103 64 quo
969 2288 117 64 ille
1042 2288 205 64 homocoepit
1189 2288 73 64 es-

405 2331 163 49 sehomo,
524 2331 119 49 ipse
598 2331 119 49 fuit
672 2331 148 49 plenus
761 2331 133 49 gratia,

413 2364 78 52 2
445 2364 219 52 Praeterea,
617 2364 141 52 illud
710 2364 172 52 dicitur
835 2364 109 52 rei
898 2364 203 52 naturale,
1054 2364 125 52 quod
1117 2364 156 52 conuenit

409 2416 110 45 sibi
478 2416 69 45 a
506 2416 179 45 principio
643 2416 165 45 natunali
767 2416 207 45 intrinseco:
933 2416 96 45 sed
988 2416 151 45 Christi
1098 2416 138 45 gratia
1180 2416 83 45 cau-

414 2450 155 52 sabatur
527 2450 71 52 a
555 2450 141 52 natura
654 2450 155 52 diuina,
767 2450 113 52 quae
837 2450 155 52 Christo
950 2450 113 52 fuit
1021 2450 212 52 intrinseca:
1176 2450 85 52 ergo

443 2493 101 45 Ad
494 2493 235 45 argumentum
678 2493 235 45 principale
863 2493 134 45 nego
946 2493 252 45 antecedens.
1148 2493 101 45 Ad
1181 2493 84 45 pro

417 2523 175 53 pationem
549 2523 132 53 dico,
637 2523 117 53 quod
710 2523 161 53 quamuis
827 2523 117 53 illa
900 2523 102 53 sit
958 2523 175 53 condicio
1090 2523 161 53 gratiae
1192 2523 73 53 vi-

413 2566 161 51 toris:
526 2566 113 51 non
590 2566 145 51 tamen
687 2566 307 51 comprehensoris:
945 2566 113 51 cum
1010 2566 129 51 enim
1091 2566 145 51 anima
1171 2566 97 51 fue-

414 2608 101 46 rit
471 2608 87 46 in
515 2608 159 46 termino
630 2608 116 46 suae
703 2608 130 46 viae,
789 2608 116 46 tunc
861 2608 116 46 eius
934 2608 188 46 capacitas
1078 2608 159 46 amplius
1194 2608 101 46 non

404 2648 193 45 crescet,
549 2648 145 45 sicut
646 2648 113 45 nec
710 2648 226 45 corporalis
887 2648 226 45 magnitado,
1065 2648 113 45 cum
1129 2648 97 45 ad
1161 2648 113 45 debi-

406 2679 119 55 tum
474 2679 237 55 peruenerit
660 2679 237 55 augmentum.
847 2679 119 55 Sic
915 2679 153 55 eodem
1017 2679 136 55 modo
1101 2679 102 55 de
1135 2679 136 55 cremen

418 2723 77 60 to
444 2723 167 60 fpirituali.

501 2761 577 56 DISTINCTIO.
923 2761 231 56 IIII

401 2835 203 77 perspicua
557 2835 140 77 huues
651 2835 265 77 distinctionis
869 2835 187 77 diuisio,
1010 2835 78 77 n
1041 2835 109 77 qua
1087 2835 172 77 perfectio

490 2890 132 66 nes,
572 2890 132 66 quae
655 2890 165 66 humane
770 2890 182 66 naturae
902 2890 83 66 a
935 2890 149 66 verbo
1018 2890 182 66 assumptae

580 2932 189 72 largitae
722 2932 157 72 fuere,
832 2932 94 72 ad
879 2932 173 72 diuinam
990 2932 94 72 con-

678 2991 190 61 feruntur
821 2991 206 61 natitram.

427 3072 115 71 EIs
492 3072 148 71 queri
591 3072 131 71 opus
673 3072 115 71 est
739 3072 115 71 &c.
804 3072 197 71 Postquam
952 3072 197 71 Magister
1083 3072 181 71 determina

407 3114 78 50 2
439 3114 109 50 uit
501 3114 93 50 de
547 3114 171 50 naturae
671 3114 202 50 assumptae
827 3114 171 50 collata
951 3114 248 50 perfectione,
1153 3114 109 50 hic
1199 3114 78 50 com

407 3155 139 67 parat
499 3155 248 67 persectionem
701 3155 186 67 Christi,
840 3155 201 67 secundune
994 3155 124 67 quod
1072 3155 108 67 est
1134 3155 139 67 homo.
1211 3155 62 67 Ei

1296 246 193 87 diuiditur
1445 246 89 87 in
1489 246 119 87 duas
1564 246 163 87 partes:
1682 246 104 87 nam
1742 246 134 87 primo
1831 246 134 87 facit
1920 246 223 87 quaestionem
2084 246 74 87 con

1298 315 209 52 paratiuam
1459 315 97 52 de
1507 315 161 52 humana
1620 315 177 52 Christi
1749 315 193 52 scientia
1894 315 193 52 respectu
2023 315 145 52 diuinae

1289 352 231 56 scientiae.
1470 352 181 56 Secundo
1602 352 99 56 de
1651 352 165 56 humana
1766 352 181 56 Christi
1898 352 198 56 potentia
2030 352 132 56 respe-

1290 393 110 53 ctu
1353 393 173 53 diuinae
1479 393 204 53 potentiae
1635 393 125 53 ibi.
1714 393 94 53 Si
1761 393 125 53 vero
1839 393 220 53 quaeritur.
2012 393 141 53 Prima
2090 393 63 53 in

1298 431 134 58 duas:
1387 431 119 58 quia
1462 431 134 58 primo
1551 431 134 58 mouet
1640 431 238 58 quaestionem,
1833 431 74 58 &
1863 431 163 58 recitat
1982 431 134 58 circa
2056 431 104 58 ipsam

1290 470 232 64 quorundam
1468 470 232 64 opinionem
1646 470 125 64 cum
1718 470 143 64 sius
1807 470 267 64 rationibus.
2003 470 160 64 Secundo

1285 512 141 56 circa
1379 512 220 56 praedictam
1552 512 235 56 quaestionem
1740 512 141 56 ponit
1834 512 126 56 suam
1913 512 235 56 intentionem
2086 512 78 56 cum

1285 555 259 61 praemissarum
1495 555 194 61 rationum
1641 555 259 61 solutionibus
1851 555 130 61 ibi.
1932 555 162 61 Quibus
2029 555 130 61 respo-

1290 584 154 63 dentes
1397 584 184 63 dicimus,
1535 584 184 63 Sequitur
1674 584 123 63 illa
1750 584 138 63 pars,
1843 584 92 63 Si
1889 584 123 63 vero
1965 584 200 63 queritur:
2104 584 61 63 Et

1290 628 201 58 diuiditur
1444 628 93 58 in
1490 628 123 58 duas
1567 628 170 58 partes:
1691 628 123 58 quia
1768 628 139 58 primo
1861 628 139 58 mouet
1938 628 216 58 quaestionem,

1285 680 84 52 &
1319 680 218 52 respondet
1486 680 100 52 ad
1536 680 117 52 eam
1603 680 201 52 secundum
1754 680 234 52 veritatem.
1938 680 184 52 Secundo
2056 680 100 52 obil

1287 705 152 60 ciendo
1393 705 213 60 interponit
1561 705 167 60 quandam
1682 705 213 60 dubietatem
1850 705 122 60 ibi,
1926 705 107 60 Sed
1987 705 91 60 si
2032 705 122 60 illa
2093 705 61 60 a-

1296 746 148 56 ninia.
1400 746 89 56 Et
1444 746 118 56 haec
1518 746 89 56 in
1562 746 133 56 duas,
1650 746 118 56 quia
1724 746 133 56 primo
1813 746 148 56 contra
1916 746 192 56 praedicta
2049 746 103 56 ponis

1298 785 255 56 obiectionem.
1505 785 175 56 Secundo
1632 785 207 56 subiungit
1792 785 127 56 suam
1871 785 255 56 responsionem
2062 785 96 56 ibi,

1293 827 101 57 Ad
1344 827 134 57 quod
1427 827 184 57 dicimus
1561 827 151 57 Circa
1662 827 151 57 istam
1762 827 285 57 distinctionem
1980 827 134 57 quero.

1578 874 290 88 Quaestio
1771 874 97 88 1.

1295 939 114 61 An
1352 939 228 61 Christus
1523 939 228 61 habuerit
1694 939 285 61 creaturarum
1923 939 228 61 notitiam
2075 939 76 61 in

1446 995 210 66 proprio
1599 995 191 66 genere
1733 995 210 66 praeter
1866 995 134 66 earum

1516 1033 281 78 cognitionem
1741 1033 113 78 in
1779 1033 150 78 verbo.

1294 1388 169 82 VTRVM
1407 1388 207 82 praeter
1557 1388 282 82 creaturarum
1783 1388 282 82 cognitionem
2009 1388 113 82 in
2046 1388 113 82 ver-

1378 1455 101 52 bo,
1435 1455 116 52 siue
1508 1455 87 52 in
1551 1455 145 52 diuina
1652 1455 188 52 essentia,
1797 1455 173 52 Christus
1927 1455 173 52 habuerit
2042 1455 116 52 creatu

1391 1486 145 60 rarum
1487 1486 193 60 notitiam
1632 1486 96 60 in
1680 1486 177 60 proprio
1809 1486 177 60 genere.
1937 1486 193 60 Videtur,
2066 1486 96 60 quod

1298 1525 128 56 non:
1378 1525 128 56 quia
1457 1525 255 56 quandocunque
1665 1525 175 56 aliquis
1792 1525 207 56 perfectam
1952 1525 191 56 alicuius
2079 1525 80 56 rei

1289 1563 135 57 habet
1379 1563 194 57 notitiam,
1528 1563 120 57 tunc
1603 1563 179 57 respectu
1737 1563 164 57 eiusdem
1857 1563 105 57 rei
1917 1563 164 57 frustra
2021 1563 135 57 haberet

1293 1602 182 60 notitiam
1429 1602 242 60 imperfectam:
1626 1602 106 60 sed
1687 1602 182 60 Christus
1823 1602 76 60 a
1853 1602 197 60 principio
2005 1602 121 60 suae
2065 1602 91 60 con-

1286 1644 204 51 ceptionis
1443 1644 157 51 habuit
1553 1644 204 51 perfectam
1710 1644 236 51 creaturarum
1899 1644 188 51 notitiam
2040 1644 94 51 in
2071 1644 79 51 ve-

1295 1683 102 58 bo,
1354 1683 102 58 cum
1412 1683 117 58 semp
1486 1683 146 58 fuerit
1588 1683 161 58 beatus,
1705 1683 73 58 &
1735 1683 132 58 verus
1822 1683 249 58 comprehensor:
2027 1683 117 58 ergo
2086 1683 73 58 &c.

1330 1730 162 48 CoNTRA
1443 1730 195 48 cognitio
1590 1730 227 48 vespertina
1768 1730 114 48 non
1833 1730 195 48 excludit
1963 1730 195 48 matutinam:

1295 1759 123 60 ergo
1372 1759 139 60 simul
1464 1759 154 60 stabit
1572 1759 93 60 in
1619 1759 170 60 Christo
1742 1759 185 60 cognitio
1881 1759 123 60 rei,
1958 1759 108 60 seu
2020 1759 139 60 rerum
2097 1759 62 60 in

1300 1815 160 47 verbo,
1412 1815 80 47 &
1444 1815 96 47 in
1492 1815 176 47 proprio
1619 1815 176 47 genere.
1747 1815 223 47 Antecedens
1923 1815 144 47 patet
2018 1815 112 47 per
2066 1815 96 47 Aug-

1302 1848 83 52 t.
1344 1848 125 52 super
1427 1848 153 52 Qenesis
1538 1848 83 52 ad
1580 1848 181 52 litteram.
1719 1848 97 52 vbi
1774 1848 111 52 ait.
1844 1848 83 52 In
1885 1848 167 52 coelesti
2010 1848 139 52 patria
2094 1848 69 52 si-

1294 1889 112 47 mul
1358 1889 112 47 est
1422 1889 143 47 mane,
1517 1889 80 47 &
1549 1889 191 47 vespera.
1693 1889 96 47 Et
1740 1889 96 47 vt
1788 1889 159 47 ibidem
1900 1889 159 47 patet,
2012 1889 112 47 per
2059 1889 96 47 manc

1287 1927 212 46 Augustinus
1453 1927 212 46 intelligit
1620 1927 182 46 notitiam
1756 1927 136 46 rerum
1847 1927 91 46 in
1893 1927 151 46 verbo,
1999 1927 106 46 per
2044 1927 106 46 vespo

1288 1953 111 60 tam
1352 1953 190 60 carundem
1494 1953 143 60 rerum
1589 1953 190 60 notitiam
1732 1953 95 60 in
1779 1953 174 60 proprio
1906 1953 174 60 genere.
2032 1953 95 60 Et
2064 1953 95 60 idem

1301 2004 132 46 patet
1389 2004 103 46 per
1448 2004 117 46 Aug.
1522 2004 88 46 ad
1566 2004 176 46 Orosium,
1698 2004 103 46 vbi
1757 2004 117 46 ait:
1830 2004 176 46 Cognitio
1962 2004 191 46 creaturae
2094 2004 59 46 in

1296 2048 91 50 se
1341 2048 121 50 ipsa
1417 2048 106 50 est
1478 2048 182 50 vespera,
1614 2048 91 50 in
1660 2048 106 50 Deo
1720 2048 106 50 est
1781 2048 136 50 mane:
1872 2048 121 50 ergo
1948 2048 106 50 &c.
2008 2048 106 50 Hic
2054 2048 106 50 quat-

1293 2087 133 43 tuor
1377 2087 133 43 sunt
1460 2087 200 43 videnda.
1610 2087 166 43 Primo,
1726 2087 150 43 vtrum
1826 2087 150 43 anima
1926 2087 183 43 Christi
2042 2087 117 43 imme-

1297 2122 157 52 diate,
1407 2122 79 52 &
1439 2122 126 52 nude
1517 2122 157 52 videat
1627 2122 204 52 essentiam
1784 2122 188 52 diuinam.
1925 2122 188 52 Secundo,
2051 2122 110 52 vtrum

1298 2151 181 61 clarius:
1434 2151 76 61 &
1464 2151 212 61 perfectius
1630 2151 151 61 videat
1736 2151 121 61 eam,
1812 2151 121 61 quam
1887 2151 151 61 Angeli
1993 2151 151 61 beati.
2083 2151 76 61 Ter

1292 2192 122 57 tio,
1368 2192 137 57 vtrum
1460 2192 137 57 anima
1551 2192 183 57 Christi,
1689 2192 168 57 videndo
1811 2192 168 57 diuinam
1933 2192 214 57 essentiam,
2086 2192 76 57 vi-

1295 2235 124 53 deat
1373 2235 155 53 omnia,
1482 2235 124 53 quae
1559 2235 233 53 naturaliter
1746 2235 186 53 relucent
1886 2235 93 53 in
1932 2235 109 53 ea.
1994 2235 93 53 Et
2025 2235 140 53 quarto,

1300 2279 86 60 de
1343 2279 201 60 principali
1486 2279 144 60 quaesito

1463 2323 472 82 RESOLVTIO.

1293 2397 127 59 Anima
1378 2397 141 59 quidem
1477 2397 155 59 christi
1590 2397 198 59 immediate,
1745 2397 71 59 &
1773 2397 113 59 nude
1844 2397 155 59 diuinam
1957 2397 184 59 perspicit
2084 2397 85 59 esse

1337 2443 101 44 tiam
1401 2443 126 44 darius
1489 2443 177 44 perfertius
1628 2443 88 44 que
1678 2443 164 44 quocunque
1805 2443 139 44 spiritu
1906 2443 152 44 aeternam
2007 2443 152 44 felicitari

1331 2476 217 62 participante:
1510 2476 89 62 non
1561 2476 115 62 tamen
1637 2476 128 62 cuncta
1727 2476 77 62 in
1765 2476 115 62 verbo
1841 2476 179 62 cognoscit,
1982 2476 102 62 quae
2045 2476 89 62 sic
2084 2476 77 62 vela

1327 2515 101 54 cent
1390 2515 76 54 in
1428 2515 88 54 eo,
1479 2515 76 54 vt
1516 2515 63 54 a
1542 2515 88 54 Deo
1592 2515 139 54 produci
1693 2515 151 54 possint:
1806 2515 113 54 licet
1882 2515 126 54 forsan
1970 2515 139 54 numquam
2058 2515 101 54 produm

1333 2559 147 49 centur.
1440 2559 107 49 Vnde
1507 2559 120 49 anima
1587 2559 107 49 illa
1654 2559 94 49 (vt
1707 2559 94 49 vno
1761 2559 120 49 verbo
1841 2559 161 49 claudam)
1961 2559 94 49 nil
2001 2559 161 49 creaturarm

1330 2596 162 57 cognouit
1451 2596 81 57 in
1491 2596 135 57 verbo,
1586 2596 108 57 quin
1653 2596 121 57 illud
1734 2596 108 57 idem
1802 2596 148 57 nouerit
1910 2596 81 57 in
1950 2596 148 57 proprio
2045 2596 121 57 genere.

1412 2671 512 90 ARTICVLV
1797 2671 213 90 S
1839 2671 171 90 1.

1296 2724 165 87 Vtrum
1406 2724 165 87 anuma
1516 2724 202 87 Christi
1663 2724 257 87 immediate,
1864 2724 92 87 &
1901 2724 147 87 nude
1993 2724 202 87 videat,

1560 2788 239 62 essentiam
1725 2788 166 62 diuinam

1379 2865 164 52 VANTVM
1494 2865 99 52 ad
1543 2865 164 52 primum
1658 2865 148 52 dico,
1757 2865 132 52 quod
1839 2865 132 52 sic.
1921 2865 132 52 Quia
2004 2865 197 52 quilibet

1415 2905 163 56 beatus
1529 2905 146 56 nude,
1626 2905 81 56 &
1659 2905 211 56 immediate
1821 2905 146 56 videt
1919 2905 179 56 diuinam
2033 2905 130 56 essen-

1294 2946 128 56 tiam:
1379 2946 100 56 sed
1436 2946 128 56 anima
1522 2946 157 56 Christi
1635 2946 71 56 a
1664 2946 185 56 principio
1806 2946 114 56 suae
1877 2946 199 56 creationis
2034 2946 114 56 fuit
2091 2946 71 56 por

1299 2986 139 59 fecte
1391 2986 154 59 beata,
1499 2986 139 59 prout
1592 2986 139 59 dicta
1684 2986 201 59 sanctorum
1839 2986 185 59 doctorum
1978 2986 154 59 aperte
2070 2986 93 59 pro

1282 3038 193 50 testantur,

1339 3062 118 61 Sed
1407 3062 186 61 maiorem
1542 3062 169 61 istius
1660 3062 219 61 rationis,
1829 3062 84 61 &
1862 3062 287 61 perconsequens
2082 3062 84 61 ip-

1308 3104 89 55 am
1353 3104 236 55 conclusionem
1545 3104 162 55 quaedam
1663 3104 162 55 antiqua
1781 3104 148 55 opinio
1884 3104 133 55 negat
1973 3104 162 55 dicens,
2076 3104 89 55 pnul

1304 3141 91 68 la
1349 3141 181 68 creatura
1485 3141 242 68 quauiscunque
1682 3141 136 68 beata
1772 3141 151 68 potest
1878 3141 151 68 videre
1984 3141 151 68 diuina
2074 3141 91 68 esse
