2393 3536
244 2682 188 68 cotrat,

218 2738 172 53 fundami

219 2781 129 59 tum.

426 253 143 72 tionis
526 253 143 72 illius
626 253 201 72 praedicati
784 253 86 72 ad
827 253 100 72 hoc
884 253 201 72 subiectum,
1042 253 72 72 &
1070 253 201 72 praecisam,
1214 253 57 72 ac

417 309 195 55 solitariam
570 309 236 55 contractionem
765 309 139 55 istius
862 309 167 55 subiecti
987 309 167 55 respectu
1112 309 139 55 istius
1196 309 70 55 pra

424 362 155 40 dicati.
537 362 127 40 Minor
621 362 127 40 etiam
706 362 99 40 est
762 362 127 40 nota:
847 362 113 40 quia
917 362 212 40 intellectui
1087 362 169 40 viateris
1199 362 71 40 con

427 385 113 56 stat
498 385 85 56 de
540 385 170 56 veritate
668 385 142 56 istius
767 385 241 56 propositonis,
966 385 99 56 qua
1023 385 142 56 dicit,
1122 385 128 56 solus
1193 385 85 56 Deus

423 429 100 51 est
480 429 100 51 ens
537 429 185 51 infinitae
679 429 242 51 perfectionis.
879 429 128 51 Etiam
965 429 185 51 huiusmodi
1093 429 171 51 predicatun

412 464 218 60 predicatur
584 464 202 60 adaequate
739 464 93 60 de
786 464 125 60 Deo,
864 464 125 60 quia
942 464 140 60 omnis
1035 464 140 60 verus
1129 464 125 60 Deus
1191 464 78 60 esi

412 505 99 51 ens
468 505 184 51 infinitae
610 505 241 51 perfectionis,
808 505 71 51 &
836 505 127 51 etiam
921 505 127 51 solus
1006 505 127 51 verus
1091 505 113 51 Deus
1162 505 99 51 est
1204 505 71 51 ens

419 546 231 50 infinitae
597 546 302 50 perfectionis:
846 546 142 50 ergo
917 546 89 50 &c.

460 587 72 47 2
488 587 203 47 Praeterea,
648 587 87 47 in
691 587 217 47 conceptibus
865 587 101 47 per
923 587 87 47 se
967 587 203 47 ordinatis,
1126 587 87 47 si
1155 587 116 47 primus

423 621 174 49 coceptus
553 621 101 49 est
611 621 319 49 incoprehensibilis;
886 621 159 49 necesse
1002 621 101 49 est
1060 621 174 49 secundum
1190 621 116 49 esse

406 672 360 46 incomprehensibilem,
720 672 78 46 &
751 672 219 46 econuerso,
923 672 94 46 si
970 672 188 46 secundus
1111 672 110 46 est
1158 672 110 46 incom

413 704 265 50 prehesibilis,
631 704 171 50 necesse
756 704 109 50 est
818 704 156 50 primum
927 704 125 50 essc
990 704 280 50 comprehensibilem

417 745 111 41 Sed
480 745 190 41 secundum
623 745 142 41 istum
718 745 174 41 socium,
844 745 95 41 ac
892 745 142 41 etiam
986 745 190 41 secundum
1113 745 158 41 doctorem

420 778 123 59 quem
497 778 92 59 in
543 778 108 59 hac
604 778 231 59 conclusione
789 778 200 59 sequitur,
943 778 185 59 coceptus
1081 778 185 59 deitatis
1204 778 77 59 est

414 823 166 56 primus,
535 823 75 56 &
565 823 272 56 simplicissimus
791 823 196 56 conceptus
942 823 91 56 de
987 823 106 56 Deo
1048 823 226 56 formabilis;
1229 823 75 56 &

415 863 195 41 conceptus
565 863 135 41 entis
655 863 180 41 infiniti
790 863 105 41 est
851 863 195 41 conceptus
1001 863 195 41 secundus,
1151 863 75 41 &
1166 863 105 41 inter

421 903 161 44 ceteros
539 903 190 44 proximior
685 903 117 44 illi
758 903 132 44 primo
846 903 205 44 conceptui:
1007 903 117 44 ergo
1081 903 88 44 si
1110 903 161 44 conceptus

428 940 129 49 entis
514 940 172 49 infiniti
643 940 100 49 est
700 940 215 49 naturaliter
872 940 287 49 comprehensibilis
1115 940 72 49 a
1130 940 143 49 viatore,

417 978 195 48 conceptus
567 978 180 48 deitatis
703 978 120 48 erit
778 978 226 48 naturaliter
958 978 316 48 comprehensibilis,
1229 978 75 48 &

423 1020 193 41 econuerso
571 1020 104 41 &c.
631 1020 133 41 Maior
720 1020 148 41 patet:
823 1020 119 41 quia
897 1020 163 41 quamuis
1016 1020 89 41 in
1061 1020 104 41 per
1120 1020 89 41 se
1149 1020 119 41 ordin-

419 1062 103 36 tis
478 1062 220 36 conceptibus
654 1062 191 36 conceptus
801 1062 132 36 prior
889 1062 103 36 sit
947 1062 249 36 abstrahibilis
1153 1062 73 36 a
1167 1062 103 36 conce

420 1100 105 43 ptu
480 1100 225 43 posteriori:
660 1100 135 43 tamen
750 1100 195 43 conceptus
899 1100 195 43 posterior
1049 1100 105 43 non
1109 1100 105 43 est
1154 1100 120 43 abstra

419 1133 152 48 hibilis
530 1133 69 48 a
557 1133 166 48 conceptu
682 1133 152 48 priori;
792 1133 111 48 quia
861 1133 193 48 necessario
1013 1133 235 48 praesupponit,
1193 1133 69 48 qui

422 1169 180 52 includit
557 1169 120 52 eum.
632 1169 135 52 Minor
721 1169 105 52 est
781 1169 120 52 nota
856 1169 120 52 apud
931 1169 135 52 istum
1021 1169 165 52 socium,
1140 1169 90 52 ac
1170 1169 105 52 etiam

426 1211 134 53 apud
510 1211 252 53 supradictum
695 1211 168 53 doctorem

457 1253 75 50 3
487 1253 211 50 Praeterea,
653 1253 106 50 vel
713 1253 121 50 iste
789 1253 151 50 socius
894 1253 106 50 hic
954 1253 181 50 loquitur
1090 1253 90 50 de
1120 1253 151 50 conceptu

426 1294 270 47 eorrespondente
651 1294 210 47 cognitioni
816 1294 120 47 quia
892 1294 120 47 est,
967 1294 105 47 vel
1027 1294 90 47 de
1072 1294 180 47 conceptu
1192 1294 75 47 con

417 1325 208 50 respodente
580 1325 208 50 cognitioni
743 1325 119 50 quid
817 1325 119 50 est.
892 1325 89 50 Si
936 1325 133 50 primo
1025 1325 133 50 modo,
1114 1325 119 50 tunc
1173 1325 104 50 istud

425 1375 131 40 suum
506 1375 245 40 fundamentum
703 1375 180 40 penitus
833 1375 114 40 est
899 1375 180 40 falsum:
1030 1375 131 40 quia
1095 1375 180 40 conceptus

417 1410 179 46 deitatis
551 1410 164 46 quantum
671 1410 90 46 ad
716 1410 224 46 coenitionem
895 1410 119 46 quia
969 1410 119 46 est,
1044 1410 105 46 non
1104 1410 149 46 minus,
1193 1410 75 46 set

417 1442 142 50 multo
512 1442 142 50 magis
606 1442 110 50 est
669 1442 331 50 comprehensibilis,
953 1442 126 50 quam
1032 1442 205 50 conceptus
1173 1442 95 50 enti

429 1488 186 46 infiniti.
571 1488 100 46 Nam
629 1488 114 46 quia
700 1488 114 46 Deus
771 1488 114 46 est,
843 1488 100 46 per
900 1488 86 46 se
943 1488 128 46 notum
1028 1488 114 46 est,
1100 1488 86 46 vt
1143 1488 100 46 ait
1200 1488 100 46 Dam

425 1523 85 52 in
467 1523 128 52 primo
553 1523 100 52 suo
610 1523 142 52 libro:
710 1523 100 52 Sed
767 1523 114 52 esse
838 1523 100 52 ali
895 1523 114 52 quod
966 1523 100 52 ens
1023 1523 185 52 infinitum
1151 1523 114 52 infini

427 1562 120 48 tate
502 1562 254 48 perfectionis,
711 1562 105 48 non
771 1562 105 48 est
831 1562 105 48 per
891 1562 90 48 se
936 1562 150 48 notum;
1041 1562 105 48 nam
1100 1562 120 48 apud
1160 1562 120 48 multos

421 1597 233 61 philosophos
608 1597 109 61 est
670 1597 186 61 negatum,
809 1597 78 61 &
840 1597 124 61 apud
918 1597 171 61 aliquos
1042 1597 155 61 paucos
1151 1597 109 61 est
1197 1597 78 61 cum

425 1638 146 50 magno
522 1638 162 50 studio
636 1638 276 50 inuestigatum.
863 1638 130 50 Vnde
944 1638 227 50 communiter
1107 1638 162 50 supponi-

428 1680 110 47 mus
491 1680 157 47 fuisse
601 1680 94 47 de
648 1680 220 47 intentione
820 1680 157 47 Arist.
930 1680 78 47 &
961 1680 282 47 commentatoris,
1181 1680 94 47 quod

426 1724 117 47 Deus
500 1724 117 47 sit,
573 1724 73 47 &
602 1724 205 47 verissime,
763 1724 88 47 ac
807 1724 205 47 certissime
968 1724 146 47 habeat
1071 1724 132 47 esse,
1159 1724 73 47 &
1173 1724 103 47 tamen

419 1759 219 46 communiter
592 1759 219 46 quaerimus,
764 1759 141 46 vtrum
858 1759 157 46 fuerit
967 1759 94 46 de
1014 1759 219 46 intentione
1171 1759 94 46 ipso

417 1802 116 47 rum,
490 1802 116 47 Deum
563 1802 116 47 esse
636 1802 189 47 infinitum
781 1802 116 47 ens,
854 1802 189 47 infinitae
1000 1802 189 47 virtutis,
1145 1802 73 47 &
1160 1802 116 47 perfe-

432 1843 177 38 ctionis.
565 1843 89 38 Et
609 1843 133 38 multi
698 1843 177 38 doctores
831 1843 162 38 tenent,
949 1843 118 38 quod
1022 1843 103 38 hoc
1081 1843 192 38 nonfuerit
1214 1843 59 38 de

419 1874 216 48 intentione
588 1874 154 48 eorum.
697 1874 93 48 Ex
743 1874 108 48 quo
805 1874 201 48 manifeste
959 1874 154 48 patet,
1067 1874 124 48 quod
1129 1874 139 48 intelle

424 1912 108 50 ctu
485 1912 185 50 viatoris
624 1912 108 50 non
686 1912 154 50 minus,
793 1912 108 50 sed
855 1912 139 50 magis
947 1912 108 50 est
994 1912 277 50 comprehensibilis

422 1964 192 38 conceptus
570 1964 192 38 deitatis,
718 1964 118 38 quam
792 1964 192 38 conceptus
940 1964 133 38 entis
1028 1964 192 38 infiniti,
1176 1964 74 38 &
1191 1964 74 38 ho-

428 1992 180 54 quantum
559 1992 98 54 ad
608 1992 246 54 cognitionem
805 1992 131 54 quia
871 1992 98 54 est.

457 2032 86 49 Si
500 2032 129 49 autem
586 2032 172 49 loquitur
715 2032 115 49 iste
786 2032 158 49 socius,
901 2032 86 49 ac
944 2032 129 49 etiam
1030 2032 172 49 magister
1159 2032 115 49 eius
1217 2032 57 49 de

421 2073 185 47 conceptu
559 2073 277 47 correspondente
790 2073 216 47 cognitioni
960 2073 123 47 quid
1037 2073 123 47 est,
1114 2073 123 47 tunc
1176 2073 92 47 neu-

429 2116 110 42 tur
492 2116 173 42 istorum
618 2116 220 42 conceptuum
790 2116 110 42 est
853 2116 78 42 a
885 2116 173 42 viatore
1010 2116 235 42 naturaliter
1183 2116 94 42 com-

429 2143 277 62 prehensibilis:
660 2143 123 62 quia
737 2143 154 62 nullum
845 2143 169 62 istorum
968 2143 216 62 conceptuum
1122 2143 154 62 naturali

419 2196 110 44 ter
482 2196 157 44 habere
592 2196 205 44 possumus,
750 2196 126 44 nisi
828 2196 189 44 mediante
970 2196 220 44 cognitione
1127 2196 142 44 accepta

420 2234 76 45 a
450 2234 244 45 sensibilibus
648 2234 152 45 rebus,
755 2234 183 45 secundum
892 2234 122 45 quod
968 2234 137 45 causa
1060 2234 213 45 concipitur
1212 2234 61 45 me

425 2270 143 44 diante
525 2270 100 44 sui
582 2270 172 44 effectus
711 2270 215 44 cognitione.
883 2270 100 44 Cum
940 2270 143 44 igitur
1040 2270 143 44 nullus
1126 2270 143 44 effectus

415 2305 130 45 ducat
501 2305 86 45 in
544 2305 216 45 cognitionem
717 2305 231 45 quidditatis,
905 2305 72 45 &
933 2305 187 45 essentiae
1078 2305 115 45 suae
1135 2305 130 45 causae-

412 2344 118 46 nisi
486 2344 103 46 sit
545 2344 177 46 cffectus
678 2344 207 46 adaequatus
841 2344 192 46 huiusmodi
988 2344 162 46 causae,
1107 2344 74 46 &
1136 2344 89 46 in
1166 2344 103 46 rebus

414 2386 241 45 sensibilibus
610 2386 151 45 nullus
715 2386 181 45 appareat
851 2386 181 45 effectus
986 2386 211 45 adaequatus
1137 2386 135 45 virtuti

421 2423 176 45 deitatis,
557 2423 95 45 vel
611 2423 149 45 virtuti
720 2423 122 45 entis
801 2423 176 45 infinitae
937 2423 230 45 perfectionis;
1126 2423 95 45 nam
1167 2423 95 45 talen

418 2467 182 47 effectum
554 2467 197 47 oporteret
706 2467 121 47 esse
782 2467 213 47 infinitum,
949 2467 213 47 quaecunque
1116 2467 121 47 enim
1177 2467 91 47 sunt

419 2504 200 54 adaequata,
576 2504 86 54 si
619 2504 114 54 vnum
691 2504 100 54 est
748 2504 200 54 infinitum:
905 2504 72 54 &
934 2504 186 54 reliquum:
1077 2504 143 54 igitur
1163 2504 100 54 sicui

406 2545 127 46 isto
486 2545 127 46 modo
565 2545 127 46 viat
645 2545 95 46 or
692 2545 111 46 non
756 2545 159 46 potest
867 2545 239 46 naturaliter
1042 2545 223 46 comprehende-

418 2579 86 42 re
461 2579 187 42 conceptum
605 2579 187 42 deitatis,
748 2579 101 42 sic
806 2579 101 42 nec
863 2579 158 42 poterit
978 2579 216 42 naturaliter
1137 2579 129 42 compre-

414 2618 164 49 hendere
533 2618 193 49 conceptum
682 2618 134 49 entis
771 2618 179 49 infiniti
905 2618 208 49 infinitate
1054 2618 208 49 perfectionis

453 2659 172 44 Contra
573 2659 206 44 secundum
727 2659 257 44 fundamentum
933 2659 154 44 arguo
1019 2659 86 44 sic

458 2697 93 47 31
505 2697 233 47 Impossibile
691 2697 109 47 est
753 2697 202 47 oppositum
908 2697 233 47 priuatiuum,
1094 2697 124 47 quod
1156 2697 109 47 cogno

427 2735 125 49 citur
511 2735 97 49 per
566 2735 167 49 habitum,
691 2735 111 49 esse
761 2735 153 49 maioris
872 2735 195 49 entitatis,
1025 2735 237 49 actualitatis,
1206 2735 56 49 ac

408 2773 347 58 intelligibilitatis,
710 2773 121 58 quam
786 2773 196 58 positiuum
937 2773 121 58 sibi
1012 2773 212 58 oppositum,
1163 2773 106 58 cuius

410 2814 314 47 comprehensione,
674 2814 83 47 &
707 2814 231 47 cognitione
888 2814 314 47 comprehenditur,
1152 2814 83 47 &
1169 2814 83 47 con

418 2855 202 51 gnoscitur
574 2855 202 51 huiusmodi
730 2855 233 51 priuatiuum,
917 2855 109 51 Sed
979 2855 109 51 ens
1041 2855 202 51 infinitum
1181 2855 78 51 inf

422 2899 136 42 nitate
518 2899 217 42 perfectionis
694 2899 95 42 est
749 2899 149 42 maioris
857 2899 190 42 entitatis,
1007 2899 231 42 actualitatis,
1197 2899 68 42 &
1211 2899 54 42 in

412 2934 287 47 telligibilitatis,
658 2934 109 47 quam
727 2934 191 47 quodcumque
877 2934 96 47 ens
932 2934 178 47 infinitae
1055 2934 205 47 perfectionis;

417 2974 124 45 ergo
494 2974 108 45 ens
556 2974 201 45 infinitae
710 2974 247 45 perfectionis
911 2974 108 45 non
973 2974 185 45 oppontur
1096 2974 155 45 priuatiu

404 3021 125 44 enti
483 3021 172 44 finito,
608 3021 109 44 nec
670 3021 125 44 eius
748 3021 188 44 coceptus
889 3021 172 44 habetur
1014 3021 188 44 mediante
1140 3021 109 44 conce

421 3048 101 45 ptu
478 3048 129 45 entis
564 3048 158 45 finiti;
680 3048 129 45 sicut
766 3048 187 45 conceptus
910 3048 216 45 priuationis
1082 3048 158 45 habetur
1183 3048 72 45 me-

414 3098 143 54 diante
514 3098 171 54 conceptu
642 3098 143 54 ipsius
742 3098 171 54 habitus,
871 3098 128 54 sicut
956 3098 128 54 dicit
1042 3098 114 54 iste
1113 3098 143 54 socius
1199 3098 57 54 in

1300 253 128 60 suo
1373 253 201 60 secundo
1501 253 238 60 fundamento.

1332 305 76 52 2
1362 305 198 52 Preterea,
1514 305 152 52 nullum
1621 305 228 52 priuatiuum,
1803 305 106 52 seu
1864 305 137 52 nulla
1955 305 182 52 priuatio
2077 305 76 52 com

1321 338 190 53 rehendit
1464 338 95 53 in
1512 338 95 53 se
1559 338 238 53 formaliter,
1750 338 111 53 vel
1813 338 206 53 eminenter
1972 338 143 53 omnem
2051 338 111 53 perfe

1309 381 152 48 ctionem
1419 381 179 48 positiui,
1557 381 96 48 seu
1612 381 152 48 habitus
1723 381 110 48 sibi
1792 381 179 48 oppositi:
1929 381 96 48 Sed
1985 381 96 48 ens
2026 381 124 48 infini-

1309 428 113 43 tum
1373 428 226 43 infinitate
1551 428 258 43 perfectionis
1761 428 258 43 comprehendit
1971 428 97 43 in
2020 428 97 43 se
2052 428 113 43 omnem

1307 465 244 52 perfectionem
1505 465 137 52 entis
1597 465 168 52 finiti,
1719 465 76 52 &
1749 465 107 52 hoc
1810 465 107 52 vel
1871 465 214 52 formaliter
2024 465 137 52 quantum

1304 502 90 54 ad
1349 502 105 54 ea,
1409 502 120 54 quae
1483 502 149 54 dicunt
1588 502 239 54 perfectionem
1782 502 239 54 simpliciter;
1977 502 105 54 vel
2021 502 135 54 eminen-

1305 541 106 44 ter
1365 541 166 44 quantum
1486 541 91 44 ad
1531 541 166 44 ceteras
1652 541 257 44 perfectiones,
1863 541 121 44 quae
1939 541 106 44 non
1999 541 121 44 sunt
2059 541 91 44 per-

1302 579 189 46 sectiones
1448 579 233 46 simpliciter:
1638 579 117 46 ergo
1710 579 87 46 &c
1754 579 131 46 Maior
1841 579 146 46 patet,
1943 579 117 46 quia
2002 579 160 46 priuatiue

1304 619 185 50 opposita
1442 619 123 50 sunt
1519 619 154 50 illius
1627 619 247 50 condicionis,
1828 619 123 50 quod
1905 619 139 50 omnis
1982 619 185 50 perfectior

1305 657 205 47 conueniens
1466 657 161 47 habitui
1584 657 176 47 tollitur
1716 657 73 47 a
1745 657 220 47 priuatione:
1921 657 146 47 igitur
2009 657 146 47 impossi-

1300 699 128 43 bile
1380 699 128 43 est,
1460 699 128 43 quod
1539 699 287 43 comprehendatur
1779 699 96 43 in
1827 699 96 43 ea
1875 699 144 43 Patet
1970 699 144 43 etiam
2050 699 112 43 minor

1319 734 112 54 quia
1389 734 140 54 illud,
1487 734 98 54 cui
1543 734 154 54 deficit
1655 734 140 54 aliqua
1754 734 196 54 perfectio,
1908 734 98 54 hoc
1964 734 98 54 non
2020 734 98 54 est
2062 734 98 54 conce

1307 784 161 43 ptibile,
1427 784 80 43 vt
1468 784 94 43 ens
1521 784 174 43 infinitae
1642 784 201 43 perfectionis.

1336 818 170 46 Contra
1455 818 187 46 tertium
1591 818 255 46 fundamentum
1794 818 153 46 arguo
1879 818 102 46 sic.

1319 853 81 50 1
1351 853 210 50 Conceptus
1513 853 275 50 quidditatiuus
1739 853 162 50 ipsius
1852 853 194 50 deitatis
1997 853 113 50 non
2046 853 129 50 potest

1296 897 147 45 haberi
1399 897 177 45 perfecte
1532 897 118 45 sine
1606 897 177 45 conceptu
1739 897 118 45 suae
1812 897 206 45 bonitatis:
1974 897 118 45 ergo
2033 897 133 45 bonitas

1304 929 113 49 Dei
1368 929 193 49 conuenit
1513 929 113 49 Deo
1578 929 97 49 in
1626 929 145 49 primo
1722 929 129 49 modo
1803 929 177 49 dicendi
1932 929 113 49 per
1996 929 113 49 se,
2060 929 80 49 &
2077 929 80 49 non

1294 975 104 48 in
1346 975 190 48 secundo
1484 975 138 48 modo
1570 975 121 48 per
1639 975 156 48 modum
1743 975 242 48 passionis.
1916 975 242 48 Consequentia

1304 1010 145 50 patet,
1406 1010 116 50 quia
1479 1010 189 50 perfectus
1624 1010 203 50 conceptus,
1784 1010 102 50 qui
1842 1010 102 50 est
1900 1010 189 50 conceptus
2030 1010 131 50 diffini

1305 1055 132 44 tiuus
1393 1055 117 44 rei,
1466 1055 103 44 est
1525 1055 249 44 abstrahibilis
1730 1055 88 44 ab
1774 1055 161 44 omnibus
1891 1055 264 44 conuenientibus
2096 1055 59 44 ip

1304 1086 88 53 si
1348 1086 103 53 rei
1407 1086 88 53 in
1451 1086 162 53 secundo
1569 1086 117 53 modo
1642 1086 162 53 dicendi
1760 1086 103 53 per
1818 1086 103 53 se:
1877 1086 103 53 Nam
1936 1086 162 53 propria
2039 1086 117 53 passio

1298 1135 101 42 non
1355 1135 201 42 ingreditur
1513 1135 245 42 diffinitionem
1715 1135 101 42 rei
1772 1135 259 42 substantialis,
1988 1135 101 42 seu
2031 1135 130 42 substan

1309 1170 133 43 riae,
1398 1170 89 43 vt
1442 1170 133 43 patet
1531 1170 133 43 primo
1619 1170 222 43 posteriorum
1797 1170 89 43 &.
1841 1170 89 43 7.
1885 1170 162 43 metaph.
2004 1170 148 43 igitur
2092 1170 74 43 per

1307 1206 210 46 oppositum,
1472 1206 90 46 si
1517 1206 195 46 conceptus
1666 1206 254 46 quidditatiuus
1876 1206 105 46 Dei
1936 1206 105 46 non
1995 1206 105 46 est
2040 1206 120 46 abstra

1299 1247 154 49 hibilis
1411 1247 70 49 a
1439 1247 168 49 conceptu
1566 1247 112 49 suae
1636 1247 196 49 bonitatis;
1790 1247 168 49 sequitur
1916 1247 211 49 necessario,
2071 1247 84 49 quod

1310 1285 174 42 bonitas
1437 1285 111 42 Dei
1500 1285 206 42 conueniat
1659 1285 127 42 sibi
1738 1285 95 42 in
1786 1285 143 42 primo
1881 1285 127 42 modo
1960 1285 174 42 dicendi
2071 1285 95 42 per-

1302 1324 98 49 se,
1358 1324 70 49 &
1386 1324 98 49 non
1442 1324 84 49 in
1484 1324 168 49 secundo,
1611 1324 126 49 sicut
1695 1324 154 49 propria
1807 1324 154 49 passio.
1919 1324 196 49 Antecedens
2060 1324 98 49 etiam

1318 1361 126 53 atet:
1402 1361 112 53 quia
1472 1361 84 53 si
1514 1361 126 53 datur
1598 1361 196 53 oppositum,
1753 1361 112 53 tunc
1823 1361 140 53 posset
1921 1361 168 53 cogitari
2047 1361 140 53 aliqud

1310 1402 141 43 maius
1404 1402 156 43 bonum,
1514 1402 125 43 quam
1592 1402 109 43 sit
1654 1402 141 43 illud
1748 1402 156 43 bonum:
1858 1402 125 43 quod
1936 1402 109 43 est
1999 1402 141 43 Deus.
2077 1402 78 43 Con

1307 1440 190 56 sequentia
1454 1440 117 56 ista
1527 1440 176 56 probatur
1659 1440 88 56 ex
1703 1440 117 56 hoc:
1776 1440 117 56 quia
1849 1440 132 56 illud
1937 1440 220 56 concipitur,
2113 1440 73 56 &

1314 1477 211 48 cogitatur,
1480 1477 91 48 vt
1525 1477 136 48 maius
1616 1477 151 48 bonum,
1721 1477 136 48 cuius
1812 1477 166 48 bonitas
1933 1477 166 48 taliter
2053 1477 91 48 se
2084 1477 75 48 ha-

1304 1521 112 47 bet
1368 1521 96 47 ad
1416 1521 159 47 ipsum,
1527 1521 128 47 quod
1607 1521 143 47 ipsum
1703 1521 112 47 non
1766 1521 159 47 potest
1878 1521 175 47 concipi
1990 1521 159 47 conceptu

1313 1571 233 39 quidditatiuo,
1505 1571 110 39 nisi
1573 1571 205 39 concipiatur
1738 1571 96 39 sua
1792 1571 178 39 bonitas,;
1929 1571 110 39 quam
1998 1571 137 39 illud,
2080 1571 82 39 quod

1318 1595 157 45 potest
1428 1595 173 45 concipi
1554 1595 188 45 conceptu
1695 1595 251 45 quidditatiuo
1899 1595 157 45 absque
1993 1595 157 45 conceptu

1310 1644 197 40 bonitatis.
1465 1644 99 40 Sed
1521 1644 169 40 falsitas
1648 1644 225 40 consequentis
1831 1644 141 40 patet:
1930 1644 113 40 quia
2000 1644 127 40 sicut
2070 1644 85 40 Deus

1306 1681 98 41 est
1362 1681 141 41 illud,
1461 1681 98 41 quo
1517 1681 127 41 maius
1601 1681 169 41 cogitari
1728 1681 98 41 non
1784 1681 155 41 potest:
1897 1681 98 41 sic
1953 1681 113 41 Deus
2023 1681 98 41 est
2066 1681 98 41 tale-

1312 1717 160 43 bonum,
1424 1717 112 43 quo
1488 1717 144 43 maius
1584 1717 144 43 bonum
1681 1717 112 43 non
1745 1717 160 43 potest
1841 1717 176 43 cogitari.

1341 1752 72 51 2
1369 1752 186 51 Preterea,
1512 1752 143 51 illud,
1612 1752 114 51 quod
1684 1752 100 51 est
1741 1752 86 51 de
1784 1752 215 51 intrinseca,
1956 1752 72 51 &
1984 1752 157 51 formali
2084 1752 72 51 ra-

1306 1792 139 48 tione
1398 1792 200 48 alicuius,
1552 1792 108 48 hoc
1614 1792 185 48 conuenit
1752 1792 92 48 ei
1799 1792 139 48 primo
1891 1792 123 48 modo
1968 1792 169 48 dicendi
2076 1792 77 48 per

1308 1830 106 51 se,
1369 1830 76 51 &
1399 1830 106 51 non
1460 1830 91 51 in
1505 1830 182 51 secundo.
1642 1830 106 51 Sed
1703 1830 167 51 bonitas
1824 1830 106 51 Dei
1885 1830 106 51 est
1945 1830 228 51 intrinseca,
2112 1830 46 51 &

1306 1876 159 45 formali
1421 1876 159 45 ratione
1537 1876 144 45 ipsius
1638 1876 116 45 Dei:
1710 1876 116 45 ergo
1782 1876 101 45 &c.
1840 1876 130 45 Maior
1927 1876 130 45 patet
2014 1876 87 45 ex
2042 1876 116 45 dictio

1300 1912 165 49 Arist.
1416 1912 149 49 primo
1515 1912 248 49 posteriorum
1714 1912 182 49 Minorem
1846 1912 149 49 probo
1945 1912 132 49 quia
2028 1912 132 49 omne
2094 1912 66 49 ab

1301 1951 166 49 solutum
1421 1951 181 49 realiter
1557 1951 211 49 conueniens
1723 1951 121 49 enti
1798 1951 226 49 simpliciter
1979 1951 181 49 simplici
2100 1951 75 49 ost

1300 1996 87 45 de
1343 1996 101 45 sua
1401 1996 159 45 formali
1517 1996 174 45 ratione:
1647 1996 101 45 Sed
1705 1996 159 45 bonitas
1820 1996 101 45 Dei
1878 1996 101 45 est
1936 1996 116 45 quid
1994 1996 159 45 absolutum

1300 2029 75 45 &
1330 2029 181 45 realiter
1466 2029 181 45 conuenit
1601 2029 121 45 Deo,
1677 2029 106 45 qui
1737 2029 106 45 est
1797 2029 106 45 ens
1858 2029 226 45 simpliciter
2023 2029 136 45 simplex

1299 2071 117 48 ergo
1373 2071 103 48 &c.
1431 2071 132 48 Maior
1519 2071 147 48 patet,
1622 2071 117 48 quia
1695 2071 117 48 ente
1768 2071 220 48 simpliciter
1944 2071 176 48 simplici
2061 2071 103 48 nihil

1295 2111 222 47 simplicius
1470 2111 159 47 potest
1581 2111 206 47 cogitari.
1740 2111 111 47 Sed
1803 2111 206 47 cuicumque
1962 2111 111 47 rei
2009 2111 159 47 conuenit

1302 2147 168 50 aliquod
1424 2147 198 50 absolutum
1576 2147 107 50 non
1637 2147 183 50 existens
1774 2147 91 50 de
1820 2147 213 50 intrinseca
1987 2147 168 50 ratione
2094 2147 61 50 il

1304 2188 108 56 lius
1371 2188 108 56 rei,
1438 2188 108 56 illa
1505 2188 81 56 re
1546 2188 162 56 possumus
1667 2188 135 56 aliqud
1761 2188 188 56 simplicius
1909 2188 175 56 cogitare;
2044 2188 108 56 quia
2098 2188 67 56 po-

1314 2228 176 48 terimus
1442 2228 192 48 cogitare
1586 2228 128 48 vnam
1666 2228 112 48 rem
1730 2228 176 48 taliter
1859 2228 96 48 se
1907 2228 208 48 habentem,
2051 2228 96 48 quod

1305 2276 123 40 omne
1381 2276 199 40 absolutum
1534 2276 123 40 sibi
1611 2276 184 40 realiter
1749 2276 214 40 conueniens
1917 2276 107 40 est
1963 2276 184 40 intrinseca

1301 2303 78 51 &
1333 2303 173 51 formali
1458 2303 110 51 sua
1521 2303 188 51 ratione.
1662 2303 141 51 Etiam
1757 2303 141 51 minor
1851 2303 110 51 est
1914 2303 126 51 nota
1992 2303 110 51 quo
2055 2303 94 51 ad
2086 2303 63 51 om

1296 2353 109 40 nes
1359 2353 124 40 suas
1436 2353 171 40 partes.
1560 2353 124 40 Quod
1638 2353 124 40 enim
1715 2353 171 40 bonitas
1840 2353 109 40 Dei
1902 2353 109 40 sit
1964 2353 124 40 quid
2026 2353 124 40 absolu

1300 2383 123 50 tum,
1376 2383 153 50 patet:
1483 2383 123 50 quia
1560 2383 123 50 omne
1637 2383 153 50 illud,
1744 2383 123 50 quod
1820 2383 107 50 est
1882 2383 168 50 commune
2004 2383 153 50 tribus
2096 2383 46 50 ?

1300 2424 149 41 sonis,
1404 2424 104 41 hoc
1464 2424 104 41 est
1523 2424 193 41 absolutum
1672 2424 89 41 in
1716 2424 178 41 diuinis,
1850 2424 89 41 vt
1895 2424 178 41 fatentur
2028 2424 134 41 omnes
2103 2424 59 41 ca

1303 2465 161 43 tholici
1420 2465 190 43 doctores.
1566 2465 102 43 Sed
1625 2465 161 43 bonitas
1741 2465 146 43 diuina
1843 2465 102 43 est
1902 2465 175 43 realiter
2033 2465 102 43 vna
2077 2465 73 43 om-

1298 2503 130 45 nium
1379 2503 146 45 trium
1476 2503 227 45 personatum
1655 2503 97 45 in
1704 2503 195 45 diuinis.
1850 2503 130 45 Quod
1931 2503 146 45 etiam
2012 2503 146 45 bonitas

1296 2540 149 43 diuina
1400 2540 179 43 realiter
1534 2540 104 43 Deo
1594 2540 208 43 conueniat,
1757 2540 149 43 nullus
1861 2540 134 43 sanae
1951 2540 149 43 mentis
2040 2540 104 43 nega-

1289 2583 94 43 re
1336 2583 156 43 potest
1446 2583 125 43 Quod
1524 2583 141 43 etiam
1618 2583 125 43 Deus
1696 2583 110 43 sit
1759 2583 235 43 simpliciter
1947 2583 188 43 simplex,
2072 2583 78 43 non

1294 2617 139 47 solum
1386 2617 216 47 catholici,
1556 2617 139 47 verum
1649 2617 139 47 etiam
1742 2617 139 47 omnes
1835 2617 124 47 veri
1912 2617 216 47 philosophi
2067 2617 77 47 con

1277 2657 158 47 fitentur

1341 2693 107 50 His
1402 2693 229 50 praemissis,
1585 2693 183 50 ostendam
1722 2693 199 50 breuiter,
1875 2693 122 50 quod
1936 2693 214 50 responsiones

1298 2731 143 51 istius
1398 2731 129 51 socii
1484 2731 100 51 non
1542 2731 201 51 sufficiunt
1699 2731 86 51 ad
1742 2731 186 51 tollendum
1886 2731 100 51 ea,
1943 2731 115 51 quae
2001 2731 143 51 superius

1286 2774 159 52 adduxi
1398 2774 159 52 contra
1509 2774 112 52 eum

1330 2810 104 55 Ad
1382 2810 174 55 primam
1504 2810 139 55 enim
1590 2810 139 55 meam
1677 2810 209 55 rationem
1834 2810 278 55 respondendo,
2043 2810 104 55 ipse

1293 2856 146 53 negat
1390 2856 293 53 consequentiam.
1634 2856 98 53 Ad
1683 2856 260 53 probationem,
1894 2856 130 53 quia
1975 2856 179 53 dicebam
2089 2856 65 53 il

1304 2892 114 48 lud,
1375 2892 114 48 quod
1446 2892 228 48 specificatur
1632 2892 86 48 ab
1674 2892 185 48 infinito,
1817 2892 171 48 secundum
1945 2892 114 48 quod
2017 2892 100 48 est
2059 2892 86 48 infi

1298 2934 146 39 nitum,
1400 2934 102 39 hoc
1459 2934 204 39 necessario
1619 2934 102 39 est
1677 2934 204 39 infinitum,
1837 2934 204 39 respondet,
1997 2934 116 39 quod
2056 2934 87 39 ali-

1297 2971 110 47 quid
1366 2971 207 47 specificari
1531 2971 83 47 ab
1573 2971 151 47 altero,
1683 2971 138 47 potest
1779 2971 193 47 dupliciter
1930 2971 193 47 intelligi.
2068 2971 69 47 Vno

1303 3019 135 43 modo,
1393 3019 90 43 vt
1438 3019 75 43 a
1468 3019 135 43 causa
1558 3019 225 43 intrinseca,
1738 3019 75 43 &
1768 3019 180 43 formali.
1903 3019 120 43 Alio
1978 3019 135 43 modo,
2068 3019 90 43 vt
2098 3019 45 43 a

1295 3050 135 41 causa
1385 3050 225 41 extrinseca,
1565 3050 75 41 &
1595 3050 225 41 cfficiente.
1774 3050 90 41 Et
1819 3050 120 41 isto
1894 3050 165 41 secundo
2014 3050 120 41 modo
2074 3050 75 41 ma-

1290 3088 102 53 ior
1349 3088 102 53 est
1407 3088 145 53 falsa.
1508 3088 102 53 Cum
1566 3088 145 53 igitur
1668 3088 174 53 scientia
1799 3088 232 53 specificetur
1987 3088 73 53 a
2002 3088 145 53 subiecto
