2421 3534
339 275 678 84 ARTICVLVS
808 275 157 84 I

320 372 142 81 Vtrum
415 372 95 81 in
462 372 173 81 christo
588 372 158 81 fuerit
699 372 205 81 plenitudo
840 372 158 81 gratiae-

307 485 191 59 VANTVM
441 485 115 59 ad
498 485 230 59 secundum
670 485 134 59 est
747 485 306 59 aduertendum,
976 485 115 59 quod

252 536 217 44 plenitudo
419 536 200 44 alicuius
569 536 117 44 rei
636 536 167 44 potest
753 536 234 44 dupliciter
920 536 167 44 conside-

232 570 121 47 rari
308 570 137 47 puta,
399 570 213 47 extensiuc,
566 570 76 47 &
596 570 213 47 intensiue.
763 570 91 47 Et
809 570 182 47 secundum
945 570 106 47 hoc
991 570 106 47 ponam

240 609 118 51 duas
314 609 250 51 conclusiones.
520 609 132 51 Prima
608 609 118 51 est,
682 609 118 51 quod
755 609 88 51 in
800 609 162 51 Christo
917 609 132 51 fuit,
1006 609 74 51 &
1020 609 74 51 ess

251 644 177 45 lenitudo
384 644 177 45 gratiae,
517 644 177 45 loquendo
650 644 89 45 de
695 644 222 45 plenitudine
872 644 207 45 extensiua.
1020 644 74 45 Se-

235 691 133 50 cunda
324 691 118 50 est,
397 691 118 50 quod
471 691 88 50 in
515 691 118 50 ipso
589 691 103 50 est
648 691 192 50 plenitudo
795 691 177 50 gratiae,
928 691 177 50 loquendo
1046 691 59 50 de

238 724 237 56 plenitudine
428 724 221 56 intensiua.
602 724 158 56 Primum
712 724 142 56 probo
791 724 95 56 sic-

248 765 71 43 1
276 765 113 43 Quia
347 765 142 43 nullus
446 765 128 43 actus
532 765 128 43 vitae
617 765 99 43 est
673 765 85 43 in
716 765 170 43 corpore,
844 765 113 43 nisi
915 765 128 43 prius
986 765 113 43 fuerit

232 800 84 47 in
274 800 154 47 capite:
386 800 98 47 sed
442 800 126 47 actus
527 800 210 47 cuiuscunque
695 800 154 47 gratiae
807 800 98 47 est
863 800 126 47 actus
948 800 126 47 vitae
1018 800 84 47 spi-

233 847 203 45 ritualis,
389 847 78 45 &
420 847 187 45 Christus
561 847 109 45 est
623 847 140 45 caput
716 847 218 45 ecclesiae,
888 847 78 45 &
919 847 156 45 omnium
1013 847 93 45 mem-

235 880 144 44 brorum
335 880 130 44 eius:
422 880 115 44 ergo
494 880 130 44 omnis
580 880 158 44 gratia,
695 880 115 44 siue
767 880 144 44 gratis
868 880 130 44 data,
954 880 115 44 siue
1012 880 86 44 gra-

248 924 104 39 tum
308 924 179 39 faciens,
442 924 134 39 fuit,
531 924 74 39 &
561 924 104 39 est
620 924 89 39 in
665 924 149 39 Domino
769 924 119 39 nesu
844 924 179 39 Christo.
978 924 89 39 Et
1008 924 89 39 ista

243 957 103 54 est
302 957 177 54 intentio
435 957 88 54 P.
479 957 118 54 Aug.
552 957 88 54 in
597 957 147 54 epist.
700 957 88 54 ad
744 957 191 54 Dardanum,
891 957 103 54 vbi
950 957 118 54 ait,
1009 957 88 54 quod

245 1000 133 62 sicut
334 1000 89 62 in
378 1000 148 62 capite
482 1000 118 62 sunt
556 1000 133 62 omnes
645 1000 163 62 sensus,
763 1000 104 62 sic
823 1000 89 62 in
867 1000 163 62 Christo
971 1000 133 62 fuerunt

252 1040 132 53 omnes
326 1040 132 53 gratiae

265 1051 71 70 2
293 1051 199 70 Praeterea,
449 1051 142 70 gratia
549 1051 114 70 fuit
620 1051 114 70 data
691 1051 170 70 Christo,
819 1051 85 70 vt
861 1051 199 70 vniuersali
1004 1051 99 70 salu-

247 1114 98 53 tis
303 1114 196 53 principio:
457 1114 112 53 ergo
526 1114 126 53 nulla
610 1114 140 53 specie
708 1114 140 53 ipsius
806 1114 154 53 gratiae
917 1114 168 53 Christus
1029 1114 70 53 de-

249 1161 134 52 bebat
339 1161 149 52 carere
443 1161 75 52 :
473 1161 119 52 ergo
532 1161 60 52 &c

281 1186 142 59 Forte
376 1186 189 59 dicetur,
518 1186 126 59 quod
596 1186 189 59 Christus
738 1186 110 59 non
801 1186 158 59 habuit
911 1186 173 59 gratiam
1022 1186 95 59 lin-

249 1243 188 42 guarum,
385 1243 85 42 &
420 1243 154 42 donum
522 1243 256 42 prophetiae:
727 1243 136 42 ergo
812 1243 119 42 non
880 1243 171 42 habuit
983 1243 119 42 omnem

248 1276 164 51 peciem
363 1276 181 51 gratiae
494 1276 164 51 gratis
609 1276 148 51 datae
708 1276 230 51 enumeratam
888 1276 99 51 ab
921 1276 181 51 Apostolo.

242 1319 131 46 quia
323 1319 229 46 diuersarum
503 1319 213 46 linguarum
667 1319 245 46 idiomatibus
863 1319 114 46 non
928 1319 213 46 vtebatur,

247 1354 74 59 &
277 1354 104 59 per
336 1354 208 59 consequens
500 1354 163 59 frustra
619 1354 163 59 fuisset
738 1354 134 59 talis
827 1354 163 59 habitus
946 1354 89 59 in
990 1354 104 59 eo,
1035 1354 74 59 nec

250 1391 169 55 umquam
369 1391 186 55 legitur
487 1391 220 55 prophetasse

292 1418 247 58 Respondeo:
486 1418 141 58 quod
574 1418 211 58 Christus
733 1418 176 58 habuit
856 1418 159 58 omnem
944 1418 159 58 gratiam

241 1469 225 51 linguarum:
418 1469 129 51 quia
498 1469 129 51 ipse
579 1469 145 51 nouit
675 1469 257 51 cogitationes
884 1469 193 51 hominum,
1013 1469 96 51 qua-

245 1506 109 53 rum
308 1506 249 53 cogitationum
510 1506 140 53 verba
603 1506 109 53 per
665 1506 171 53 linguas
789 1506 186 53 expressa
929 1506 124 53 sunt
991 1506 109 53 signa

252 1552 89 48 vt
297 1552 134 48 patet
386 1552 89 48 i,
430 1552 267 48 perihermenias:
653 1552 163 48 talibus
772 1552 134 48 tamen
861 1552 163 48 linguis
980 1552 104 48 non
1025 1552 74 48 vti

248 1582 163 53 batur:
362 1582 130 53 quia
443 1582 114 53 non
509 1582 130 53 erat
590 1582 245 53 opportunum,
786 1582 114 53 cum
851 1582 130 53 ipse
933 1582 114 53 non
982 1582 130 53 fuerit

240 1624 159 50 missus
351 1624 95 50 in
399 1624 159 50 mundum
510 1624 95 50 ad
557 1624 254 50 praedicandum
763 1624 190 50 Qentibus
906 1624 111 50 per
969 1624 95 50 se
1001 1624 111 50 ipsum

246 1663 205 51 immediate,
407 1663 103 51 sed
466 1663 146 51 missus
569 1663 132 51 erat,
657 1663 88 51 vt
700 1663 161 51 ipsemet
818 1663 146 51 dixit,
920 1663 88 51 ad
964 1663 132 51 oues,
1037 1663 59 51 qu

260 1712 204 45 perierant
417 1712 141 45 domus
511 1712 173 45 lsrael.
637 1712 157 45 Habuit
747 1712 141 45 etiam
841 1712 141 45 donum
920 1712 188 45 prophetiae

260 1739 127 63 quia
340 1739 223 63 clarissime
515 1739 239 63 prophetauit
705 1739 270 63 destructionem
912 1739 191 63 Hierusalem

249 1786 118 50 quae
323 1786 132 50 facta
411 1786 118 50 fuit
485 1786 147 50 postea
588 1786 103 50 per
647 1786 147 50 Titum,
750 1786 74 50 &
779 1786 250 50 vVespesianum,
985 1786 103 50 qui
1029 1786 74 50 eam

245 1828 257 40 circundabant,
457 1828 76 40 &
487 1828 257 40 coangustabant
699 1828 76 40 &
729 1828 91 40 ad
775 1828 151 40 terram
866 1828 242 40 prosternebant,

257 1861 112 51 nec
321 1861 96 51 in
369 1861 96 51 ea
416 1861 175 51 lapidem
544 1861 143 51 super
639 1861 175 51 lapidem
751 1861 223 51 relinquebant

254 1892 165 50 Habuit
369 1892 148 50 etiam
468 1892 264 50 plenitudinem
682 1892 181 50 gratiae
814 1892 231 50 intensiue.
995 1892 82 50 1
1011 1892 99 50 Quia

261 1943 138 49 sicut
353 1943 169 49 riuulus
475 1943 153 49 quanto
583 1943 230 49 propinquior
766 1943 153 49 fonti,
874 1943 138 49 tanto
950 1943 169 49 intensius

255 1976 75 51 &
285 1976 194 51 limpidius
434 1976 164 51 recipit
554 1976 224 51 influentiam
733 1976 164 51 sontis,
852 1976 105 51 sic
912 1976 179 51 Christus
1031 1976 75 51 por

256 2016 178 60 gratiam
385 2016 178 60 vnionis
514 2016 194 60 existens
660 2016 307 60 propinquissimus
918 2016 145 60 fonti
999 2016 113 60 omnis

274 2053 152 51 ratiae,
385 2053 125 51 puta,
468 2053 111 51 ipsi
537 2053 152 51 diuinae
648 2053 166 51 naturae,
772 2053 221 51 intensissime
952 2053 152 51 recepit
1049 2053 69 51 ha-

255 2092 136 56 bitum
346 2092 167 56 qiuinae
467 2092 182 56 gratiae.
603 2092 167 56 Propter
724 2092 121 56 quod
800 2092 136 56 dicit
891 2092 182 56 loannes.
1012 2092 106 56 Vidi-

254 2131 107 63 mus
315 2131 168 63 gloriam
437 2131 122 63 eius
513 2131 168 63 gloriam
636 2131 137 63 quasi
727 2131 199 63 vnigeniti
880 2131 76 63 a
910 2131 153 63 patre,
1002 2131 107 63 pleni

259 2180 159 54 gratiae,
378 2180 66 54 &
391 2180 146 54 vcritatis

268 2211 80 54 2
300 2211 225 54 Praeterea,
476 2211 176 54 propter
605 2211 128 54 quod
685 2211 128 54 vnum
765 2211 176 54 quodque
893 2211 144 54 tale,
990 2211 80 54 &
1006 2211 112 54 ipsum

250 2251 151 53 magis,
355 2251 90 53 Vt
401 2251 136 53 patet
491 2251 90 53 1.
536 2251 241 53 posteriorum:
732 2251 106 53 sed
793 2251 181 53 Christus
928 2251 90 53 in
958 2251 151 53 transfu-

245 2290 141 54 sione
339 2290 173 54 gratiae
465 2290 110 54 est
528 2290 188 54 mediator
669 2290 125 54 Dei,
747 2290 78 54 &
779 2290 188 54 hominum:
920 2290 110 54 cum
983 2290 125 54 ergo
1045 2290 63 54 al

261 2342 103 49 qui
320 2342 162 49 homines
438 2342 177 49 legantur
571 2342 148 49 fuisse
675 2342 148 49 gratia
778 2342 148 49 pleni,
882 2342 133 49 sicut
970 2342 133 49 virgo
1044 2342 74 49 Ma-

254 2376 118 45 ria,
328 2376 89 45 de
372 2376 103 45 qua
431 2376 133 45 dixit
520 2376 177 45 Angelus.
653 2376 103 45 Aue
712 2376 148 45 gratia
815 2376 148 45 plena.
918 2376 89 45 Et
948 2376 162 45 Hicronv.-

260 2404 103 59 mus
319 2404 118 59 ait.
393 2404 162 59 Ceteris
511 2404 103 59 per
569 2404 162 59 partes,
687 2404 147 59 Mariae
790 2404 132 59 autem
878 2404 118 59 tota
952 2404 88 59 se
982 2404 132 59 infudit

251 2450 166 55 gratiae
372 2450 211 55 plenitudo.
537 2450 90 55 Et
582 2450 90 55 de
628 2450 181 55 Stephano
763 2450 181 55 dicitur.
899 2450 196 55 Stephanus
1035 2450 75 55 au-

260 2493 106 46 tem
320 2493 151 46 plenus
426 2493 151 46 gratia
532 2493 75 46 &
562 2493 226 46 fortitudine
743 2493 75 46 :
773 2493 121 46 ergo
848 2493 196 46 sequitur,
999 2493 121 46 quod
1060 2493 60 46 in

263 2533 160 43 Christo
380 2533 145 43 fuerit
481 2533 145 43 gratia
583 2533 218 43 plenissime.
758 2533 131 43 Forte
845 2533 174 43 dicetur,
976 2533 116 43 quod
1034 2533 87 43 ple-

262 2561 144 56 nitudo
363 2561 159 56 gratiae
478 2561 116 56 sine
551 2561 217 56 plenitudine
724 2561 217 56 gratuitarum
897 2561 173 56 virtutum
1027 2561 116 56 esse

254 2611 104 47 non
314 2611 164 47 potest:
433 2611 104 47 sed
492 2611 89 47 in
537 2611 164 47 Christo
656 2611 104 47 non
715 2611 119 47 fuit
790 2611 193 47 plenitudo
924 2611 193 47 gratuitarum

263 2647 191 51 virtutum:
410 2647 117 51 quia
484 2647 88 51 in
528 2647 117 51 ipso
601 2647 103 51 non
660 2647 117 51 fuit
733 2647 147 51 fides:
836 2647 132 51 neque
924 2647 132 51 spes,
1012 2647 103 51 cum
1056 2647 59 51 in

261 2684 115 56 ipso
332 2684 144 56 fuerit
433 2684 129 56 clara
519 2684 144 56 visio,
620 2684 115 56 quae
692 2684 129 56 fidei
778 2684 187 56 repugnat,
922 2684 101 56 cum
979 2684 129 56 fides
1051 2684 72 56 sit

267 2721 174 60 credere,
398 2721 116 60 quod
471 2721 102 60 non
529 2721 145 60 vides:
631 2721 73 60 &
660 2721 174 60 perfecta
790 2721 174 60 fruitio,
921 2721 116 60 quae
994 2721 102 60 non
1037 2721 73 60 con

270 2764 164 50 patitur
390 2764 134 50 spem,
479 2764 105 50 cum
539 2764 119 50 spes
613 2764 105 50 sit
673 2764 105 50 rei
733 2764 194 50 absentis.
882 2764 209 50 Respondeo,
1031 2764 90 50 quod

264 2809 152 45 fides,
370 2809 76 45 &
401 2809 122 45 spes
477 2809 168 45 quamuis
599 2809 107 45 quo
660 2809 91 45 ad
706 2809 229 45 substantiam
888 2809 168 45 habitus
995 2809 122 45 dicant

267 2836 290 64 perfectionem,
506 2836 171 64 habent
626 2836 154 64 tamen
728 2836 188 64 quandam
848 2836 273 64 imperfectionem

264 2879 263 55 accidentaliter
484 2879 117 55 sibi
557 2879 161 55 annexam
674 2879 102 55 pro
732 2879 132 55 statu
820 2879 132 55 viae,
908 2879 102 55 qui
966 2879 102 55 est
1010 2879 117 55 status

258 2917 229 57 imperfectae
441 2917 183 57 gratiae,
578 2917 76 57 a
609 2917 107 57 qua
670 2917 259 57 imperfectione
883 2917 137 57 beati
959 2917 168 57 absoluun-

266 2957 92 53 tur
319 2957 79 53 in
358 2957 145 53 patria,
464 2957 92 53 vbi
517 2957 92 53 est
569 2957 132 53 status
662 2957 172 53 perfectae
794 2957 158 53 gratiae.
913 2957 79 53 Et
952 2957 106 53 ideo
1018 2957 79 53 in
1045 2957 79 53 Chri

261 2999 117 50 sto,
334 2999 102 50 qui
393 2999 102 50 sic
451 2999 117 50 fuit
525 2999 161 50 viator,
642 2999 117 50 quod
715 2999 132 50 verus
802 2999 117 50 fuit
875 2999 249 50 comprehensor,
1066 2999 58 50 in

272 3036 104 59 quo
331 3036 89 59 ab
376 3036 178 59 instanti
509 3036 118 59 suae
583 3036 237 59 conceptionis
776 3036 118 59 fuit
850 3036 252 59 perfectissima
1042 3036 89 59 gra-

273 3075 108 51 tia:
341 3075 135 51 fides,
436 3075 68 51 &
463 3075 122 51 spes,
544 3075 149 51 quantum
652 3075 81 51 ad
692 3075 135 51 illud,
787 3075 108 51 quod
855 3075 122 51 inest
922 3075 203 51 perfectionis.

263 3118 156 49 semper
372 3118 187 49 fuerunt,
513 3118 171 49 quamuis
637 3118 171 49 numquam
762 3118 171 49 fuerint
886 3118 93 49 in
933 3118 109 49 eo,
980 3118 140 49 quantun

269 3162 95 55 ad
317 3162 300 55 imperfectionem,
570 3162 126 55 quam
649 3162 206 55 implicant
807 3162 95 55 in
854 3162 190 55 simplici
981 3162 142 55 viatore

1155 267 110 69 Hoc
1218 267 141 69 tamen
1312 267 94 69 ad
1360 267 189 69 praesens
1501 267 189 69 transeo:
1642 267 126 69 quia
1721 267 126 69 hanc
1799 267 220 69 sententiam

1131 331 191 43 prolixius
1279 331 177 43 tractaui
1411 331 88 43 in
1455 331 162 43 prologo
1573 331 133 43 primi
1661 331 147 43 libri,
1750 331 206 43 quaestione3.

1126 360 108 66 ET
1180 360 108 66 EO
1234 360 126 66 DEM
1305 360 144 66 modo
1395 360 215 66 possumus
1557 360 269 66 distinguere
1772 360 108 66 de
1826 360 179 66 gratia
1933 360 72 66 v-

1118 410 157 55 nionis;
1232 410 114 55 quia
1303 410 114 55 ipsa
1375 410 114 55 fuit
1446 410 185 55 extensiue
1589 410 200 55 plenissima
1745 410 86 55 in
1788 410 171 55 Christo:
1902 410 86 55 quia

1130 449 128 44 ista
1210 449 128 44 vnio
1290 449 192 44 includit
1434 449 144 44 omnem
1530 449 144 44 aliam
1626 449 192 44 vnionem,
1770 449 112 44 qua
1834 449 128 44 Deus
1898 449 96 44 vni-

1120 493 110 53 tur
1183 493 221 53 creaturae,
1357 493 79 53 &
1388 493 110 53 per
1452 493 221 53 consequens
1625 493 189 53 includit
1767 493 142 53 omnem
1846 493 142 53 gratiam

1122 529 177 42 vnionis:
1255 529 103 42 nam
1314 529 103 42 cum
1373 529 118 42 vnio
1447 529 118 42 ista
1520 529 147 42 suerit
1623 529 221 42 personalis:
1800 529 118 42 ideo
1859 529 133 42 necessa

1128 571 106 48 rio
1188 571 258 48 praesupponit,
1401 571 121 48 siue
1477 571 182 48 includit
1613 571 182 48 vnionem,
1749 571 106 48 qua
1810 571 121 48 Deus
1871 571 121 48 vnitur

1132 611 195 50 creaturis
1282 611 105 50 per
1342 611 105 50 sui
1402 611 240 50 praesentiam,
1598 611 210 50 potentiam,
1763 611 75 50 &
1793 611 210 50 essentiam,
1943 611 45 50 &

1133 646 108 58 sic
1194 646 92 58 de
1240 646 138 58 aliis
1332 646 154 58 modis,
1440 646 154 58 quibus
1547 646 123 58 Deus
1624 646 138 58 vniri
1716 646 200 58 consueuit
1855 646 138 58 homini-

1135 691 114 55 bus,
1206 691 114 55 siue
1277 691 85 55 in
1320 691 100 55 via
1377 691 100 55 per
1434 691 171 55 gratiam:
1562 691 114 55 siue
1633 691 85 55 in
1676 691 142 55 patria
1775 691 100 55 per
1818 691 128 55 gloriam

1134 728 123 38 EVIT
1210 728 138 38 etiam
1302 728 92 38 in
1348 728 169 38 Christo
1471 728 153 38 gratia
1579 728 169 38 vnionis
1701 728 230 38 plenissima,
1870 728 123 38 loquen

1128 765 98 43 do
1177 765 98 43 de
1226 765 246 43 plenitudine
1423 765 230 43 intensiue.
1603 765 131 43 Quia
1685 765 164 43 quanto
1800 765 164 43 aliqua
1899 765 98 43 sunt

1137 804 216 53 perfectius,
1310 804 72 53 &
1338 804 202 53 gratiosius
1497 804 144 53 vnita,
1598 804 130 53 tanto
1684 804 130 53 minus
1771 804 115 53 sunt
1843 804 86 53 ab
1872 804 115 53 inuiqu

1129 840 249 44 separabilia:
1332 840 109 44 sed
1394 840 172 44 quamuis
1519 840 125 44 mors
1597 840 234 44 separauerit
1784 840 156 44 animam
1878 840 109 44 Chri-

1131 883 108 51 sti
1192 883 77 51 a
1223 883 170 51 proprio
1347 883 185 51 corpore,
1486 883 139 51 tamen
1579 883 108 51 tam
1641 883 93 51 in
1687 883 155 51 morte,
1795 883 124 51 quam
1872 883 93 51 in
1903 883 93 51 vita

1128 920 77 48 a
1158 920 170 48 deitate
1282 920 170 48 numquam
1406 920 124 48 fuit
1483 920 201 48 separata:
1638 920 124 48 ergo
1715 920 247 48 intensissima
1900 920 93 48 fuit

1138 959 113 41 illa
1209 959 128 41 vnio,
1294 959 71 41 &
1322 959 99 41 per
1379 959 198 41 consequens
1535 959 142 41 gratia
1634 959 170 41 vnionis.
1761 959 85 41 Et
1804 959 113 41 ista
1875 959 99 41 est
1917 959 71 41 in-

1134 1000 149 55 tentio
1238 1000 134 55 beati
1328 1000 134 55 bern.
1417 1000 134 55 libro
1506 1000 89 55 3.
1551 1000 89 55 de
1595 1000 268 55 consideratione
1818 1000 89 55 ad
1848 1000 149 55 Fugenisi

1140 1039 107 43 vbi
1201 1039 122 43 ait.
1277 1039 137 43 Inter
1368 1039 152 43 omnia,
1475 1039 122 43 quae
1551 1039 122 43 vnum
1627 1039 183 43 dicuntur
1764 1039 137 43 arcem
1856 1039 137 43 tenet
1932 1039 61 43 v-

1147 1075 111 45 itas
1216 1075 208 45 trinitatis,
1383 1075 97 45 qua
1438 1075 111 45 tres
1508 1075 166 45 personae
1632 1075 97 45 vna
1688 1075 194 45 substantia
1840 1075 125 45 sunt,
1910 1075 83 45 secu

1144 1116 81 52 do
1185 1116 122 52 loco,
1266 1116 108 52 illa
1334 1116 108 52 vnio
1402 1116 203 52 praecellit,
1564 1116 95 52 qua
1618 1116 108 52 tres
1686 1116 203 52 substantiae
1848 1116 81 52 in
1875 1116 122 52 Christo

1133 1156 112 56 vna
1197 1156 177 56 persona
1310 1156 96 56 sunt

1261 1221 541 85 ARTICLVS
1622 1221 225 85 IIL

1235 1303 144 91 Vtrum
1331 1303 208 91 huiusmodi
1491 1303 160 91 gratia
1604 1303 160 91 fuerit
1716 1303 208 91 infinita.

1154 1420 199 50 SVANTVM
1299 1420 109 50 ad
1353 1420 199 50 tertium
1498 1420 235 50 articulum
1679 1420 145 50 dico
1770 1420 181 50 primo,
1878 1420 109 50 quod

1154 1471 237 35 absolute,
1336 1471 91 35 &
1373 1471 274 35 simpliciter
1592 1471 219 35 loquendo
1756 1471 109 35 de
1792 1471 201 35 infinito,

1140 1498 116 57 tunc
1213 1498 102 57 nec
1271 1498 146 57 gtatia
1373 1498 218 57 habitualis,
1548 1498 102 57 nec
1606 1498 146 57 gtatia
1708 1498 160 57 vnionis
1825 1498 87 57 in
1854 1498 131 57 Christi

1138 1538 135 53 debet
1228 1538 120 53 dici
1288 1538 165 53 infinita.

1151 1576 82 48 1
1183 1576 131 48 Quia
1265 1576 131 48 omne
1347 1576 180 48 creatum
1478 1576 115 48 est
1544 1576 197 48 finitum:
1692 1576 115 48 sed
1757 1576 115 48 tam
1823 1576 164 48 gratia
1921 1576 82 48 ha-

1143 1620 190 53 bitualis,
1290 1620 117 53 quam
1363 1620 146 53 gratia
1465 1620 161 53 vnionis
1583 1620 161 53 Christi
1700 1620 102 53 est
1758 1620 117 53 quid
1831 1620 176 53 creatum,
1948 1620 59 53 vt

1152 1660 132 45 atuit
1240 1660 88 45 in
1285 1660 132 45 primo
1373 1660 191 45 articulo:
1520 1660 118 45 ergo
1579 1660 73 45 &c.

1164 1693 76 52 2
1194 1693 213 52 Praeterea,
1362 1693 137 52 omne,
1453 1693 122 52 quod
1530 1693 213 52 subiectiue
1697 1693 183 52 fundatur
1834 1693 91 52 in
1880 1693 91 52 re
1911 1693 91 52 crea

1144 1732 100 45 ta,
1201 1732 72 45 &
1230 1732 158 45 finita,
1345 1732 100 45 est
1402 1732 172 45 finitum:
1531 1732 100 45 sed
1589 1732 201 45 praedictae
1747 1732 158 45 gratiae
1847 1732 158 45 fundantur

1149 1775 200 43 subiectiue
1306 1775 86 43 in
1349 1775 86 43 re
1392 1775 157 43 finita,
1506 1775 114 43 puta
1577 1775 86 43 in
1620 1775 129 43 anima
1706 1775 171 43 Christi,
1835 1775 100 43 vel
1892 1775 86 43 in
1920 1775 86 43 huma

1146 1812 153 55 nitate
1253 1812 138 55 eius:
1345 1812 123 55 ergo
1422 1812 107 55 &c.
1483 1812 138 55 Minor
1575 1812 138 55 patet
1667 1812 92 55 ex
1713 1812 276 55 precedentibus.
1928 1812 77 55 Ma-

1142 1862 140 40 iorem
1236 1862 156 40 probo:
1345 1862 125 40 quia
1423 1862 140 40 omnis
1517 1862 218 40 subiectiua
1688 1862 203 40 capacitas
1828 1862 172 40 creaturae

1140 1892 104 45 est
1200 1892 163 45 finita,
1318 1892 74 45 &
1348 1892 104 45 per
1407 1892 208 45 consequens
1571 1892 178 45 repletur
1704 1892 223 45 perfectione
1867 1892 134 45 finita;

1149 1932 136 54 ergo
1217 1932 68 54 &c

1162 1970 83 53 3
1196 1970 215 53 Preterea,
1361 1970 149 53 radix
1460 1970 182 53 merendi
1593 1970 99 53 in
1642 1970 165 53 aliquo
1758 1970 116 53 non
1824 1970 182 53 excedit
1940 1970 66 53 ma

1155 2008 209 53 gnitudinem
1319 2008 105 53 sui
1379 2008 179 53 praemis:
1513 2008 105 53 sed
1573 2008 134 53 radix
1663 2008 164 53 merendi
1782 2008 105 53 est
1842 2008 164 53 gratia,
1961 2008 75 53 &

1140 2055 152 43 animae
1246 2055 167 43 Christi
1368 2055 182 43 praemium
1504 2055 106 43 non
1565 2055 121 43 fuit
1641 2055 228 43 simpliciter
1823 2055 213 43 infinitum,

1144 2088 128 48 alias
1229 2088 185 48 beatitudo
1371 2088 185 48 creaturae
1513 2088 170 48 aequalis
1641 2088 156 48 fuisset
1755 2088 213 48 beatitudini
1911 2088 85 48 crea

1147 2134 140 43 toris:
1245 2134 112 43 ergo
1315 2134 98 43 nec
1371 2134 140 43 gratia
1469 2134 154 43 Christi
1582 2134 112 43 fuit
1652 2134 210 43 simpliciter
1806 2134 154 43 infinita.

1181 2164 130 51 FORTE
1267 2164 173 51 dicetur,
1397 2164 115 51 quod
1469 2164 130 51 illud
1556 2164 115 51 quod
1628 2164 101 51 est
1686 2164 115 51 sine
1758 2164 173 51 mensura,
1888 2164 101 51 est
1931 2164 72 51 im-

1152 2197 172 57 mensum,
1277 2197 78 57 &
1309 2197 109 57 per
1371 2197 219 57 consequens
1543 2197 219 57 infinitum:
1715 2197 156 57 gratia
1824 2197 172 57 Christi
1934 2197 78 57 est

1140 2243 119 48 sine
1215 2243 179 48 mensura:
1349 2243 119 48 quia
1424 2243 134 48 datus
1513 2243 105 48 est
1573 2243 90 48 ei
1618 2243 179 48 spiritus
1752 2243 105 48 non
1812 2243 90 48 ad
1842 2243 164 48 mensuram,

1156 2284 85 53 vt
1198 2284 127 53 patet
1283 2284 127 53 soan.
1368 2284 85 53 3.
1411 2284 113 53 ergo
1467 2284 71 53 &c.

1160 2322 80 46 2
1192 2322 225 46 Praeterea,
1369 2322 128 46 omne
1449 2322 177 46 finitum
1577 2322 209 46 aliquando
1738 2322 209 46 adaequate
1883 2322 128 46 attin-

1164 2362 123 47 itur
1241 2362 108 47 per
1302 2362 185 47 continum
1441 2362 200 47 augmentum
1595 2362 185 47 alterius
1734 2362 108 47 rei
1795 2362 185 47 finitae:
1934 2362 108 47 sed

1146 2400 187 53 secundum
1287 2400 187 53 doctores
1427 2400 156 53 gratia
1537 2400 172 53 nullius
1662 2400 156 53 sancti
1771 2400 203 53 quamlibet
1911 2400 94 53 augo

1146 2440 162 47 retur,
1259 2440 178 47 numquam
1388 2440 146 47 tamen
1485 2440 226 47 attingeret
1663 2440 97 47 ad
1712 2440 259 47 plenitudinem
1906 2440 97 47 gra-

1153 2479 114 51 tiae
1224 2479 172 51 Christi:
1353 2479 114 51 ergo
1424 2479 100 51 non
1481 2479 172 51 videtur,
1610 2479 114 51 quod
1682 2479 143 51 gratia
1782 2479 157 51 Christi
1896 2479 100 51 sit
1939 2479 57 51 fi

1143 2521 176 45 nita..
1267 2521 194 45 PROPTER
1407 2521 158 45 istas
1513 2521 176 45 igitur
1636 2521 88 45 &
1672 2521 246 45 consimiles
1848 2521 158 45 instan-

1151 2563 127 48 tias
1231 2563 127 48 pono
1310 2563 191 48 secundam
1453 2563 270 48 conclusionem,
1675 2563 191 48 scilicet
1818 2563 127 48 quod
1882 2563 127 48 gratia

1148 2595 171 50 Christi
1273 2595 186 50 secundum
1413 2595 140 50 quid,
1506 2595 78 50 &
1537 2595 233 50 comparatiue
1723 2595 155 50 potest
1832 2595 124 50 dici
1894 2595 109 50 infi-

1153 2637 154 47 nita,
1255 2637 85 47 &
1290 2637 120 47 hoc
1358 2637 171 47 maxime
1478 2637 205 47 loquendo
1631 2637 103 47 de
1683 2637 171 47 gratia
1785 2637 154 47 vnionis

1157 2680 88 47 QV
1201 2680 88 47 1A
1246 2680 133 47 sicut
1334 2680 147 47 linea,
1437 2680 162 47 quamuis
1555 2680 88 47 de
1599 2680 103 47 se,
1658 2680 74 47 &
1688 2680 88 47 in
1732 2680 88 47 se
1776 2680 103 47 sit
1835 2680 162 47 finita,
1938 2680 74 47 per

1145 2714 286 51 comparationem
1381 2714 152 51 tamen
1482 2714 101 51 ad
1533 2714 185 51 punctum
1667 2714 185 51 dicitur
1802 2714 219 51 infinita:
1954 2714 67 51 eo

1153 2761 134 44 quod
1237 2761 184 44 punctus
1371 2761 167 44 nullam
1488 2761 268 44 proportionem
1705 2761 167 44 habeat
1822 2761 100 44 ad
1856 2761 150 44 lincam.

1150 2804 194 41 numquam
1292 2804 141 41 enim
1380 2804 194 41 punctus
1521 2804 176 41 lineae
1644 2804 318 41 commensuratur,
1891 2804 124 41 quam-

1158 2835 191 59 uiscunque
1305 2835 161 59 saepius
1422 2835 220 59 replicetur,
1598 2835 103 59 sic
1657 2835 147 59 gratia
1759 2835 191 59 ceterorum
1891 2835 132 59 sancto-

1151 2879 132 45 rum
1208 2879 75 45 &c

1196 2888 99 76 ET
1245 2888 115 76 PER
1311 2888 115 76 hoc
1377 2888 148 76 patet
1476 2888 99 76 ad
1525 2888 247 76 instantias.
1723 2888 165 76 Potest
1838 2888 148 76 etiam
1921 2888 82 76 di-

1161 2951 102 43 ci,
1220 2951 116 43 quod
1292 2951 116 43 illa
1365 2951 204 43 auctoritas
1525 2951 160 43 loannis
1642 2951 102 43 est
1700 2951 233 43 intelligenda
1890 2951 87 43 de
1919 2951 87 43 gra-

1158 2988 105 48 tia
1218 2988 195 48 increata,
1368 2988 135 48 puta,
1457 2988 90 48 de
1502 2988 150 48 diuina
1607 2988 165 48 natura,
1727 2988 105 48 cui
1787 2988 120 48 fuit
1846 2988 165 48 humanitas

1160 3030 151 41 Christi
1270 3030 246 41 suppositaliter
1475 3030 137 41 vnita,
1571 3030 151 41 secudum
1680 3030 96 41 quo
1735 3030 82 41 ad
1776 3030 123 41 donu.
1858 3030 137 41 Datum.
1941 3030 68 41 nim

1157 3064 102 55 est
1216 3064 87 55 ei
1259 3064 145 55 nomen,
1361 3064 116 55 quod
1433 3064 73 55 e
1463 3064 131 55 super
1550 3064 116 55 omne
1622 3064 145 55 nomen,
1724 3064 87 55 vt
1768 3064 102 55 ait
1826 3064 203 55 Apostolus.

1163 3106 195 43 Accipitur
1313 3106 135 43 etiam
1404 3106 195 43 quandoque
1554 3106 195 43 infinitum
1704 3106 105 43 pro
1764 3106 105 43 eo,
1825 3106 120 43 quod
1900 3106 105 43 est
1945 3106 90 43 vis.

1170 3143 161 65 initum,
1288 3143 117 65 siue
1361 3143 117 65 quod
1434 3143 103 65 vix
1493 3143 147 65 potest
1596 3143 161 65 finiri,
1713 3143 88 65 vt
1757 3143 132 65 patet
1845 3143 88 65 3.
1889 3143 132 65 phys.
1962 3143 59 65 Et
