<?xml version="1.0" encoding="UTF-8"?>
<alto xmlns:xsi="http://www.w3.org/2001/XMLSchema-instance"
      xmlns="http://www.loc.gov/standards/alto/ns-v2#"
      xmlns:page="http://schema.primaresearch.org/PAGE/gts/pagecontent/2013-07-15"
      xsi:schemaLocation="http://www.loc.gov/standards/alto/ns-v2# http://www.loc.gov/standards/alto/alto.xsd">
   <Description>
      <MeasurementUnit>pixel</MeasurementUnit>
      <OCRProcessing ID="IdOcr">
         <ocrProcessingStep>
            <processingDateTime>2020-10-28T20:25:30.15-04:00</processingDateTime>
            <processingSoftware>
               <softwareCreator>READ COOP</softwareCreator>
               <softwareName>Transkribus</softwareName>
            </processingSoftware>
         </ocrProcessingStep>
      </OCRProcessing>
   </Description>
   <Tags/>
   <Layout>
      <Page ID="Page1" PHYSICAL_IMG_NR="1" HEIGHT="3547" WIDTH="2402">
         <TopMargin HEIGHT="0" WIDTH="2402" VPOS="0" HPOS="0"/>
         <LeftMargin HEIGHT="3547" WIDTH="0" VPOS="0" HPOS="0"/>
         <RightMargin HEIGHT="3547" WIDTH="0" VPOS="0" HPOS="2402"/>
         <BottomMargin HEIGHT="0" WIDTH="2402" VPOS="3547" HPOS="0"/>
         <PrintSpace HEIGHT="3547" WIDTH="2402" VPOS="0" HPOS="0">
            <TextBlock ID="r2" HEIGHT="2969" WIDTH="870" VPOS="238" HPOS="197">
               <Shape>
                  <Polygon POINTS="197,238 197,3207 1067,3207 1067,238"/>
               </Shape>
               <TextLine ID="r2l2"
                         BASELINE="336"
                         HEIGHT="63"
                         WIDTH="850"
                         VPOS="273"
                         HPOS="210">
                  <String HEIGHT="63"
                          WIDTH="131"
                          VPOS="273"
                          HPOS="194"
                          CONTENT="tat,"/>
                  <SP HEIGHT="63" WIDTH="16" VPOS="273" HPOS="324"/>
                  <String HEIGHT="63" WIDTH="114" VPOS="273" HPOS="275" CONTENT="vel"/>
                  <SP HEIGHT="63" WIDTH="16" VPOS="273" HPOS="390"/>
                  <String HEIGHT="63"
                          WIDTH="147"
                          VPOS="273"
                          HPOS="341"
                          CONTENT="vtrum"/>
                  <SP HEIGHT="63" WIDTH="16" VPOS="273" HPOS="488"/>
                  <String HEIGHT="63"
                          WIDTH="213"
                          VPOS="273"
                          HPOS="439"
                          CONTENT="quandoque"/>
                  <SP HEIGHT="63" WIDTH="16" VPOS="273" HPOS="651"/>
                  <String HEIGHT="63" WIDTH="114" VPOS="273" HPOS="602" CONTENT="sit"/>
                  <SP HEIGHT="63" WIDTH="16" VPOS="273" HPOS="717"/>
                  <String HEIGHT="63"
                          WIDTH="180"
                          VPOS="273"
                          HPOS="668"
                          CONTENT="futura,"/>
                  <SP HEIGHT="63" WIDTH="16" VPOS="273" HPOS="848"/>
                  <String HEIGHT="63" WIDTH="114" VPOS="273" HPOS="798" CONTENT="vel"/>
                  <SP HEIGHT="63" WIDTH="16" VPOS="273" HPOS="913"/>
                  <String HEIGHT="63"
                          WIDTH="180"
                          VPOS="273"
                          HPOS="864"
                          CONTENT="numquam"/>
                  <SP HEIGHT="63" WIDTH="16" VPOS="273" HPOS="1044"/>
                  <String HEIGHT="63" WIDTH="82" VPOS="273" HPOS="978" CONTENT="sit"/>
               </TextLine>
               <TextLine ID="r2l3"
                         BASELINE="379"
                         HEIGHT="43"
                         WIDTH="860"
                         VPOS="336"
                         HPOS="202">
                  <String HEIGHT="43"
                          WIDTH="175"
                          VPOS="336"
                          HPOS="186"
                          CONTENT="futura,"/>
                  <SP HEIGHT="43" WIDTH="16" VPOS="336" HPOS="361"/>
                  <String HEIGHT="43" WIDTH="111" VPOS="336" HPOS="313" CONTENT="hoc"/>
                  <SP HEIGHT="43" WIDTH="16" VPOS="336" HPOS="425"/>
                  <String HEIGHT="43" WIDTH="111" VPOS="336" HPOS="377" CONTENT="non"/>
                  <SP HEIGHT="43" WIDTH="16" VPOS="336" HPOS="489"/>
                  <String HEIGHT="43"
                          WIDTH="159"
                          VPOS="336"
                          HPOS="441"
                          CONTENT="videt:"/>
                  <SP HEIGHT="43" WIDTH="16" VPOS="336" HPOS="600"/>
                  <String HEIGHT="43" WIDTH="111" VPOS="336" HPOS="552" CONTENT="eo,"/>
                  <SP HEIGHT="43" WIDTH="16" VPOS="336" HPOS="664"/>
                  <String HEIGHT="43"
                          WIDTH="127"
                          VPOS="336"
                          HPOS="616"
                          CONTENT="quod"/>
                  <SP HEIGHT="43" WIDTH="16" VPOS="336" HPOS="743"/>
                  <String HEIGHT="43"
                          WIDTH="175"
                          VPOS="336"
                          HPOS="696"
                          CONTENT="diuinam"/>
                  <SP HEIGHT="43" WIDTH="16" VPOS="336" HPOS="871"/>
                  <String HEIGHT="43"
                          WIDTH="223"
                          VPOS="336"
                          HPOS="823"
                          CONTENT="voluntatem"/>
                  <SP HEIGHT="43" WIDTH="16" VPOS="336" HPOS="1046"/>
                  <String HEIGHT="43" WIDTH="80" VPOS="336" HPOS="982" CONTENT="non"/>
               </TextLine>
               <TextLine ID="r2l4"
                         BASELINE="416"
                         HEIGHT="44"
                         WIDTH="849"
                         VPOS="372"
                         HPOS="204">
                  <String HEIGHT="44"
                          WIDTH="289"
                          VPOS="372"
                          HPOS="187"
                          CONTENT="comprehendat,"/>
                  <SP HEIGHT="44" WIDTH="17" VPOS="372" HPOS="476"/>
                  <String HEIGHT="44" WIDTH="85" VPOS="372" HPOS="425" CONTENT="a"/>
                  <SP HEIGHT="44" WIDTH="17" VPOS="372" HPOS="510"/>
                  <String HEIGHT="44" WIDTH="119" VPOS="372" HPOS="459" CONTENT="qua"/>
                  <SP HEIGHT="44" WIDTH="17" VPOS="372" HPOS="578"/>
                  <String HEIGHT="44" WIDTH="119" VPOS="372" HPOS="527" CONTENT="res"/>
                  <SP HEIGHT="44" WIDTH="17" VPOS="372" HPOS="645"/>
                  <String HEIGHT="44"
                          WIDTH="238"
                          VPOS="372"
                          HPOS="595"
                          CONTENT="dependent,"/>
                  <SP HEIGHT="44" WIDTH="17" VPOS="372" HPOS="832"/>
                  <String HEIGHT="44"
                          WIDTH="187"
                          VPOS="372"
                          HPOS="781"
                          CONTENT="quantum"/>
                  <SP HEIGHT="44" WIDTH="17" VPOS="372" HPOS="968"/>
                  <String HEIGHT="44" WIDTH="102" VPOS="372" HPOS="917" CONTENT="ad"/>
                  <SP HEIGHT="44" WIDTH="17" VPOS="372" HPOS="1019"/>
                  <String HEIGHT="44"
                          WIDTH="102"
                          VPOS="372"
                          HPOS="951"
                          CONTENT="suam"/>
               </TextLine>
               <TextLine ID="r2l5"
                         BASELINE="463"
                         HEIGHT="51"
                         WIDTH="861"
                         VPOS="412"
                         HPOS="200">
                  <String HEIGHT="51"
                          WIDTH="265"
                          VPOS="412"
                          HPOS="183"
                          CONTENT="existentiam."/>
                  <SP HEIGHT="51" WIDTH="17" VPOS="412" HPOS="448"/>
                  <String HEIGHT="51"
                          WIDTH="132"
                          VPOS="412"
                          HPOS="399"
                          CONTENT="Deus"/>
                  <SP HEIGHT="51" WIDTH="17" VPOS="412" HPOS="531"/>
                  <String HEIGHT="51"
                          WIDTH="149"
                          VPOS="412"
                          HPOS="481"
                          CONTENT="autem"/>
                  <SP HEIGHT="51" WIDTH="17" VPOS="412" HPOS="631"/>
                  <String HEIGHT="51"
                          WIDTH="149"
                          VPOS="412"
                          HPOS="581"
                          CONTENT="nouit"/>
                  <SP HEIGHT="51" WIDTH="17" VPOS="412" HPOS="730"/>
                  <String HEIGHT="51" WIDTH="116" VPOS="412" HPOS="680" CONTENT="res"/>
                  <SP HEIGHT="51" WIDTH="17" VPOS="412" HPOS="796"/>
                  <String HEIGHT="51" WIDTH="116" VPOS="412" HPOS="746" CONTENT="non"/>
                  <SP HEIGHT="51" WIDTH="17" VPOS="412" HPOS="862"/>
                  <String HEIGHT="51"
                          WIDTH="166"
                          VPOS="412"
                          HPOS="813"
                          CONTENT="solum,"/>
                  <SP HEIGHT="51" WIDTH="17" VPOS="412" HPOS="978"/>
                  <String HEIGHT="51"
                          WIDTH="149"
                          VPOS="412"
                          HPOS="912"
                          CONTENT="quantum"/>
               </TextLine>
               <TextLine ID="r2l6"
                         BASELINE="505"
                         HEIGHT="48"
                         WIDTH="859"
                         VPOS="457"
                         HPOS="201">
                  <String HEIGHT="48" WIDTH="87" VPOS="457" HPOS="186" CONTENT="ad"/>
                  <SP HEIGHT="48" WIDTH="15" VPOS="457" HPOS="274"/>
                  <String HEIGHT="48"
                          WIDTH="146"
                          VPOS="457"
                          HPOS="230"
                          CONTENT="illud,"/>
                  <SP HEIGHT="48" WIDTH="15" VPOS="457" HPOS="376"/>
                  <String HEIGHT="48"
                          WIDTH="116"
                          VPOS="457"
                          HPOS="332"
                          CONTENT="quod"/>
                  <SP HEIGHT="48" WIDTH="15" VPOS="457" HPOS="449"/>
                  <String HEIGHT="48"
                          WIDTH="131"
                          VPOS="457"
                          HPOS="405"
                          CONTENT="sunt,"/>
                  <SP HEIGHT="48" WIDTH="15" VPOS="457" HPOS="536"/>
                  <String HEIGHT="48" WIDTH="102" VPOS="457" HPOS="492" CONTENT="sed"/>
                  <SP HEIGHT="48" WIDTH="15" VPOS="457" HPOS="594"/>
                  <String HEIGHT="48"
                          WIDTH="131"
                          VPOS="457"
                          HPOS="550"
                          CONTENT="etiam"/>
                  <SP HEIGHT="48" WIDTH="15" VPOS="457" HPOS="681"/>
                  <String HEIGHT="48"
                          WIDTH="146"
                          VPOS="457"
                          HPOS="638"
                          CONTENT="nouit,"/>
                  <SP HEIGHT="48" WIDTH="15" VPOS="457" HPOS="783"/>
                  <String HEIGHT="48" WIDTH="87" VPOS="457" HPOS="740" CONTENT="an"/>
                  <SP HEIGHT="48" WIDTH="15" VPOS="457" HPOS="827"/>
                  <String HEIGHT="48"
                          WIDTH="116"
                          VPOS="457"
                          HPOS="783"
                          CONTENT="sint"/>
                  <SP HEIGHT="48" WIDTH="15" VPOS="457" HPOS="900"/>
                  <String HEIGHT="48" WIDTH="87" VPOS="457" HPOS="856" CONTENT="in"/>
                  <SP HEIGHT="48" WIDTH="15" VPOS="457" HPOS="944"/>
                  <String HEIGHT="48"
                          WIDTH="175"
                          VPOS="457"
                          HPOS="885"
                          CONTENT="praesenti,"/>
               </TextLine>
               <TextLine ID="r2l7"
                         BASELINE="533"
                         HEIGHT="36"
                         WIDTH="849"
                         VPOS="497"
                         HPOS="204">
                  <String HEIGHT="36" WIDTH="104" VPOS="497" HPOS="189" CONTENT="vel"/>
                  <SP HEIGHT="36" WIDTH="15" VPOS="497" HPOS="293"/>
                  <String HEIGHT="36"
                          WIDTH="164"
                          VPOS="497"
                          HPOS="249"
                          CONTENT="futurae"/>
                  <SP HEIGHT="36" WIDTH="15" VPOS="497" HPOS="413"/>
                  <String HEIGHT="36"
                          WIDTH="194"
                          VPOS="497"
                          HPOS="368"
                          CONTENT="existant:"/>
                  <SP HEIGHT="36" WIDTH="15" VPOS="497" HPOS="561"/>
                  <String HEIGHT="36"
                          WIDTH="119"
                          VPOS="497"
                          HPOS="517"
                          CONTENT="quia"/>
                  <SP HEIGHT="36" WIDTH="15" VPOS="497" HPOS="636"/>
                  <String HEIGHT="36"
                          WIDTH="119"
                          VPOS="497"
                          HPOS="591"
                          CONTENT="Deus"/>
                  <SP HEIGHT="36" WIDTH="15" VPOS="497" HPOS="710"/>
                  <String HEIGHT="36" WIDTH="104" VPOS="497" HPOS="666" CONTENT="non"/>
                  <SP HEIGHT="36" WIDTH="15" VPOS="497" HPOS="770"/>
                  <String HEIGHT="36"
                          WIDTH="134"
                          VPOS="497"
                          HPOS="725"
                          CONTENT="solum"/>
                  <SP HEIGHT="36" WIDTH="15" VPOS="497" HPOS="859"/>
                  <String HEIGHT="36"
                          WIDTH="134"
                          VPOS="497"
                          HPOS="815"
                          CONTENT="nouit"/>
                  <SP HEIGHT="36" WIDTH="15" VPOS="497" HPOS="949"/>
                  <String HEIGHT="36"
                          WIDTH="164"
                          VPOS="497"
                          HPOS="889"
                          CONTENT="essentiam"/>
               </TextLine>
               <TextLine ID="r2l8"
                         BASELINE="577"
                         HEIGHT="47"
                         WIDTH="856"
                         VPOS="530"
                         HPOS="196">
                  <String HEIGHT="47"
                          WIDTH="124"
                          VPOS="530"
                          HPOS="182"
                          CONTENT="suam,"/>
                  <SP HEIGHT="47" WIDTH="14" VPOS="530" HPOS="306"/>
                  <String HEIGHT="47" WIDTH="83" VPOS="530" HPOS="265" CONTENT="vt"/>
                  <SP HEIGHT="47" WIDTH="14" VPOS="530" HPOS="348"/>
                  <String HEIGHT="47"
                          WIDTH="138"
                          VPOS="530"
                          HPOS="306"
                          CONTENT="reprae"/>
                  <SP HEIGHT="47" WIDTH="14" VPOS="530" HPOS="445"/>
                  <String HEIGHT="47"
                          WIDTH="152"
                          VPOS="530"
                          HPOS="403"
                          CONTENT="sentant"/>
                  <SP HEIGHT="47" WIDTH="14" VPOS="530" HPOS="555"/>
                  <String HEIGHT="47" WIDTH="97" VPOS="530" HPOS="514" CONTENT="res"/>
                  <SP HEIGHT="47" WIDTH="14" VPOS="530" HPOS="610"/>
                  <String HEIGHT="47"
                          WIDTH="207"
                          VPOS="530"
                          HPOS="569"
                          CONTENT="necessario,"/>
                  <SP HEIGHT="47" WIDTH="14" VPOS="530" HPOS="776"/>
                  <String HEIGHT="47"
                          WIDTH="152"
                          VPOS="530"
                          HPOS="734"
                          CONTENT="quantum"/>
                  <SP HEIGHT="47" WIDTH="14" VPOS="530" HPOS="886"/>
                  <String HEIGHT="47" WIDTH="83" VPOS="530" HPOS="845" CONTENT="ad"/>
                  <SP HEIGHT="47" WIDTH="14" VPOS="530" HPOS="928"/>
                  <String HEIGHT="47"
                          WIDTH="138"
                          VPOS="530"
                          HPOS="886"
                          CONTENT="illud,"/>
                  <SP HEIGHT="47" WIDTH="14" VPOS="530" HPOS="1024"/>
                  <String HEIGHT="47" WIDTH="83" VPOS="530" HPOS="969" CONTENT="quid"/>
               </TextLine>
               <TextLine ID="r2l9"
                         BASELINE="629"
                         HEIGHT="56"
                         WIDTH="853"
                         VPOS="573"
                         HPOS="200">
                  <String HEIGHT="56"
                          WIDTH="142"
                          VPOS="573"
                          HPOS="184"
                          CONTENT="sunt,"/>
                  <SP HEIGHT="56" WIDTH="16" VPOS="573" HPOS="326"/>
                  <String HEIGHT="56" WIDTH="111" VPOS="573" HPOS="279" CONTENT="sed"/>
                  <SP HEIGHT="56" WIDTH="16" VPOS="573" HPOS="390"/>
                  <String HEIGHT="56"
                          WIDTH="142"
                          VPOS="573"
                          HPOS="342"
                          CONTENT="plane"/>
                  <SP HEIGHT="56" WIDTH="16" VPOS="573" HPOS="484"/>
                  <String HEIGHT="56"
                          WIDTH="142"
                          VPOS="573"
                          HPOS="437"
                          CONTENT="nouit"/>
                  <SP HEIGHT="56" WIDTH="16" VPOS="573" HPOS="579"/>
                  <String HEIGHT="56"
                          WIDTH="221"
                          VPOS="573"
                          HPOS="532"
                          CONTENT="voluntatem"/>
                  <SP HEIGHT="56" WIDTH="16" VPOS="573" HPOS="753"/>
                  <String HEIGHT="56"
                          WIDTH="142"
                          VPOS="573"
                          HPOS="705"
                          CONTENT="suam,"/>
                  <SP HEIGHT="56" WIDTH="16" VPOS="573" HPOS="848"/>
                  <String HEIGHT="56" WIDTH="111" VPOS="573" HPOS="800" CONTENT="per"/>
                  <SP HEIGHT="56" WIDTH="16" VPOS="573" HPOS="911"/>
                  <String HEIGHT="56"
                          WIDTH="126"
                          VPOS="573"
                          HPOS="863"
                          CONTENT="quam"/>
                  <SP HEIGHT="56" WIDTH="16" VPOS="573" HPOS="990"/>
                  <String HEIGHT="56" WIDTH="111" VPOS="573" HPOS="942" CONTENT="res"/>
                  <SP HEIGHT="56" WIDTH="16" VPOS="573" HPOS="1053"/>
                  <String HEIGHT="56"
                          WIDTH="63"
                          VPOS="573"
                          HPOS="990"
                          CONTENT="a"
                          SUBS_TYPE="HypPart1"
                          SUBS_CONTENT="actu"/>
                  <HYP CONTENT="-"/>
               </TextLine>
               <TextLine ID="r2l10"
                         BASELINE="665"
                         HEIGHT="53"
                         WIDTH="365"
                         VPOS="612"
                         HPOS="202">
                  <String HEIGHT="53"
                          WIDTH="98"
                          VPOS="612"
                          HPOS="188"
                          CONTENT="ctu"
                          SUBS_TYPE="HypPart2"
                          SUBS_CONTENT="actu"/>
                  <SP HEIGHT="53" WIDTH="14" VPOS="612" HPOS="286"/>
                  <String HEIGHT="53"
                          WIDTH="126"
                          VPOS="612"
                          HPOS="244"
                          CONTENT="sunt,"/>
                  <SP HEIGHT="53" WIDTH="14" VPOS="612" HPOS="370"/>
                  <String HEIGHT="53" WIDTH="98" VPOS="612" HPOS="328" CONTENT="vel"/>
                  <SP HEIGHT="53" WIDTH="14" VPOS="612" HPOS="427"/>
                  <String HEIGHT="53"
                          WIDTH="154"
                          VPOS="612"
                          HPOS="385"
                          CONTENT="futurae"/>
                  <SP HEIGHT="53" WIDTH="14" VPOS="612" HPOS="539"/>
                  <String HEIGHT="53" WIDTH="84" VPOS="612" HPOS="483" CONTENT="sunt"/>
               </TextLine>
               <TextLine ID="r2l11"
                         BASELINE="703"
                         HEIGHT="53"
                         WIDTH="804"
                         VPOS="650"
                         HPOS="246">
                  <String HEIGHT="53" WIDTH="83" VPOS="650" HPOS="232" CONTENT="Et"/>
                  <SP HEIGHT="53" WIDTH="14" VPOS="650" HPOS="315"/>
                  <String HEIGHT="53" WIDTH="83" VPOS="650" HPOS="274" CONTENT="si"/>
                  <SP HEIGHT="53" WIDTH="14" VPOS="650" HPOS="357"/>
                  <String HEIGHT="53"
                          WIDTH="152"
                          VPOS="650"
                          HPOS="315"
                          CONTENT="dicitur"/>
                  <SP HEIGHT="53" WIDTH="14" VPOS="650" HPOS="468"/>
                  <String HEIGHT="53"
                          WIDTH="139"
                          VPOS="650"
                          HPOS="426"
                          CONTENT="istis,"/>
                  <SP HEIGHT="53" WIDTH="14" VPOS="650" HPOS="565"/>
                  <String HEIGHT="53"
                          WIDTH="111"
                          VPOS="650"
                          HPOS="523"
                          CONTENT="quod"/>
                  <SP HEIGHT="53" WIDTH="14" VPOS="650" HPOS="634"/>
                  <String HEIGHT="53"
                          WIDTH="166"
                          VPOS="650"
                          HPOS="593"
                          CONTENT="voluntas"/>
                  <SP HEIGHT="53" WIDTH="14" VPOS="650" HPOS="759"/>
                  <String HEIGHT="53" WIDTH="97" VPOS="650" HPOS="717" CONTENT="non"/>
                  <SP HEIGHT="53" WIDTH="14" VPOS="650" HPOS="814"/>
                  <String HEIGHT="53"
                          WIDTH="152"
                          VPOS="650"
                          HPOS="773"
                          CONTENT="fertur,"/>
                  <SP HEIGHT="53" WIDTH="14" VPOS="650" HPOS="925"/>
                  <String HEIGHT="53"
                          WIDTH="111"
                          VPOS="650"
                          HPOS="884"
                          CONTENT="nisi"/>
                  <SP HEIGHT="53" WIDTH="14" VPOS="650" HPOS="995"/>
                  <String HEIGHT="53" WIDTH="83" VPOS="650" HPOS="953" CONTENT="in"/>
                  <SP HEIGHT="53" WIDTH="14" VPOS="650" HPOS="1036"/>
                  <String HEIGHT="53" WIDTH="69" VPOS="650" HPOS="981" CONTENT="pre"/>
               </TextLine>
               <TextLine ID="r2l12"
                         BASELINE="739"
                         HEIGHT="36"
                         WIDTH="840"
                         VPOS="703"
                         HPOS="210">
                  <String HEIGHT="36"
                          WIDTH="195"
                          VPOS="703"
                          HPOS="195"
                          CONTENT="cognitum:"/>
                  <SP HEIGHT="36" WIDTH="15" VPOS="703" HPOS="390"/>
                  <String HEIGHT="36"
                          WIDTH="120"
                          VPOS="703"
                          HPOS="345"
                          CONTENT="ergo"/>
                  <SP HEIGHT="36" WIDTH="15" VPOS="703" HPOS="465"/>
                  <String HEIGHT="36"
                          WIDTH="180"
                          VPOS="703"
                          HPOS="420"
                          CONTENT="voluntas"/>
                  <SP HEIGHT="36" WIDTH="15" VPOS="703" HPOS="600"/>
                  <String HEIGHT="36"
                          WIDTH="150"
                          VPOS="703"
                          HPOS="555"
                          CONTENT="diuina"/>
                  <SP HEIGHT="36" WIDTH="15" VPOS="703" HPOS="705"/>
                  <String HEIGHT="36" WIDTH="105" VPOS="703" HPOS="660" CONTENT="non"/>
                  <SP HEIGHT="36" WIDTH="15" VPOS="703" HPOS="765"/>
                  <String HEIGHT="36"
                          WIDTH="120"
                          VPOS="703"
                          HPOS="720"
                          CONTENT="vult"/>
                  <SP HEIGHT="36" WIDTH="15" VPOS="703" HPOS="840"/>
                  <String HEIGHT="36"
                          WIDTH="165"
                          VPOS="703"
                          HPOS="795"
                          CONTENT="aliquid"/>
                  <SP HEIGHT="36" WIDTH="15" VPOS="703" HPOS="960"/>
                  <String HEIGHT="36"
                          WIDTH="120"
                          VPOS="703"
                          HPOS="915"
                          CONTENT="actu"/>
                  <SP HEIGHT="36" WIDTH="15" VPOS="703" HPOS="1035"/>
                  <String HEIGHT="36" WIDTH="75" VPOS="703" HPOS="975" CONTENT="exi"/>
               </TextLine>
               <TextLine ID="r2l13"
                         BASELINE="777"
                         HEIGHT="50"
                         WIDTH="852"
                         VPOS="727"
                         HPOS="197">
                  <String HEIGHT="50"
                          WIDTH="144"
                          VPOS="727"
                          HPOS="183"
                          CONTENT="stere,"/>
                  <SP HEIGHT="50" WIDTH="14" VPOS="727" HPOS="327"/>
                  <String HEIGHT="50" WIDTH="101" VPOS="727" HPOS="284" CONTENT="vel"/>
                  <SP HEIGHT="50" WIDTH="14" VPOS="727" HPOS="385"/>
                  <String HEIGHT="50"
                          WIDTH="159"
                          VPOS="727"
                          HPOS="341"
                          CONTENT="futurum"/>
                  <SP HEIGHT="50" WIDTH="14" VPOS="727" HPOS="500"/>
                  <String HEIGHT="50"
                          WIDTH="130"
                          VPOS="727"
                          HPOS="457"
                          CONTENT="esse,"/>
                  <SP HEIGHT="50" WIDTH="14" VPOS="727" HPOS="587"/>
                  <String HEIGHT="50"
                          WIDTH="116"
                          VPOS="727"
                          HPOS="544"
                          CONTENT="nisi"/>
                  <SP HEIGHT="50" WIDTH="14" VPOS="727" HPOS="659"/>
                  <String HEIGHT="50" WIDTH="101" VPOS="727" HPOS="616" CONTENT="sit"/>
                  <SP HEIGHT="50" WIDTH="14" VPOS="727" HPOS="717"/>
                  <String HEIGHT="50"
                          WIDTH="217"
                          VPOS="727"
                          HPOS="674"
                          CONTENT="precognitum"/>
                  <SP HEIGHT="50" WIDTH="14" VPOS="727" HPOS="890"/>
                  <String HEIGHT="50" WIDTH="87" VPOS="727" HPOS="847" CONTENT="ab"/>
                  <SP HEIGHT="50" WIDTH="14" VPOS="727" HPOS="933"/>
                  <String HEIGHT="50"
                          WIDTH="173"
                          VPOS="727"
                          HPOS="876"
                          CONTENT="intellectu"/>
               </TextLine>
               <TextLine ID="r2l14"
                         BASELINE="824"
                         HEIGHT="48"
                         WIDTH="858"
                         VPOS="776"
                         HPOS="197">
                  <String HEIGHT="48"
                          WIDTH="175"
                          VPOS="776"
                          HPOS="181"
                          CONTENT="diuino,"/>
                  <SP HEIGHT="48" WIDTH="16" VPOS="776" HPOS="356"/>
                  <String HEIGHT="48" WIDTH="79" VPOS="776" HPOS="308" CONTENT="&amp;"/>
                  <SP HEIGHT="48" WIDTH="16" VPOS="776" HPOS="388"/>
                  <String HEIGHT="48" WIDTH="111" VPOS="776" HPOS="340" CONTENT="per"/>
                  <SP HEIGHT="48" WIDTH="16" VPOS="776" HPOS="451"/>
                  <String HEIGHT="48"
                          WIDTH="222"
                          VPOS="776"
                          HPOS="404"
                          CONTENT="consequens"/>
                  <SP HEIGHT="48" WIDTH="16" VPOS="776" HPOS="626"/>
                  <String HEIGHT="48"
                          WIDTH="238"
                          VPOS="776"
                          HPOS="578"
                          CONTENT="intellectus"/>
                  <SP HEIGHT="48" WIDTH="16" VPOS="776" HPOS="817"/>
                  <String HEIGHT="48"
                          WIDTH="175"
                          VPOS="776"
                          HPOS="769"
                          CONTENT="diuinus"/>
                  <SP HEIGHT="48" WIDTH="16" VPOS="776" HPOS="944"/>
                  <String HEIGHT="48" WIDTH="111" VPOS="776" HPOS="896" CONTENT="non"/>
                  <SP HEIGHT="48" WIDTH="16" VPOS="776" HPOS="1007"/>
                  <String HEIGHT="48"
                          WIDTH="111"
                          VPOS="776"
                          HPOS="944"
                          CONTENT="acce"
                          SUBS_TYPE="HypPart1"
                          SUBS_CONTENT="accepit"/>
                  <HYP CONTENT="-"/>
               </TextLine>
               <TextLine ID="r2l15"
                         BASELINE="868"
                         HEIGHT="53"
                         WIDTH="852"
                         VPOS="815"
                         HPOS="195">
                  <String HEIGHT="53"
                          WIDTH="113"
                          VPOS="815"
                          HPOS="179"
                          CONTENT="pit"
                          SUBS_TYPE="HypPart2"
                          SUBS_CONTENT="accepit"/>
                  <SP HEIGHT="53" WIDTH="16" VPOS="815" HPOS="291"/>
                  <String HEIGHT="53"
                          WIDTH="241"
                          VPOS="815"
                          HPOS="243"
                          CONTENT="cognitionem"/>
                  <SP HEIGHT="53" WIDTH="16" VPOS="815" HPOS="484"/>
                  <String HEIGHT="53" WIDTH="96" VPOS="815" HPOS="436" CONTENT="de"/>
                  <SP HEIGHT="53" WIDTH="16" VPOS="815" HPOS="533"/>
                  <String HEIGHT="53"
                          WIDTH="241"
                          VPOS="815"
                          HPOS="484"
                          CONTENT="existentiis"/>
                  <SP HEIGHT="53" WIDTH="16" VPOS="815" HPOS="725"/>
                  <String HEIGHT="53"
                          WIDTH="145"
                          VPOS="815"
                          HPOS="677"
                          CONTENT="rerum"/>
                  <SP HEIGHT="53" WIDTH="16" VPOS="815" HPOS="822"/>
                  <String HEIGHT="53" WIDTH="96" VPOS="815" HPOS="774" CONTENT="ex"/>
                  <SP HEIGHT="53" WIDTH="16" VPOS="815" HPOS="870"/>
                  <String HEIGHT="53"
                          WIDTH="129"
                          VPOS="815"
                          HPOS="822"
                          CONTENT="hoc,"/>
                  <SP HEIGHT="53" WIDTH="16" VPOS="815" HPOS="951"/>
                  <String HEIGHT="53"
                          WIDTH="129"
                          VPOS="815"
                          HPOS="902"
                          CONTENT="quod"/>
                  <SP HEIGHT="53" WIDTH="16" VPOS="815" HPOS="1031"/>
                  <String HEIGHT="53"
                          WIDTH="80"
                          VPOS="815"
                          HPOS="967"
                          CONTENT="co"
                          SUBS_TYPE="HypPart1"
                          SUBS_CONTENT="cognoscit"/>
                  <HYP CONTENT="-"/>
               </TextLine>
               <TextLine ID="r2l16"
                         BASELINE="906"
                         HEIGHT="60"
                         WIDTH="854"
                         VPOS="846"
                         HPOS="194">
                  <String HEIGHT="60"
                          WIDTH="162"
                          VPOS="846"
                          HPOS="179"
                          CONTENT="gnoscit"
                          SUBS_TYPE="HypPart2"
                          SUBS_CONTENT="cognoscit"/>
                  <SP HEIGHT="60" WIDTH="15" VPOS="846" HPOS="341"/>
                  <String HEIGHT="60"
                          WIDTH="133"
                          VPOS="846"
                          HPOS="297"
                          CONTENT="actum"/>
                  <SP HEIGHT="60" WIDTH="15" VPOS="846" HPOS="430"/>
                  <String HEIGHT="60"
                          WIDTH="118"
                          VPOS="846"
                          HPOS="385"
                          CONTENT="suae"/>
                  <SP HEIGHT="60" WIDTH="15" VPOS="846" HPOS="503"/>
                  <String HEIGHT="60"
                          WIDTH="221"
                          VPOS="846"
                          HPOS="459"
                          CONTENT="voluntatis,"/>
                  <SP HEIGHT="60" WIDTH="15" VPOS="846" HPOS="680"/>
                  <String HEIGHT="60" WIDTH="103" VPOS="846" HPOS="636" CONTENT="sed"/>
                  <SP HEIGHT="60" WIDTH="15" VPOS="846" HPOS="739"/>
                  <String HEIGHT="60"
                          WIDTH="147"
                          VPOS="846"
                          HPOS="695"
                          CONTENT="potius"/>
                  <SP HEIGHT="60" WIDTH="15" VPOS="846" HPOS="842"/>
                  <String HEIGHT="60"
                          WIDTH="206"
                          VPOS="846"
                          HPOS="798"
                          CONTENT="econuerso,"/>
                  <SP HEIGHT="60" WIDTH="15" VPOS="846" HPOS="1004"/>
                  <String HEIGHT="60"
                          WIDTH="103"
                          VPOS="846"
                          HPOS="945"
                          CONTENT="volum"/>
               </TextLine>
               <TextLine ID="r2l17"
                         BASELINE="937"
                         HEIGHT="50"
                         WIDTH="859"
                         VPOS="887"
                         HPOS="200">
                  <String HEIGHT="50" WIDTH="107" VPOS="887" HPOS="185" CONTENT="tas"/>
                  <SP HEIGHT="50" WIDTH="15" VPOS="887" HPOS="292"/>
                  <String HEIGHT="50"
                          WIDTH="123"
                          VPOS="887"
                          HPOS="246"
                          CONTENT="uult"/>
                  <SP HEIGHT="50" WIDTH="15" VPOS="887" HPOS="369"/>
                  <String HEIGHT="50" WIDTH="107" VPOS="887" HPOS="323" CONTENT="rem"/>
                  <SP HEIGHT="50" WIDTH="15" VPOS="887" HPOS="430"/>
                  <String HEIGHT="50"
                          WIDTH="138"
                          VPOS="887"
                          HPOS="384"
                          CONTENT="fore,"/>
                  <SP HEIGHT="50" WIDTH="15" VPOS="887" HPOS="522"/>
                  <String HEIGHT="50" WIDTH="107" VPOS="887" HPOS="476" CONTENT="vel"/>
                  <SP HEIGHT="50" WIDTH="15" VPOS="887" HPOS="583"/>
                  <String HEIGHT="50" WIDTH="107" VPOS="887" HPOS="537" CONTENT="non"/>
                  <SP HEIGHT="50" WIDTH="15" VPOS="887" HPOS="645"/>
                  <String HEIGHT="50"
                          WIDTH="138"
                          VPOS="887"
                          HPOS="599"
                          CONTENT="fore,"/>
                  <SP HEIGHT="50" WIDTH="15" VPOS="887" HPOS="737"/>
                  <String HEIGHT="50" WIDTH="92" VPOS="887" HPOS="691" CONTENT="ex"/>
                  <SP HEIGHT="50" WIDTH="15" VPOS="887" HPOS="783"/>
                  <String HEIGHT="50" WIDTH="107" VPOS="887" HPOS="737" CONTENT="hoc"/>
                  <SP HEIGHT="50" WIDTH="15" VPOS="887" HPOS="844"/>
                  <String HEIGHT="50"
                          WIDTH="123"
                          VPOS="887"
                          HPOS="798"
                          CONTENT="quod"/>
                  <SP HEIGHT="50" WIDTH="15" VPOS="887" HPOS="921"/>
                  <String HEIGHT="50"
                          WIDTH="199"
                          VPOS="887"
                          HPOS="860"
                          CONTENT="intellectus"/>
               </TextLine>
               <TextLine ID="r2l18"
                         BASELINE="985"
                         HEIGHT="47"
                         WIDTH="554"
                         VPOS="938"
                         HPOS="194">
                  <String HEIGHT="47"
                          WIDTH="262"
                          VPOS="938"
                          HPOS="179"
                          CONTENT="praecognoscit"/>
                  <SP HEIGHT="47" WIDTH="15" VPOS="938" HPOS="440"/>
                  <String HEIGHT="47" WIDTH="108" VPOS="938" HPOS="394" CONTENT="rem"/>
                  <SP HEIGHT="47" WIDTH="15" VPOS="938" HPOS="502"/>
                  <String HEIGHT="47"
                          WIDTH="139"
                          VPOS="938"
                          HPOS="456"
                          CONTENT="fore,"/>
                  <SP HEIGHT="47" WIDTH="15" VPOS="938" HPOS="594"/>
                  <String HEIGHT="47" WIDTH="108" VPOS="938" HPOS="548" CONTENT="vel"/>
                  <SP HEIGHT="47" WIDTH="15" VPOS="938" HPOS="656"/>
                  <String HEIGHT="47" WIDTH="108" VPOS="938" HPOS="610" CONTENT="non"/>
                  <SP HEIGHT="47" WIDTH="15" VPOS="938" HPOS="717"/>
                  <String HEIGHT="47" WIDTH="92" VPOS="938" HPOS="656" CONTENT="fore"/>
               </TextLine>
               <TextLine ID="r2l19"
                         BASELINE="1017"
                         HEIGHT="52"
                         WIDTH="813"
                         VPOS="965"
                         HPOS="236">
                  <String HEIGHT="52"
                          WIDTH="254"
                          VPOS="965"
                          HPOS="219"
                          CONTENT="Respondent,"/>
                  <SP HEIGHT="52" WIDTH="17" VPOS="965" HPOS="473"/>
                  <String HEIGHT="52" WIDTH="85" VPOS="965" HPOS="422" CONTENT="&amp;"/>
                  <SP HEIGHT="52" WIDTH="17" VPOS="965" HPOS="507"/>
                  <String HEIGHT="52"
                          WIDTH="136"
                          VPOS="965"
                          HPOS="456"
                          CONTENT="bene"/>
                  <SP HEIGHT="52" WIDTH="17" VPOS="965" HPOS="592"/>
                  <String HEIGHT="52"
                          WIDTH="186"
                          VPOS="965"
                          HPOS="541"
                          CONTENT="quantum"/>
                  <SP HEIGHT="52" WIDTH="17" VPOS="965" HPOS="727"/>
                  <String HEIGHT="52" WIDTH="102" VPOS="965" HPOS="676" CONTENT="ad"/>
                  <SP HEIGHT="52" WIDTH="17" VPOS="965" HPOS="778"/>
                  <String HEIGHT="52" WIDTH="119" VPOS="965" HPOS="727" CONTENT="hoc"/>
                  <SP HEIGHT="52" WIDTH="17" VPOS="965" HPOS="846"/>
                  <String HEIGHT="52"
                          WIDTH="220"
                          VPOS="965"
                          HPOS="795"
                          CONTENT="dicentes,"/>
                  <SP HEIGHT="52" WIDTH="17" VPOS="965" HPOS="1015"/>
                  <String HEIGHT="52"
                          WIDTH="102"
                          VPOS="965"
                          HPOS="947"
                          CONTENT="quod"/>
               </TextLine>
               <TextLine ID="r2l20"
                         BASELINE="1055"
                         HEIGHT="48"
                         WIDTH="844"
                         VPOS="1007"
                         HPOS="209">
                  <String HEIGHT="48"
                          WIDTH="118"
                          VPOS="1007"
                          HPOS="194"
                          CONTENT="icet"/>
                  <SP HEIGHT="48" WIDTH="15" VPOS="1007" HPOS="313"/>
                  <String HEIGHT="48"
                          WIDTH="178"
                          VPOS="1007"
                          HPOS="268"
                          CONTENT="voluntas"/>
                  <SP HEIGHT="48" WIDTH="15" VPOS="1007" HPOS="446"/>
                  <String HEIGHT="48"
                          WIDTH="104"
                          VPOS="1007"
                          HPOS="401"
                          CONTENT="non"/>
                  <SP HEIGHT="48" WIDTH="15" VPOS="1007" HPOS="505"/>
                  <String HEIGHT="48"
                          WIDTH="178"
                          VPOS="1007"
                          HPOS="461"
                          CONTENT="feratur,"/>
                  <SP HEIGHT="48" WIDTH="15" VPOS="1007" HPOS="638"/>
                  <String HEIGHT="48"
                          WIDTH="118"
                          VPOS="1007"
                          HPOS="594"
                          CONTENT="nisi"/>
                  <SP HEIGHT="48" WIDTH="15" VPOS="1007" HPOS="712"/>
                  <String HEIGHT="48" WIDTH="89" VPOS="1007" HPOS="668" CONTENT="in"/>
                  <SP HEIGHT="48" WIDTH="15" VPOS="1007" HPOS="757"/>
                  <String HEIGHT="48"
                          WIDTH="326"
                          VPOS="1007"
                          HPOS="712"
                          CONTENT="praecognitum:tamen"/>
                  <SP HEIGHT="48" WIDTH="15" VPOS="1007" HPOS="1038"/>
                  <String HEIGHT="48" WIDTH="89" VPOS="1007" HPOS="994" CONTENT="ad"/>
                  <SP HEIGHT="48" WIDTH="15" VPOS="1007" HPOS="1083"/>
                  <String HEIGHT="48" WIDTH="30" VPOS="1007" HPOS="1023" CONTENT=""/>
               </TextLine>
               <TextLine ID="r2l21"
                         BASELINE="1098"
                         HEIGHT="49"
                         WIDTH="845"
                         VPOS="1049"
                         HPOS="200">
                  <String HEIGHT="49"
                          WIDTH="121"
                          VPOS="1049"
                          HPOS="185"
                          CONTENT="hoc,"/>
                  <SP HEIGHT="49" WIDTH="15" VPOS="1049" HPOS="306"/>
                  <String HEIGHT="49"
                          WIDTH="121"
                          VPOS="1049"
                          HPOS="260"
                          CONTENT="quod"/>
                  <SP HEIGHT="49" WIDTH="15" VPOS="1049" HPOS="381"/>
                  <String HEIGHT="49"
                          WIDTH="181"
                          VPOS="1049"
                          HPOS="336"
                          CONTENT="voluntas"/>
                  <SP HEIGHT="49" WIDTH="15" VPOS="1049" HPOS="517"/>
                  <String HEIGHT="49"
                          WIDTH="136"
                          VPOS="1049"
                          HPOS="472"
                          CONTENT="velit"/>
                  <SP HEIGHT="49" WIDTH="15" VPOS="1049" HPOS="607"/>
                  <String HEIGHT="49"
                          WIDTH="106"
                          VPOS="1049"
                          HPOS="562"
                          CONTENT="rem"/>
                  <SP HEIGHT="49" WIDTH="15" VPOS="1049" HPOS="668"/>
                  <String HEIGHT="49"
                          WIDTH="136"
                          VPOS="1049"
                          HPOS="622"
                          CONTENT="fore,"/>
                  <SP HEIGHT="49" WIDTH="15" VPOS="1049" HPOS="758"/>
                  <String HEIGHT="49"
                          WIDTH="106"
                          VPOS="1049"
                          HPOS="713"
                          CONTENT="non"/>
                  <SP HEIGHT="49" WIDTH="15" VPOS="1049" HPOS="819"/>
                  <String HEIGHT="49"
                          WIDTH="106"
                          VPOS="1049"
                          HPOS="773"
                          CONTENT="est"/>
                  <SP HEIGHT="49" WIDTH="15" VPOS="1049" HPOS="879"/>
                  <String HEIGHT="49"
                          WIDTH="181"
                          VPOS="1049"
                          HPOS="834"
                          CONTENT="necesse,"/>
                  <SP HEIGHT="49" WIDTH="15" VPOS="1049" HPOS="1015"/>
                  <String HEIGHT="49"
                          WIDTH="91"
                          VPOS="1049"
                          HPOS="954"
                          CONTENT="quod"/>
               </TextLine>
               <TextLine ID="r2l22"
                         BASELINE="1141"
                         HEIGHT="54"
                         WIDTH="852"
                         VPOS="1087"
                         HPOS="203">
                  <String HEIGHT="54"
                          WIDTH="224"
                          VPOS="1087"
                          HPOS="188"
                          CONTENT="intellectus"/>
                  <SP HEIGHT="54" WIDTH="15" VPOS="1087" HPOS="412"/>
                  <String HEIGHT="54"
                          WIDTH="239"
                          VPOS="1087"
                          HPOS="367"
                          CONTENT="precognoscat"/>
                  <SP HEIGHT="54" WIDTH="15" VPOS="1087" HPOS="607"/>
                  <String HEIGHT="54"
                          WIDTH="105"
                          VPOS="1087"
                          HPOS="562"
                          CONTENT="rem"/>
                  <SP HEIGHT="54" WIDTH="15" VPOS="1087" HPOS="666"/>
                  <String HEIGHT="54"
                          WIDTH="135"
                          VPOS="1087"
                          HPOS="622"
                          CONTENT="fore:"/>
                  <SP HEIGHT="54" WIDTH="15" VPOS="1087" HPOS="756"/>
                  <String HEIGHT="54"
                          WIDTH="179"
                          VPOS="1087"
                          HPOS="711"
                          CONTENT="sufficit"/>
                  <SP HEIGHT="54" WIDTH="15" VPOS="1087" HPOS="891"/>
                  <String HEIGHT="54"
                          WIDTH="135"
                          VPOS="1087"
                          HPOS="846"
                          CONTENT="enim,"/>
                  <SP HEIGHT="54" WIDTH="15" VPOS="1087" HPOS="980"/>
                  <String HEIGHT="54"
                          WIDTH="120"
                          VPOS="1087"
                          HPOS="935"
                          CONTENT="quod"/>
                  <SP HEIGHT="54" WIDTH="15" VPOS="1087" HPOS="1055"/>
                  <String HEIGHT="54" WIDTH="60" VPOS="1087" HPOS="995" CONTENT="in"/>
               </TextLine>
               <TextLine ID="r2l23"
                         BASELINE="1179"
                         HEIGHT="55"
                         WIDTH="840"
                         VPOS="1124"
                         HPOS="201">
                  <String HEIGHT="55"
                          WIDTH="206"
                          VPOS="1124"
                          HPOS="185"
                          CONTENT="tellectus"/>
                  <SP HEIGHT="55" WIDTH="16" VPOS="1124" HPOS="391"/>
                  <String HEIGHT="55"
                          WIDTH="206"
                          VPOS="1124"
                          HPOS="344"
                          CONTENT="cognoscat"/>
                  <SP HEIGHT="55" WIDTH="16" VPOS="1124" HPOS="550"/>
                  <String HEIGHT="55"
                          WIDTH="143"
                          VPOS="1124"
                          HPOS="502"
                          CONTENT="bonum"/>
                  <SP HEIGHT="55" WIDTH="16" VPOS="1124" HPOS="645"/>
                  <String HEIGHT="55"
                          WIDTH="143"
                          VPOS="1124"
                          HPOS="597"
                          CONTENT="esse,"/>
                  <SP HEIGHT="55" WIDTH="16" VPOS="1124" HPOS="740"/>
                  <String HEIGHT="55"
                          WIDTH="127"
                          VPOS="1124"
                          HPOS="692"
                          CONTENT="quod"/>
                  <SP HEIGHT="55" WIDTH="16" VPOS="1124" HPOS="819"/>
                  <String HEIGHT="55"
                          WIDTH="206"
                          VPOS="1124"
                          HPOS="772"
                          CONTENT="huiusmodi"/>
                  <SP HEIGHT="55" WIDTH="16" VPOS="1124" HPOS="978"/>
                  <String HEIGHT="55"
                          WIDTH="127"
                          VPOS="1124"
                          HPOS="930"
                          CONTENT="res,"/>
                  <SP HEIGHT="55" WIDTH="16" VPOS="1124" HPOS="1057"/>
                  <String HEIGHT="55" WIDTH="48" VPOS="1124" HPOS="993" CONTENT="i"/>
               </TextLine>
               <TextLine ID="r2l24"
                         BASELINE="1220"
                         HEIGHT="48"
                         WIDTH="844"
                         VPOS="1172"
                         HPOS="202">
                  <String HEIGHT="48"
                          WIDTH="131"
                          VPOS="1172"
                          HPOS="187"
                          CONTENT="tali,"/>
                  <SP HEIGHT="48" WIDTH="15" VPOS="1172" HPOS="318"/>
                  <String HEIGHT="48"
                          WIDTH="102"
                          VPOS="1172"
                          HPOS="275"
                          CONTENT="vel"/>
                  <SP HEIGHT="48" WIDTH="15" VPOS="1172" HPOS="377"/>
                  <String HEIGHT="48"
                          WIDTH="116"
                          VPOS="1172"
                          HPOS="333"
                          CONTENT="tali"/>
                  <SP HEIGHT="48" WIDTH="15" VPOS="1172" HPOS="449"/>
                  <String HEIGHT="48"
                          WIDTH="160"
                          VPOS="1172"
                          HPOS="406"
                          CONTENT="tempore"/>
                  <SP HEIGHT="48" WIDTH="15" VPOS="1172" HPOS="566"/>
                  <String HEIGHT="48"
                          WIDTH="146"
                          VPOS="1172"
                          HPOS="522"
                          CONTENT="habeat"/>
                  <SP HEIGHT="48" WIDTH="15" VPOS="1172" HPOS="668"/>
                  <String HEIGHT="48"
                          WIDTH="131"
                          VPOS="1172"
                          HPOS="624"
                          CONTENT="esse;"/>
                  <SP HEIGHT="48" WIDTH="15" VPOS="1172" HPOS="755"/>
                  <String HEIGHT="48" WIDTH="73" VPOS="1172" HPOS="711" CONTENT="&amp;"/>
                  <SP HEIGHT="48" WIDTH="15" VPOS="1172" HPOS="784"/>
                  <String HEIGHT="48"
                          WIDTH="116"
                          VPOS="1172"
                          HPOS="740"
                          CONTENT="tunc"/>
                  <SP HEIGHT="48" WIDTH="15" VPOS="1172" HPOS="857"/>
                  <String HEIGHT="48"
                          WIDTH="189"
                          VPOS="1172"
                          HPOS="813"
                          CONTENT="voluntas,"/>
                  <SP HEIGHT="48" WIDTH="15" VPOS="1172" HPOS="1002"/>
                  <String HEIGHT="48"
                          WIDTH="102"
                          VPOS="1172"
                          HPOS="944"
                          CONTENT="quasi"/>
               </TextLine>
               <TextLine ID="r2l25"
                         BASELINE="1257"
                         HEIGHT="46"
                         WIDTH="847"
                         VPOS="1211"
                         HPOS="201">
                  <String HEIGHT="46"
                          WIDTH="173"
                          VPOS="1211"
                          HPOS="185"
                          CONTENT="sequens"/>
                  <SP HEIGHT="46" WIDTH="16" VPOS="1211" HPOS="358"/>
                  <String HEIGHT="46"
                          WIDTH="188"
                          VPOS="1211"
                          HPOS="311"
                          CONTENT="dictamen"/>
                  <SP HEIGHT="46" WIDTH="16" VPOS="1211" HPOS="499"/>
                  <String HEIGHT="46"
                          WIDTH="251"
                          VPOS="1211"
                          HPOS="452"
                          CONTENT="intellectus,"/>
                  <SP HEIGHT="46" WIDTH="16" VPOS="1211" HPOS="703"/>
                  <String HEIGHT="46"
                          WIDTH="125"
                          VPOS="1211"
                          HPOS="656"
                          CONTENT="vult"/>
                  <SP HEIGHT="46" WIDTH="16" VPOS="1211" HPOS="781"/>
                  <String HEIGHT="46"
                          WIDTH="110"
                          VPOS="1211"
                          HPOS="734"
                          CONTENT="pro"/>
                  <SP HEIGHT="46" WIDTH="16" VPOS="1211" HPOS="844"/>
                  <String HEIGHT="46"
                          WIDTH="235"
                          VPOS="1211"
                          HPOS="797"
                          CONTENT="talitempore"/>
                  <SP HEIGHT="46" WIDTH="16" VPOS="1211" HPOS="1032"/>
                  <String HEIGHT="46" WIDTH="78" VPOS="1211" HPOS="970" CONTENT="rem"/>
               </TextLine>
               <TextLine ID="r2l26"
                         BASELINE="1292"
                         HEIGHT="42"
                         WIDTH="860"
                         VPOS="1250"
                         HPOS="201">
                  <String HEIGHT="42"
                          WIDTH="141"
                          VPOS="1250"
                          HPOS="185"
                          CONTENT="esse,"/>
                  <SP HEIGHT="42" WIDTH="16" VPOS="1250" HPOS="326"/>
                  <String HEIGHT="42" WIDTH="78" VPOS="1250" HPOS="279" CONTENT="&amp;"/>
                  <SP HEIGHT="42" WIDTH="16" VPOS="1250" HPOS="357"/>
                  <String HEIGHT="42"
                          WIDTH="109"
                          VPOS="1250"
                          HPOS="310"
                          CONTENT="per"/>
                  <SP HEIGHT="42" WIDTH="16" VPOS="1250" HPOS="420"/>
                  <String HEIGHT="42"
                          WIDTH="235"
                          VPOS="1250"
                          HPOS="373"
                          CONTENT="consequens,"/>
                  <SP HEIGHT="42" WIDTH="16" VPOS="1250" HPOS="608"/>
                  <String HEIGHT="42"
                          WIDTH="235"
                          VPOS="1250"
                          HPOS="561"
                          CONTENT="intellectus"/>
                  <SP HEIGHT="42" WIDTH="16" VPOS="1250" HPOS="795"/>
                  <String HEIGHT="42"
                          WIDTH="188"
                          VPOS="1250"
                          HPOS="748"
                          CONTENT="mediante"/>
                  <SP HEIGHT="42" WIDTH="16" VPOS="1250" HPOS="936"/>
                  <String HEIGHT="42"
                          WIDTH="125"
                          VPOS="1250"
                          HPOS="889"
                          CONTENT="actu"/>
                  <SP HEIGHT="42" WIDTH="16" VPOS="1250" HPOS="1014"/>
                  <String HEIGHT="42"
                          WIDTH="109"
                          VPOS="1250"
                          HPOS="952"
                          CONTENT="volun"/>
               </TextLine>
               <TextLine ID="r2l27"
                         BASELINE="1339"
                         HEIGHT="50"
                         WIDTH="847"
                         VPOS="1289"
                         HPOS="206">
                  <String HEIGHT="50"
                          WIDTH="160"
                          VPOS="1289"
                          HPOS="190"
                          CONTENT="tatis,"/>
                  <SP HEIGHT="50" WIDTH="16" VPOS="1289" HPOS="350"/>
                  <String HEIGHT="50"
                          WIDTH="208"
                          VPOS="1289"
                          HPOS="302"
                          CONTENT="cognoscit"/>
                  <SP HEIGHT="50" WIDTH="16" VPOS="1289" HPOS="510"/>
                  <String HEIGHT="50"
                          WIDTH="112"
                          VPOS="1289"
                          HPOS="462"
                          CONTENT="rem"/>
                  <SP HEIGHT="50" WIDTH="16" VPOS="1289" HPOS="574"/>
                  <String HEIGHT="50"
                          WIDTH="112"
                          VPOS="1289"
                          HPOS="526"
                          CONTENT="ess"/>
                  <SP HEIGHT="50" WIDTH="16" VPOS="1289" HPOS="637"/>
                  <String HEIGHT="50"
                          WIDTH="112"
                          VPOS="1289"
                          HPOS="590"
                          CONTENT="pro"/>
                  <SP HEIGHT="50" WIDTH="16" VPOS="1289" HPOS="701"/>
                  <String HEIGHT="50"
                          WIDTH="208"
                          VPOS="1289"
                          HPOS="653"
                          CONTENT="huiusmodi"/>
                  <SP HEIGHT="50" WIDTH="16" VPOS="1289" HPOS="861"/>
                  <String HEIGHT="50"
                          WIDTH="192"
                          VPOS="1289"
                          HPOS="813"
                          CONTENT="tempore,"/>
                  <SP HEIGHT="50" WIDTH="16" VPOS="1289" HPOS="1005"/>
                  <String HEIGHT="50" WIDTH="80" VPOS="1289" HPOS="957" CONTENT="&amp;"/>
                  <SP HEIGHT="50" WIDTH="16" VPOS="1289" HPOS="1037"/>
                  <String HEIGHT="50" WIDTH="80" VPOS="1289" HPOS="973" CONTENT="sic"/>
               </TextLine>
               <TextLine ID="r2l28"
                         BASELINE="1376"
                         HEIGHT="47"
                         WIDTH="845"
                         VPOS="1329"
                         HPOS="210">
                  <String HEIGHT="47"
                          WIDTH="208"
                          VPOS="1329"
                          HPOS="195"
                          CONTENT="ntellectus"/>
                  <SP HEIGHT="47" WIDTH="15" VPOS="1329" HPOS="403"/>
                  <String HEIGHT="47"
                          WIDTH="163"
                          VPOS="1329"
                          HPOS="358"
                          CONTENT="diuinus"/>
                  <SP HEIGHT="47" WIDTH="15" VPOS="1329" HPOS="521"/>
                  <String HEIGHT="47"
                          WIDTH="193"
                          VPOS="1329"
                          HPOS="477"
                          CONTENT="cognoscit"/>
                  <SP HEIGHT="47" WIDTH="15" VPOS="1329" HPOS="670"/>
                  <String HEIGHT="47"
                          WIDTH="104"
                          VPOS="1329"
                          HPOS="625"
                          CONTENT="rem"/>
                  <SP HEIGHT="47" WIDTH="15" VPOS="1329" HPOS="729"/>
                  <String HEIGHT="47"
                          WIDTH="148"
                          VPOS="1329"
                          HPOS="684"
                          CONTENT="fieri,"/>
                  <SP HEIGHT="47" WIDTH="15" VPOS="1329" HPOS="833"/>
                  <String HEIGHT="47"
                          WIDTH="104"
                          VPOS="1329"
                          HPOS="788"
                          CONTENT="vel"/>
                  <SP HEIGHT="47" WIDTH="15" VPOS="1329" HPOS="892"/>
                  <String HEIGHT="47"
                          WIDTH="119"
                          VPOS="1329"
                          HPOS="847"
                          CONTENT="esse"/>
                  <SP HEIGHT="47" WIDTH="15" VPOS="1329" HPOS="966"/>
                  <String HEIGHT="47"
                          WIDTH="148"
                          VPOS="1329"
                          HPOS="907"
                          CONTENT="futuram,"/>
               </TextLine>
               <TextLine ID="r2l29"
                         BASELINE="1413"
                         HEIGHT="50"
                         WIDTH="858"
                         VPOS="1363"
                         HPOS="198">
                  <String HEIGHT="50"
                          WIDTH="113"
                          VPOS="1363"
                          HPOS="182"
                          CONTENT="seu"/>
                  <SP HEIGHT="50" WIDTH="16" VPOS="1363" HPOS="295"/>
                  <String HEIGHT="50"
                          WIDTH="113"
                          VPOS="1363"
                          HPOS="247"
                          CONTENT="non"/>
                  <SP HEIGHT="50" WIDTH="16" VPOS="1363" HPOS="360"/>
                  <String HEIGHT="50"
                          WIDTH="130"
                          VPOS="1363"
                          HPOS="311"
                          CONTENT="esse"/>
                  <SP HEIGHT="50" WIDTH="16" VPOS="1363" HPOS="441"/>
                  <String HEIGHT="50"
                          WIDTH="194"
                          VPOS="1363"
                          HPOS="392"
                          CONTENT="futuram,"/>
                  <SP HEIGHT="50" WIDTH="16" VPOS="1363" HPOS="587"/>
                  <String HEIGHT="50"
                          WIDTH="194"
                          VPOS="1363"
                          HPOS="538"
                          CONTENT="mediante"/>
                  <SP HEIGHT="50" WIDTH="16" VPOS="1363" HPOS="732"/>
                  <String HEIGHT="50"
                          WIDTH="130"
                          VPOS="1363"
                          HPOS="684"
                          CONTENT="actu"/>
                  <SP HEIGHT="50" WIDTH="16" VPOS="1363" HPOS="813"/>
                  <String HEIGHT="50"
                          WIDTH="243"
                          VPOS="1363"
                          HPOS="765"
                          CONTENT="voluntatis,"/>
                  <SP HEIGHT="50" WIDTH="16" VPOS="1363" HPOS="1007"/>
                  <String HEIGHT="50"
                          WIDTH="113"
                          VPOS="1363"
                          HPOS="943"
                          CONTENT="quam"
                          SUBS_TYPE="HypPart1"
                          SUBS_CONTENT="quamuis"/>
                  <HYP CONTENT="-"/>
               </TextLine>
               <TextLine ID="r2l30"
                         BASELINE="1448"
                         HEIGHT="44"
                         WIDTH="846"
                         VPOS="1404"
                         HPOS="204">
                  <String HEIGHT="44"
                          WIDTH="99"
                          VPOS="1404"
                          HPOS="190"
                          CONTENT="uis"
                          SUBS_TYPE="HypPart2"
                          SUBS_CONTENT="quamuis"/>
                  <SP HEIGHT="44" WIDTH="14" VPOS="1404" HPOS="289"/>
                  <String HEIGHT="44"
                          WIDTH="169"
                          VPOS="1404"
                          HPOS="246"
                          CONTENT="voluntas"/>
                  <SP HEIGHT="44" WIDTH="14" VPOS="1404" HPOS="416"/>
                  <String HEIGHT="44" WIDTH="99" VPOS="1404" HPOS="373" CONTENT="non"/>
                  <SP HEIGHT="44" WIDTH="14" VPOS="1404" HPOS="472"/>
                  <String HEIGHT="44"
                          WIDTH="141"
                          VPOS="1404"
                          HPOS="430"
                          CONTENT="velit,"/>
                  <SP HEIGHT="44" WIDTH="14" VPOS="1404" HPOS="571"/>
                  <String HEIGHT="44"
                          WIDTH="113"
                          VPOS="1404"
                          HPOS="528"
                          CONTENT="nisi"/>
                  <SP HEIGHT="44" WIDTH="14" VPOS="1404" HPOS="641"/>
                  <String HEIGHT="44"
                          WIDTH="141"
                          VPOS="1404"
                          HPOS="599"
                          CONTENT="illud,"/>
                  <SP HEIGHT="44" WIDTH="14" VPOS="1404" HPOS="740"/>
                  <String HEIGHT="44"
                          WIDTH="113"
                          VPOS="1404"
                          HPOS="698"
                          CONTENT="quod"/>
                  <SP HEIGHT="44" WIDTH="14" VPOS="1404" HPOS="810"/>
                  <String HEIGHT="44"
                          WIDTH="212"
                          VPOS="1404"
                          HPOS="768"
                          CONTENT="intellectus"/>
                  <SP HEIGHT="44" WIDTH="14" VPOS="1404" HPOS="980"/>
                  <String HEIGHT="44"
                          WIDTH="127"
                          VPOS="1404"
                          HPOS="923"
                          CONTENT="praedi"
                          SUBS_TYPE="HypPart1"
                          SUBS_CONTENT="praedictando"/>
                  <HYP CONTENT="-"/>
               </TextLine>
               <TextLine ID="r2l31"
                         BASELINE="1502"
                         HEIGHT="53"
                         WIDTH="263"
                         VPOS="1449"
                         HPOS="204">
                  <String HEIGHT="53"
                          WIDTH="155"
                          VPOS="1449"
                          HPOS="189"
                          CONTENT="ctando"
                          SUBS_TYPE="HypPart2"
                          SUBS_CONTENT="praedictando"/>
                  <SP HEIGHT="53" WIDTH="15" VPOS="1449" HPOS="343"/>
                  <String HEIGHT="53"
                          WIDTH="186"
                          VPOS="1449"
                          HPOS="281"
                          CONTENT="cognoscit."/>
               </TextLine>
               <TextLine ID="r2l32"
                         BASELINE="1535"
                         HEIGHT="55"
                         WIDTH="823"
                         VPOS="1480"
                         HPOS="237">
                  <String HEIGHT="55" WIDTH="93" VPOS="1480" HPOS="221" CONTENT="Et"/>
                  <SP HEIGHT="55" WIDTH="16" VPOS="1480" HPOS="315"/>
                  <String HEIGHT="55"
                          WIDTH="124"
                          VPOS="1480"
                          HPOS="268"
                          CONTENT="quia"/>
                  <SP HEIGHT="55" WIDTH="16" VPOS="1480" HPOS="392"/>
                  <String HEIGHT="55"
                          WIDTH="155"
                          VPOS="1480"
                          HPOS="346"
                          CONTENT="contra"/>
                  <SP HEIGHT="55" WIDTH="16" VPOS="1480" HPOS="501"/>
                  <String HEIGHT="55"
                          WIDTH="264"
                          VPOS="1480"
                          HPOS="454"
                          CONTENT="conclusionem,"/>
                  <SP HEIGHT="55" WIDTH="16" VPOS="1480" HPOS="718"/>
                  <String HEIGHT="55"
                          WIDTH="124"
                          VPOS="1480"
                          HPOS="672"
                          CONTENT="quam"/>
                  <SP HEIGHT="55" WIDTH="16" VPOS="1480" HPOS="796"/>
                  <String HEIGHT="55"
                          WIDTH="155"
                          VPOS="1480"
                          HPOS="749"
                          CONTENT="posui,"/>
                  <SP HEIGHT="55" WIDTH="16" VPOS="1480" HPOS="905"/>
                  <String HEIGHT="55"
                          WIDTH="109"
                          VPOS="1480"
                          HPOS="858"
                          CONTENT="non"/>
                  <SP HEIGHT="55" WIDTH="16" VPOS="1480" HPOS="967"/>
                  <String HEIGHT="55"
                          WIDTH="109"
                          VPOS="1480"
                          HPOS="920"
                          CONTENT="est"/>
                  <SP HEIGHT="55" WIDTH="16" VPOS="1480" HPOS="1029"/>
                  <String HEIGHT="55"
                          WIDTH="93"
                          VPOS="1480"
                          HPOS="967"
                          CONTENT="ista"/>
               </TextLine>
               <TextLine ID="r2l33"
                         BASELINE="1573"
                         HEIGHT="49"
                         WIDTH="850"
                         VPOS="1524"
                         HPOS="198">
                  <String HEIGHT="49"
                          WIDTH="123"
                          VPOS="1524"
                          HPOS="184"
                          CONTENT="opin."/>
                  <SP HEIGHT="49" WIDTH="14" VPOS="1524" HPOS="308"/>
                  <String HEIGHT="49"
                          WIDTH="151"
                          VPOS="1524"
                          HPOS="267"
                          CONTENT="quantum"/>
                  <SP HEIGHT="49" WIDTH="14" VPOS="1524" HPOS="417"/>
                  <String HEIGHT="49" WIDTH="82" VPOS="1524" HPOS="376" CONTENT="ad"/>
                  <SP HEIGHT="49" WIDTH="14" VPOS="1524" HPOS="458"/>
                  <String HEIGHT="49" WIDTH="96" VPOS="1524" HPOS="417" CONTENT="ea,"/>
                  <SP HEIGHT="49" WIDTH="14" VPOS="1524" HPOS="513"/>
                  <String HEIGHT="49"
                          WIDTH="110"
                          VPOS="1524"
                          HPOS="472"
                          CONTENT="quae"/>
                  <SP HEIGHT="49" WIDTH="14" VPOS="1524" HPOS="582"/>
                  <String HEIGHT="49"
                          WIDTH="123"
                          VPOS="1524"
                          HPOS="541"
                          CONTENT="dicit"/>
                  <SP HEIGHT="49" WIDTH="14" VPOS="1524" HPOS="664"/>
                  <String HEIGHT="49" WIDTH="82" VPOS="1524" HPOS="623" CONTENT="de"/>
                  <SP HEIGHT="49" WIDTH="14" VPOS="1524" HPOS="705"/>
                  <String HEIGHT="49"
                          WIDTH="123"
                          VPOS="1524"
                          HPOS="664"
                          CONTENT="rerum"/>
                  <SP HEIGHT="49" WIDTH="14" VPOS="1524" HPOS="788"/>
                  <String HEIGHT="49"
                          WIDTH="219"
                          VPOS="1524"
                          HPOS="746"
                          CONTENT="existentiis:"/>
                  <SP HEIGHT="49" WIDTH="14" VPOS="1524" HPOS="966"/>
                  <String HEIGHT="49" WIDTH="82" VPOS="1524" HPOS="925" CONTENT="io"/>
                  <SP HEIGHT="49" WIDTH="14" VPOS="1524" HPOS="1007"/>
                  <String HEIGHT="49"
                          WIDTH="96"
                          VPOS="1524"
                          HPOS="952"
                          CONTENT="solum"/>
               </TextLine>
               <TextLine ID="r2l34"
                         BASELINE="1617"
                         HEIGHT="53"
                         WIDTH="711"
                         VPOS="1564"
                         HPOS="198">
                  <String HEIGHT="53"
                          WIDTH="139"
                          VPOS="1564"
                          HPOS="184"
                          CONTENT="contra"/>
                  <SP HEIGHT="53" WIDTH="14" VPOS="1564" HPOS="323"/>
                  <String HEIGHT="53" WIDTH="98" VPOS="1564" HPOS="282" CONTENT="ea,"/>
                  <SP HEIGHT="53" WIDTH="14" VPOS="1564" HPOS="379"/>
                  <String HEIGHT="53"
                          WIDTH="112"
                          VPOS="1564"
                          HPOS="337"
                          CONTENT="quae"/>
                  <SP HEIGHT="53" WIDTH="14" VPOS="1564" HPOS="449"/>
                  <String HEIGHT="53"
                          WIDTH="125"
                          VPOS="1564"
                          HPOS="407"
                          CONTENT="dicit"/>
                  <SP HEIGHT="53" WIDTH="14" VPOS="1564" HPOS="533"/>
                  <String HEIGHT="53" WIDTH="84" VPOS="1564" HPOS="491" CONTENT="de"/>
                  <SP HEIGHT="53" WIDTH="14" VPOS="1564" HPOS="574"/>
                  <String HEIGHT="53"
                          WIDTH="125"
                          VPOS="1564"
                          HPOS="533"
                          CONTENT="rerum"/>
                  <SP HEIGHT="53" WIDTH="14" VPOS="1564" HPOS="658"/>
                  <String HEIGHT="53"
                          WIDTH="195"
                          VPOS="1564"
                          HPOS="616"
                          CONTENT="essentiis,"/>
                  <SP HEIGHT="53" WIDTH="14" VPOS="1564" HPOS="811"/>
                  <String HEIGHT="53"
                          WIDTH="125"
                          VPOS="1564"
                          HPOS="770"
                          CONTENT="arguo"/>
                  <SP HEIGHT="53" WIDTH="14" VPOS="1564" HPOS="895"/>
                  <String HEIGHT="53" WIDTH="70" VPOS="1564" HPOS="839" CONTENT="sic"/>
               </TextLine>
               <TextLine ID="r2l35"
                         BASELINE="1653"
                         HEIGHT="44"
                         WIDTH="835"
                         VPOS="1609"
                         HPOS="224">
                  <String HEIGHT="44" WIDTH="100" VPOS="1609" HPOS="207" CONTENT="Si"/>
                  <SP HEIGHT="44" WIDTH="17" VPOS="1609" HPOS="308"/>
                  <String HEIGHT="44"
                          WIDTH="200"
                          VPOS="1609"
                          HPOS="257"
                          CONTENT="essentia"/>
                  <SP HEIGHT="44" WIDTH="17" VPOS="1609" HPOS="458"/>
                  <String HEIGHT="44"
                          WIDTH="167"
                          VPOS="1609"
                          HPOS="408"
                          CONTENT="diuina"/>
                  <SP HEIGHT="44" WIDTH="17" VPOS="1609" HPOS="575"/>
                  <String HEIGHT="44"
                          WIDTH="234"
                          VPOS="1609"
                          HPOS="525"
                          CONTENT="necessario"/>
                  <SP HEIGHT="44" WIDTH="17" VPOS="1609" HPOS="758"/>
                  <String HEIGHT="44"
                          WIDTH="301"
                          VPOS="1609"
                          HPOS="708"
                          CONTENT="repraesentaret"/>
                  <SP HEIGHT="44" WIDTH="17" VPOS="1609" HPOS="1009"/>
                  <String HEIGHT="44"
                          WIDTH="117"
                          VPOS="1609"
                          HPOS="942"
                          CONTENT="rerum"/>
               </TextLine>
               <TextLine ID="r2l36"
                         BASELINE="1692"
                         HEIGHT="50"
                         WIDTH="840"
                         VPOS="1642"
                         HPOS="209">
                  <String HEIGHT="50"
                          WIDTH="195"
                          VPOS="1642"
                          HPOS="194"
                          CONTENT="essentias"/>
                  <SP HEIGHT="50" WIDTH="15" VPOS="1642" HPOS="389"/>
                  <String HEIGHT="50"
                          WIDTH="120"
                          VPOS="1642"
                          HPOS="344"
                          CONTENT="tali"/>
                  <SP HEIGHT="50" WIDTH="15" VPOS="1642" HPOS="464"/>
                  <String HEIGHT="50"
                          WIDTH="315"
                          VPOS="1642"
                          HPOS="419"
                          CONTENT="repraesentatione,"/>
                  <SP HEIGHT="50" WIDTH="15" VPOS="1642" HPOS="734"/>
                  <String HEIGHT="50" WIDTH="90" VPOS="1642" HPOS="689" CONTENT="ad"/>
                  <SP HEIGHT="50" WIDTH="15" VPOS="1642" HPOS="779"/>
                  <String HEIGHT="50"
                          WIDTH="120"
                          VPOS="1642"
                          HPOS="734"
                          CONTENT="quam"/>
                  <SP HEIGHT="50" WIDTH="15" VPOS="1642" HPOS="854"/>
                  <String HEIGHT="50"
                          WIDTH="180"
                          VPOS="1642"
                          HPOS="809"
                          CONTENT="sequitur"/>
                  <SP HEIGHT="50" WIDTH="15" VPOS="1642" HPOS="989"/>
                  <String HEIGHT="50"
                          WIDTH="120"
                          VPOS="1642"
                          HPOS="929"
                          CONTENT="neces"
                          SUBS_TYPE="HypPart1"
                          SUBS_CONTENT="necessario"/>
                  <HYP CONTENT="-"/>
               </TextLine>
               <TextLine ID="r2l37"
                         BASELINE="1729"
                         HEIGHT="49"
                         WIDTH="840"
                         VPOS="1680"
                         HPOS="204">
                  <String HEIGHT="49"
                          WIDTH="133"
                          VPOS="1680"
                          HPOS="189"
                          CONTENT="sario"
                          SUBS_TYPE="HypPart2"
                          SUBS_CONTENT="necessario"/>
                  <SP HEIGHT="49" WIDTH="15" VPOS="1680" HPOS="322"/>
                  <String HEIGHT="49"
                          WIDTH="133"
                          VPOS="1680"
                          HPOS="278"
                          CONTENT="actus"/>
                  <SP HEIGHT="49" WIDTH="15" VPOS="1680" HPOS="410"/>
                  <String HEIGHT="49"
                          WIDTH="221"
                          VPOS="1680"
                          HPOS="366"
                          CONTENT="cognoscendi"/>
                  <SP HEIGHT="49" WIDTH="15" VPOS="1680" HPOS="587"/>
                  <String HEIGHT="49" WIDTH="88" VPOS="1680" HPOS="543" CONTENT="in"/>
                  <SP HEIGHT="49" WIDTH="15" VPOS="1680" HPOS="631"/>
                  <String HEIGHT="49"
                          WIDTH="206"
                          VPOS="1680"
                          HPOS="587"
                          CONTENT="intellectu"/>
                  <SP HEIGHT="49" WIDTH="15" VPOS="1680" HPOS="793"/>
                  <String HEIGHT="49"
                          WIDTH="162"
                          VPOS="1680"
                          HPOS="749"
                          CONTENT="creato,"/>
                  <SP HEIGHT="49" WIDTH="15" VPOS="1680" HPOS="911"/>
                  <String HEIGHT="49"
                          WIDTH="118"
                          VPOS="1680"
                          HPOS="867"
                          CONTENT="tunc"/>
                  <SP HEIGHT="49" WIDTH="15" VPOS="1680" HPOS="985"/>
                  <String HEIGHT="49" WIDTH="88" VPOS="1680" HPOS="941" CONTENT="in"/>
                  <SP HEIGHT="49" WIDTH="15" VPOS="1680" HPOS="1029"/>
                  <String HEIGHT="49" WIDTH="74" VPOS="1680" HPOS="970" CONTENT="pro"/>
               </TextLine>
               <TextLine ID="r2l38"
                         BASELINE="1778"
                         HEIGHT="52"
                         WIDTH="849"
                         VPOS="1726"
                         HPOS="207">
                  <String HEIGHT="52"
                          WIDTH="182"
                          VPOS="1726"
                          HPOS="192"
                          CONTENT="ductione"/>
                  <SP HEIGHT="52" WIDTH="15" VPOS="1726" HPOS="374"/>
                  <String HEIGHT="52"
                          WIDTH="182"
                          VPOS="1726"
                          HPOS="328"
                          CONTENT="alicuius"/>
                  <SP HEIGHT="52" WIDTH="15" VPOS="1726" HPOS="510"/>
                  <String HEIGHT="52"
                          WIDTH="212"
                          VPOS="1726"
                          HPOS="465"
                          CONTENT="creaturae,"/>
                  <SP HEIGHT="52" WIDTH="15" VPOS="1726" HPOS="677"/>
                  <String HEIGHT="52"
                          WIDTH="121"
                          VPOS="1726"
                          HPOS="632"
                          CONTENT="deus"/>
                  <SP HEIGHT="52" WIDTH="15" VPOS="1726" HPOS="753"/>
                  <String HEIGHT="52"
                          WIDTH="106"
                          VPOS="1726"
                          HPOS="707"
                          CONTENT="non"/>
                  <SP HEIGHT="52" WIDTH="15" VPOS="1726" HPOS="813"/>
                  <String HEIGHT="52"
                          WIDTH="167"
                          VPOS="1726"
                          HPOS="768"
                          CONTENT="haberet"/>
                  <SP HEIGHT="52" WIDTH="15" VPOS="1726" HPOS="935"/>
                  <String HEIGHT="52" WIDTH="91" VPOS="1726" HPOS="889" CONTENT="se"/>
                  <SP HEIGHT="52" WIDTH="15" VPOS="1726" HPOS="980"/>
                  <String HEIGHT="52"
                          WIDTH="136"
                          VPOS="1726"
                          HPOS="920"
                          CONTENT="contin"
                          SUBS_TYPE="HypPart1"
                          SUBS_CONTENT="contingenter,"/>
                  <HYP CONTENT="-"/>
               </TextLine>
               <TextLine ID="r2l39"
                         BASELINE="1820"
                         HEIGHT="48"
                         WIDTH="853"
                         VPOS="1772"
                         HPOS="204">
                  <String HEIGHT="48"
                          WIDTH="165"
                          VPOS="1772"
                          HPOS="189"
                          CONTENT="genter,"
                          SUBS_TYPE="HypPart2"
                          SUBS_CONTENT="contingenter,"/>
                  <SP HEIGHT="48" WIDTH="15" VPOS="1772" HPOS="354"/>
                  <String HEIGHT="48" WIDTH="75" VPOS="1772" HPOS="309" CONTENT="&amp;"/>
                  <SP HEIGHT="48" WIDTH="15" VPOS="1772" HPOS="384"/>
                  <String HEIGHT="48"
                          WIDTH="165"
                          VPOS="1772"
                          HPOS="339"
                          CONTENT="libere."/>
                  <SP HEIGHT="48" WIDTH="15" VPOS="1772" HPOS="503"/>
                  <String HEIGHT="48"
                          WIDTH="105"
                          VPOS="1772"
                          HPOS="458"
                          CONTENT="Sed"/>
                  <SP HEIGHT="48" WIDTH="15" VPOS="1772" HPOS="563"/>
                  <String HEIGHT="48"
                          WIDTH="210"
                          VPOS="1772"
                          HPOS="518"
                          CONTENT="consequens"/>
                  <SP HEIGHT="48" WIDTH="15" VPOS="1772" HPOS="728"/>
                  <String HEIGHT="48"
                          WIDTH="105"
                          VPOS="1772"
                          HPOS="683"
                          CONTENT="est"/>
                  <SP HEIGHT="48" WIDTH="15" VPOS="1772" HPOS="788"/>
                  <String HEIGHT="48"
                          WIDTH="165"
                          VPOS="1772"
                          HPOS="743"
                          CONTENT="falsum,"/>
                  <SP HEIGHT="48" WIDTH="15" VPOS="1772" HPOS="907"/>
                  <String HEIGHT="48"
                          WIDTH="120"
                          VPOS="1772"
                          HPOS="862"
                          CONTENT="quia"/>
                  <SP HEIGHT="48" WIDTH="15" VPOS="1772" HPOS="982"/>
                  <String HEIGHT="48"
                          WIDTH="150"
                          VPOS="1772"
                          HPOS="937"
                          CONTENT="nullam"/>
                  <SP HEIGHT="48" WIDTH="15" VPOS="1772" HPOS="1087"/>
                  <String HEIGHT="48" WIDTH="30" VPOS="1772" HPOS="1027" CONTENT=""/>
               </TextLine>
               <TextLine ID="r2l40"
                         BASELINE="1850"
                         HEIGHT="51"
                         WIDTH="848"
                         VPOS="1799"
                         HPOS="201">
                  <String HEIGHT="51"
                          WIDTH="197"
                          VPOS="1799"
                          HPOS="186"
                          CONTENT="creaturam"/>
                  <SP HEIGHT="51" WIDTH="15" VPOS="1799" HPOS="383"/>
                  <String HEIGHT="51"
                          WIDTH="121"
                          VPOS="1799"
                          HPOS="337"
                          CONTENT="deus"/>
                  <SP HEIGHT="51" WIDTH="15" VPOS="1799" HPOS="458"/>
                  <String HEIGHT="51"
                          WIDTH="182"
                          VPOS="1799"
                          HPOS="413"
                          CONTENT="producit"/>
                  <SP HEIGHT="51" WIDTH="15" VPOS="1799" HPOS="595"/>
                  <String HEIGHT="51"
                          WIDTH="227"
                          VPOS="1799"
                          HPOS="549"
                          CONTENT="necessario,"/>
                  <SP HEIGHT="51" WIDTH="15" VPOS="1799" HPOS="776"/>
                  <String HEIGHT="51"
                          WIDTH="106"
                          VPOS="1799"
                          HPOS="731"
                          CONTENT="sed"/>
                  <SP HEIGHT="51" WIDTH="15" VPOS="1799" HPOS="837"/>
                  <String HEIGHT="51"
                          WIDTH="136"
                          VPOS="1799"
                          HPOS="792"
                          CONTENT="solum"/>
                  <SP HEIGHT="51" WIDTH="15" VPOS="1799" HPOS="928"/>
                  <String HEIGHT="51"
                          WIDTH="167"
                          VPOS="1799"
                          HPOS="882"
                          CONTENT="libere,"/>
                  <SP HEIGHT="51" WIDTH="15" VPOS="1799" HPOS="1049"/>
                  <String HEIGHT="51" WIDTH="76" VPOS="1799" HPOS="1004" CONTENT="&amp;"/>
                  <SP HEIGHT="51" WIDTH="15" VPOS="1799" HPOS="1079"/>
                  <String HEIGHT="51" WIDTH="30" VPOS="1799" HPOS="1019" CONTENT=""/>
               </TextLine>
               <TextLine ID="r2l41"
                         BASELINE="1890"
                         HEIGHT="51"
                         WIDTH="849"
                         VPOS="1839"
                         HPOS="200">
                  <String HEIGHT="51"
                          WIDTH="256"
                          VPOS="1839"
                          HPOS="184"
                          CONTENT="contingenter"/>
                  <SP HEIGHT="51" WIDTH="16" VPOS="1839" HPOS="440"/>
                  <String HEIGHT="51"
                          WIDTH="256"
                          VPOS="1839"
                          HPOS="392"
                          CONTENT="Consequentia"/>
                  <SP HEIGHT="51" WIDTH="16" VPOS="1839" HPOS="649"/>
                  <String HEIGHT="51"
                          WIDTH="144"
                          VPOS="1839"
                          HPOS="600"
                          CONTENT="etiam"/>
                  <SP HEIGHT="51" WIDTH="16" VPOS="1839" HPOS="745"/>
                  <String HEIGHT="51"
                          WIDTH="160"
                          VPOS="1839"
                          HPOS="697"
                          CONTENT="patet,"/>
                  <SP HEIGHT="51" WIDTH="16" VPOS="1839" HPOS="857"/>
                  <String HEIGHT="51"
                          WIDTH="128"
                          VPOS="1839"
                          HPOS="809"
                          CONTENT="quia"/>
                  <SP HEIGHT="51" WIDTH="16" VPOS="1839" HPOS="937"/>
                  <String HEIGHT="51"
                          WIDTH="144"
                          VPOS="1839"
                          HPOS="889"
                          CONTENT="actus"/>
                  <SP HEIGHT="51" WIDTH="16" VPOS="1839" HPOS="1033"/>
                  <String HEIGHT="51"
                          WIDTH="80"
                          VPOS="1839"
                          HPOS="969"
                          CONTENT="co"
                          SUBS_TYPE="HypPart1"
                          SUBS_CONTENT="cognoscendi,"/>
                  <HYP CONTENT="-"/>
               </TextLine>
               <TextLine ID="r2l42"
                         BASELINE="1940"
                         HEIGHT="52"
                         WIDTH="868"
                         VPOS="1888"
                         HPOS="197">
                  <String HEIGHT="52"
                          WIDTH="217"
                          VPOS="1888"
                          HPOS="182"
                          CONTENT="gnoscendi,"
                          SUBS_TYPE="HypPart2"
                          SUBS_CONTENT="cognoscendi,"/>
                  <SP HEIGHT="52" WIDTH="16" VPOS="1888" HPOS="399"/>
                  <String HEIGHT="52"
                          WIDTH="109"
                          VPOS="1888"
                          HPOS="352"
                          CONTENT="qui"/>
                  <SP HEIGHT="52" WIDTH="16" VPOS="1888" HPOS="461"/>
                  <String HEIGHT="52"
                          WIDTH="186"
                          VPOS="1888"
                          HPOS="414"
                          CONTENT="sequitur"/>
                  <SP HEIGHT="52" WIDTH="16" VPOS="1888" HPOS="600"/>
                  <String HEIGHT="52" WIDTH="93" VPOS="1888" HPOS="554" CONTENT="ad"/>
                  <SP HEIGHT="52" WIDTH="16" VPOS="1888" HPOS="647"/>
                  <String HEIGHT="52"
                          WIDTH="140"
                          VPOS="1888"
                          HPOS="600"
                          CONTENT="illam"/>
                  <SP HEIGHT="52" WIDTH="16" VPOS="1888" HPOS="740"/>
                  <String HEIGHT="52"
                          WIDTH="233"
                          VPOS="1888"
                          HPOS="693"
                          CONTENT="necesseriam"/>
                  <SP HEIGHT="52" WIDTH="16" VPOS="1888" HPOS="926"/>
                  <String HEIGHT="52"
                          WIDTH="202"
                          VPOS="1888"
                          HPOS="864"
                          CONTENT="repraesenta"/>
               </TextLine>
               <TextLine ID="r2l43"
                         BASELINE="1979"
                         HEIGHT="60"
                         WIDTH="856"
                         VPOS="1919"
                         HPOS="195">
                  <String HEIGHT="60"
                          WIDTH="178"
                          VPOS="1919"
                          HPOS="179"
                          CONTENT="tionem,"/>
                  <SP HEIGHT="60" WIDTH="16" VPOS="1919" HPOS="357"/>
                  <String HEIGHT="60"
                          WIDTH="145"
                          VPOS="1919"
                          HPOS="308"
                          CONTENT="esset"/>
                  <SP HEIGHT="60" WIDTH="16" VPOS="1919" HPOS="453"/>
                  <String HEIGHT="60"
                          WIDTH="129"
                          VPOS="1919"
                          HPOS="405"
                          CONTENT="vera"/>
                  <SP HEIGHT="60" WIDTH="16" VPOS="1919" HPOS="534"/>
                  <String HEIGHT="60"
                          WIDTH="194"
                          VPOS="1919"
                          HPOS="486"
                          CONTENT="creatura"/>
                  <SP HEIGHT="60" WIDTH="16" VPOS="1919" HPOS="680"/>
                  <String HEIGHT="60"
                          WIDTH="113"
                          VPOS="1919"
                          HPOS="631"
                          CONTENT="per"/>
                  <SP HEIGHT="60" WIDTH="16" VPOS="1919" HPOS="744"/>
                  <String HEIGHT="60"
                          WIDTH="210"
                          VPOS="1919"
                          HPOS="696"
                          CONTENT="huiusmodi"/>
                  <SP HEIGHT="60" WIDTH="16" VPOS="1919" HPOS="906"/>
                  <String HEIGHT="60"
                          WIDTH="210"
                          VPOS="1919"
                          HPOS="841"
                          CONTENT="necessariam"/>
               </TextLine>
               <TextLine ID="r2l44"
                         BASELINE="2016"
                         HEIGHT="45"
                         WIDTH="553"
                         VPOS="1971"
                         HPOS="204">
                  <String HEIGHT="45"
                          WIDTH="332"
                          VPOS="1971"
                          HPOS="188"
                          CONTENT="repraesentationem"/>
                  <SP HEIGHT="45" WIDTH="16" VPOS="1971" HPOS="520"/>
                  <String HEIGHT="45"
                          WIDTH="190"
                          VPOS="1971"
                          HPOS="473"
                          CONTENT="causata:"/>
                  <SP HEIGHT="45" WIDTH="16" VPOS="1971" HPOS="662"/>
                  <String HEIGHT="45"
                          WIDTH="126"
                          VPOS="1971"
                          HPOS="615"
                          CONTENT="ergo"/>
                  <SP HEIGHT="45" WIDTH="16" VPOS="1971" HPOS="741"/>
                  <String HEIGHT="45" WIDTH="79" VPOS="1971" HPOS="678" CONTENT="&amp;c."/>
               </TextLine>
               <TextLine ID="r2l45"
                         BASELINE="2051"
                         HEIGHT="58"
                         WIDTH="846"
                         VPOS="1993"
                         HPOS="215">
                  <String HEIGHT="58" WIDTH="85" VPOS="1993" HPOS="198" CONTENT="2"/>
                  <SP HEIGHT="58" WIDTH="17" VPOS="1993" HPOS="283"/>
                  <String HEIGHT="58"
                          WIDTH="237"
                          VPOS="1993"
                          HPOS="232"
                          CONTENT="Praeterea,"/>
                  <SP HEIGHT="58" WIDTH="17" VPOS="1993" HPOS="469"/>
                  <String HEIGHT="58"
                          WIDTH="169"
                          VPOS="1993"
                          HPOS="418"
                          CONTENT="nullum"/>
                  <SP HEIGHT="58" WIDTH="17" VPOS="1993" HPOS="587"/>
                  <String HEIGHT="58"
                          WIDTH="152"
                          VPOS="1993"
                          HPOS="536"
                          CONTENT="actum"/>
                  <SP HEIGHT="58" WIDTH="17" VPOS="1993" HPOS="689"/>
                  <String HEIGHT="58"
                          WIDTH="254"
                          VPOS="1993"
                          HPOS="638"
                          CONTENT="transeuntem"/>
                  <SP HEIGHT="58" WIDTH="17" VPOS="1993" HPOS="892"/>
                  <String HEIGHT="58" WIDTH="102" VPOS="1993" HPOS="841" CONTENT="in"/>
                  <SP HEIGHT="58" WIDTH="17" VPOS="1993" HPOS="943"/>
                  <String HEIGHT="58"
                          WIDTH="186"
                          VPOS="1993"
                          HPOS="875"
                          CONTENT="creaturam"/>
               </TextLine>
               <TextLine ID="r2l46"
                         BASELINE="2100"
                         HEIGHT="55"
                         WIDTH="860"
                         VPOS="2045"
                         HPOS="191">
                  <String HEIGHT="55"
                          WIDTH="119"
                          VPOS="2045"
                          HPOS="176"
                          CONTENT="deus"/>
                  <SP HEIGHT="55" WIDTH="15" VPOS="2045" HPOS="295"/>
                  <String HEIGHT="55"
                          WIDTH="208"
                          VPOS="2045"
                          HPOS="250"
                          CONTENT="principiat"/>
                  <SP HEIGHT="55" WIDTH="15" VPOS="2045" HPOS="458"/>
                  <String HEIGHT="55"
                          WIDTH="222"
                          VPOS="2045"
                          HPOS="413"
                          CONTENT="necessario:"/>
                  <SP HEIGHT="55" WIDTH="15" VPOS="2045" HPOS="636"/>
                  <String HEIGHT="55"
                          WIDTH="104"
                          VPOS="2045"
                          HPOS="591"
                          CONTENT="Sed"/>
                  <SP HEIGHT="55" WIDTH="15" VPOS="2045" HPOS="695"/>
                  <String HEIGHT="55"
                          WIDTH="252"
                          VPOS="2045"
                          HPOS="651"
                          CONTENT="repraesentare"/>
                  <SP HEIGHT="55" WIDTH="15" VPOS="2045" HPOS="903"/>
                  <String HEIGHT="55"
                          WIDTH="193"
                          VPOS="2045"
                          HPOS="858"
                          CONTENT="essentias"/>
                  <SP HEIGHT="55" WIDTH="15" VPOS="2045" HPOS="1051"/>
                  <String HEIGHT="55" WIDTH="59" VPOS="2045" HPOS="992" CONTENT="re"/>
               </TextLine>
               <TextLine ID="r2l47"
                         BASELINE="2133"
                         HEIGHT="42"
                         WIDTH="847"
                         VPOS="2091"
                         HPOS="208">
                  <String HEIGHT="42"
                          WIDTH="106"
                          VPOS="2091"
                          HPOS="193"
                          CONTENT="rum"/>
                  <SP HEIGHT="42" WIDTH="15" VPOS="2091" HPOS="299"/>
                  <String HEIGHT="42"
                          WIDTH="227"
                          VPOS="2091"
                          HPOS="253"
                          CONTENT="intellectui"/>
                  <SP HEIGHT="42" WIDTH="15" VPOS="2091" HPOS="480"/>
                  <String HEIGHT="42"
                          WIDTH="151"
                          VPOS="2091"
                          HPOS="435"
                          CONTENT="creato"/>
                  <SP HEIGHT="42" WIDTH="15" VPOS="2091" HPOS="586"/>
                  <String HEIGHT="42"
                          WIDTH="106"
                          VPOS="2091"
                          HPOS="541"
                          CONTENT="est"/>
                  <SP HEIGHT="42" WIDTH="15" VPOS="2091" HPOS="647"/>
                  <String HEIGHT="42"
                          WIDTH="136"
                          VPOS="2091"
                          HPOS="601"
                          CONTENT="actus"/>
                  <SP HEIGHT="42" WIDTH="15" VPOS="2091" HPOS="737"/>
                  <String HEIGHT="42"
                          WIDTH="197"
                          VPOS="2091"
                          HPOS="692"
                          CONTENT="transiens"/>
                  <SP HEIGHT="42" WIDTH="15" VPOS="2091" HPOS="889"/>
                  <String HEIGHT="42" WIDTH="91" VPOS="2091" HPOS="843" CONTENT="in"/>
                  <SP HEIGHT="42" WIDTH="15" VPOS="2091" HPOS="934"/>
                  <String HEIGHT="42"
                          WIDTH="182"
                          VPOS="2091"
                          HPOS="874"
                          CONTENT="creaturam,"/>
               </TextLine>
               <TextLine ID="r2l48"
                         BASELINE="2176"
                         HEIGHT="46"
                         WIDTH="843"
                         VPOS="2130"
                         HPOS="206">
                  <String HEIGHT="46"
                          WIDTH="123"
                          VPOS="2130"
                          HPOS="191"
                          CONTENT="ergo"/>
                  <SP HEIGHT="46" WIDTH="15" VPOS="2130" HPOS="313"/>
                  <String HEIGHT="46"
                          WIDTH="107"
                          VPOS="2130"
                          HPOS="267"
                          CONTENT="&amp;c."/>
                  <SP HEIGHT="46" WIDTH="15" VPOS="2130" HPOS="375"/>
                  <String HEIGHT="46"
                          WIDTH="138"
                          VPOS="2130"
                          HPOS="329"
                          CONTENT="Maior"/>
                  <SP HEIGHT="46" WIDTH="15" VPOS="2130" HPOS="467"/>
                  <String HEIGHT="46"
                          WIDTH="153"
                          VPOS="2130"
                          HPOS="421"
                          CONTENT="patet,"/>
                  <SP HEIGHT="46" WIDTH="15" VPOS="2130" HPOS="574"/>
                  <String HEIGHT="46"
                          WIDTH="123"
                          VPOS="2130"
                          HPOS="528"
                          CONTENT="quia"/>
                  <SP HEIGHT="46" WIDTH="15" VPOS="2130" HPOS="650"/>
                  <String HEIGHT="46"
                          WIDTH="169"
                          VPOS="2130"
                          HPOS="605"
                          CONTENT="quamuis"/>
                  <SP HEIGHT="46" WIDTH="15" VPOS="2130" HPOS="773"/>
                  <String HEIGHT="46"
                          WIDTH="245"
                          VPOS="2130"
                          HPOS="727"
                          CONTENT="intelligere,"/>
                  <SP HEIGHT="46" WIDTH="15" VPOS="2130" HPOS="972"/>
                  <String HEIGHT="46" WIDTH="77" VPOS="2130" HPOS="926" CONTENT="&amp;"/>
                  <SP HEIGHT="46" WIDTH="15" VPOS="2130" HPOS="1003"/>
                  <String HEIGHT="46"
                          WIDTH="107"
                          VPOS="2130"
                          HPOS="942"
                          CONTENT="velle"/>
               </TextLine>
               <TextLine ID="r2l49"
                         BASELINE="2223"
                         HEIGHT="64"
                         WIDTH="843"
                         VPOS="2159"
                         HPOS="210">
                  <String HEIGHT="64"
                          WIDTH="123"
                          VPOS="2159"
                          HPOS="195"
                          CONTENT="quae"/>
                  <SP HEIGHT="64" WIDTH="15" VPOS="2159" HPOS="317"/>
                  <String HEIGHT="64"
                          WIDTH="123"
                          VPOS="2159"
                          HPOS="271"
                          CONTENT="sunt"/>
                  <SP HEIGHT="64" WIDTH="15" VPOS="2159" HPOS="394"/>
                  <String HEIGHT="64"
                          WIDTH="138"
                          VPOS="2159"
                          HPOS="348"
                          CONTENT="actus"/>
                  <SP HEIGHT="64" WIDTH="15" VPOS="2159" HPOS="486"/>
                  <String HEIGHT="64"
                          WIDTH="230"
                          VPOS="2159"
                          HPOS="440"
                          CONTENT="immanentes,"/>
                  <SP HEIGHT="64" WIDTH="15" VPOS="2159" HPOS="670"/>
                  <String HEIGHT="64" WIDTH="77" VPOS="2159" HPOS="624" CONTENT="&amp;"/>
                  <SP HEIGHT="64" WIDTH="15" VPOS="2159" HPOS="700"/>
                  <String HEIGHT="64"
                          WIDTH="199"
                          VPOS="2159"
                          HPOS="654"
                          CONTENT="generare,"/>
                  <SP HEIGHT="64" WIDTH="15" VPOS="2159" HPOS="854"/>
                  <String HEIGHT="64" WIDTH="77" VPOS="2159" HPOS="808" CONTENT="&amp;"/>
                  <SP HEIGHT="64" WIDTH="15" VPOS="2159" HPOS="884"/>
                  <String HEIGHT="64"
                          WIDTH="184"
                          VPOS="2159"
                          HPOS="838"
                          CONTENT="spirare,"/>
                  <SP HEIGHT="64" WIDTH="15" VPOS="2159" HPOS="1022"/>
                  <String HEIGHT="64"
                          WIDTH="92"
                          VPOS="2159"
                          HPOS="961"
                          CONTENT="quae"/>
               </TextLine>
               <TextLine ID="r2l50"
                         BASELINE="2253"
                         HEIGHT="48"
                         WIDTH="863"
                         VPOS="2205"
                         HPOS="198">
                  <String HEIGHT="48"
                          WIDTH="126"
                          VPOS="2205"
                          HPOS="182"
                          CONTENT="sunt"/>
                  <SP HEIGHT="48" WIDTH="16" VPOS="2205" HPOS="308"/>
                  <String HEIGHT="48"
                          WIDTH="141"
                          VPOS="2205"
                          HPOS="261"
                          CONTENT="actus"/>
                  <SP HEIGHT="48" WIDTH="16" VPOS="2205" HPOS="402"/>
                  <String HEIGHT="48"
                          WIDTH="188"
                          VPOS="2205"
                          HPOS="355"
                          CONTENT="habentes"/>
                  <SP HEIGHT="48" WIDTH="16" VPOS="2205" HPOS="543"/>
                  <String HEIGHT="48"
                          WIDTH="188"
                          VPOS="2205"
                          HPOS="496"
                          CONTENT="terminos"/>
                  <SP HEIGHT="48" WIDTH="16" VPOS="2205" HPOS="684"/>
                  <String HEIGHT="48"
                          WIDTH="126"
                          VPOS="2205"
                          HPOS="637"
                          CONTENT="suos"/>
                  <SP HEIGHT="48" WIDTH="16" VPOS="2205" HPOS="763"/>
                  <String HEIGHT="48" WIDTH="94" VPOS="2205" HPOS="716" CONTENT="ad"/>
                  <SP HEIGHT="48" WIDTH="16" VPOS="2205" HPOS="810"/>
                  <String HEIGHT="48"
                          WIDTH="157"
                          VPOS="2205"
                          HPOS="763"
                          CONTENT="intra,"/>
                  <SP HEIGHT="48" WIDTH="16" VPOS="2205" HPOS="920"/>
                  <String HEIGHT="48" WIDTH="78" VPOS="2205" HPOS="873" CONTENT="&amp;"/>
                  <SP HEIGHT="48" WIDTH="16" VPOS="2205" HPOS="951"/>
                  <String HEIGHT="48"
                          WIDTH="110"
                          VPOS="2205"
                          HPOS="904"
                          CONTENT="non"/>
                  <SP HEIGHT="48" WIDTH="16" VPOS="2205" HPOS="1014"/>
                  <String HEIGHT="48"
                          WIDTH="110"
                          VPOS="2205"
                          HPOS="951"
                          CONTENT="extra"/>
               </TextLine>
               <TextLine ID="r2l51"
                         BASELINE="2291"
                         HEIGHT="53"
                         WIDTH="855"
                         VPOS="2238"
                         HPOS="197">
                  <String HEIGHT="53"
                          WIDTH="188"
                          VPOS="2238"
                          HPOS="180"
                          CONTENT="naturam"/>
                  <SP HEIGHT="53" WIDTH="17" VPOS="2238" HPOS="368"/>
                  <String HEIGHT="53"
                          WIDTH="188"
                          VPOS="2238"
                          HPOS="317"
                          CONTENT="diuinam"/>
                  <SP HEIGHT="53" WIDTH="17" VPOS="2238" HPOS="505"/>
                  <String HEIGHT="53"
                          WIDTH="239"
                          VPOS="2238"
                          HPOS="454"
                          CONTENT="conueniant"/>
                  <SP HEIGHT="53" WIDTH="17" VPOS="2238" HPOS="693"/>
                  <String HEIGHT="53"
                          WIDTH="120"
                          VPOS="2238"
                          HPOS="642"
                          CONTENT="deo"/>
                  <SP HEIGHT="53" WIDTH="17" VPOS="2238" HPOS="761"/>
                  <String HEIGHT="53"
                          WIDTH="239"
                          VPOS="2238"
                          HPOS="710"
                          CONTENT="necessario"/>
                  <SP HEIGHT="53" WIDTH="17" VPOS="2238" HPOS="949"/>
                  <String HEIGHT="53"
                          WIDTH="171"
                          VPOS="2238"
                          HPOS="881"
                          CONTENT="necessi"
                          SUBS_TYPE="HypPart1"
                          SUBS_CONTENT="necessitate"/>
                  <HYP CONTENT="-"/>
               </TextLine>
               <TextLine ID="r2l52"
                         BASELINE="2332"
                         HEIGHT="41"
                         WIDTH="853"
                         VPOS="2291"
                         HPOS="197">
                  <String HEIGHT="41"
                          WIDTH="122"
                          VPOS="2291"
                          HPOS="182"
                          CONTENT="tate"
                          SUBS_TYPE="HypPart2"
                          SUBS_CONTENT="necessitate"/>
                  <SP HEIGHT="41" WIDTH="15" VPOS="2291" HPOS="304"/>
                  <String HEIGHT="41"
                          WIDTH="305"
                          VPOS="2291"
                          HPOS="258"
                          CONTENT="immutabilitatis:"/>
                  <SP HEIGHT="41" WIDTH="15" VPOS="2291" HPOS="563"/>
                  <String HEIGHT="41"
                          WIDTH="137"
                          VPOS="2291"
                          HPOS="517"
                          CONTENT="tamen"/>
                  <SP HEIGHT="41" WIDTH="15" VPOS="2291" HPOS="654"/>
                  <String HEIGHT="41"
                          WIDTH="152"
                          VPOS="2291"
                          HPOS="608"
                          CONTENT="nullus"/>
                  <SP HEIGHT="41" WIDTH="15" VPOS="2291" HPOS="761"/>
                  <String HEIGHT="41"
                          WIDTH="137"
                          VPOS="2291"
                          HPOS="715"
                          CONTENT="actus"/>
                  <SP HEIGHT="41" WIDTH="15" VPOS="2291" HPOS="852"/>
                  <String HEIGHT="41"
                          WIDTH="198"
                          VPOS="2291"
                          HPOS="806"
                          CONTENT="transiens"/>
                  <SP HEIGHT="41" WIDTH="15" VPOS="2291" HPOS="1004"/>
                  <String HEIGHT="41" WIDTH="76" VPOS="2291" HPOS="959" CONTENT="i"/>
                  <SP HEIGHT="41" WIDTH="15" VPOS="2291" HPOS="1035"/>
                  <String HEIGHT="41"
                          WIDTH="76"
                          VPOS="2291"
                          HPOS="974"
                          CONTENT="ex"
                          SUBS_TYPE="HypPart1"
                          SUBS_CONTENT="exteriorem"/>
                  <HYP CONTENT="-"/>
               </TextLine>
               <TextLine ID="r2l53"
                         BASELINE="2366"
                         HEIGHT="49"
                         WIDTH="858"
                         VPOS="2317"
                         HPOS="208">
                  <String HEIGHT="49"
                          WIDTH="198"
                          VPOS="2317"
                          HPOS="192"
                          CONTENT="teriorem"
                          SUBS_TYPE="HypPart2"
                          SUBS_CONTENT="exteriorem"/>
                  <SP HEIGHT="49" WIDTH="17" VPOS="2317" HPOS="390"/>
                  <String HEIGHT="49"
                          WIDTH="198"
                          VPOS="2317"
                          HPOS="340"
                          CONTENT="naturam,"/>
                  <SP HEIGHT="49" WIDTH="17" VPOS="2317" HPOS="538"/>
                  <String HEIGHT="49"
                          WIDTH="198"
                          VPOS="2317"
                          HPOS="489"
                          CONTENT="conuenit"/>
                  <SP HEIGHT="49" WIDTH="17" VPOS="2317" HPOS="687"/>
                  <String HEIGHT="49"
                          WIDTH="116"
                          VPOS="2317"
                          HPOS="637"
                          CONTENT="deo"/>
                  <SP HEIGHT="49" WIDTH="17" VPOS="2317" HPOS="753"/>
                  <String HEIGHT="49"
                          WIDTH="248"
                          VPOS="2317"
                          HPOS="703"
                          CONTENT="necessario,"/>
                  <SP HEIGHT="49" WIDTH="17" VPOS="2317" HPOS="951"/>
                  <String HEIGHT="49"
                          WIDTH="116"
                          VPOS="2317"
                          HPOS="901"
                          CONTENT="sed"/>
                  <SP HEIGHT="49" WIDTH="17" VPOS="2317" HPOS="1017"/>
                  <String HEIGHT="49"
                          WIDTH="116"
                          VPOS="2317"
                          HPOS="951"
                          CONTENT="solum"/>
               </TextLine>
               <TextLine ID="r2l54"
                         BASELINE="2411"
                         HEIGHT="53"
                         WIDTH="851"
                         VPOS="2358"
                         HPOS="206">
                  <String HEIGHT="53"
                          WIDTH="164"
                          VPOS="2358"
                          HPOS="191"
                          CONTENT="libere,"/>
                  <SP HEIGHT="53" WIDTH="15" VPOS="2358" HPOS="355"/>
                  <String HEIGHT="53" WIDTH="75" VPOS="2358" HPOS="311" CONTENT="&amp;"/>
                  <SP HEIGHT="53" WIDTH="15" VPOS="2358" HPOS="385"/>
                  <String HEIGHT="53"
                          WIDTH="254"
                          VPOS="2358"
                          HPOS="340"
                          CONTENT="contingenter,"/>
                  <SP HEIGHT="53" WIDTH="15" VPOS="2358" HPOS="594"/>
                  <String HEIGHT="53" WIDTH="90" VPOS="2358" HPOS="549" CONTENT="vt"/>
                  <SP HEIGHT="53" WIDTH="15" VPOS="2358" HPOS="639"/>
                  <String HEIGHT="53"
                          WIDTH="179"
                          VPOS="2358"
                          HPOS="594"
                          CONTENT="quilibet"/>
                  <SP HEIGHT="53" WIDTH="15" VPOS="2358" HPOS="773"/>
                  <String HEIGHT="53"
                          WIDTH="164"
                          VPOS="2358"
                          HPOS="729"
                          CONTENT="fidelis"/>
                  <SP HEIGHT="53" WIDTH="15" VPOS="2358" HPOS="893"/>
                  <String HEIGHT="53"
                          WIDTH="209"
                          VPOS="2358"
                          HPOS="848"
                          CONTENT="catholicus"/>
                  <SP HEIGHT="53" WIDTH="15" VPOS="2358" HPOS="1057"/>
                  <String HEIGHT="53" WIDTH="60" VPOS="2358" HPOS="997" CONTENT="ha"/>
               </TextLine>
               <TextLine ID="r2l55"
                         BASELINE="2451"
                         HEIGHT="53"
                         WIDTH="847"
                         VPOS="2398"
                         HPOS="205">
                  <String HEIGHT="53"
                          WIDTH="110"
                          VPOS="2398"
                          HPOS="189"
                          CONTENT="bet"/>
                  <SP HEIGHT="53" WIDTH="16" VPOS="2398" HPOS="299"/>
                  <String HEIGHT="53"
                          WIDTH="220"
                          VPOS="2398"
                          HPOS="252"
                          CONTENT="confiteri,"/>
                  <SP HEIGHT="53" WIDTH="16" VPOS="2398" HPOS="472"/>
                  <String HEIGHT="53"
                          WIDTH="173"
                          VPOS="2398"
                          HPOS="425"
                          CONTENT="quamuis"/>
                  <SP HEIGHT="53" WIDTH="16" VPOS="2398" HPOS="597"/>
                  <String HEIGHT="53"
                          WIDTH="157"
                          VPOS="2398"
                          HPOS="550"
                          CONTENT="aliqui"/>
                  <SP HEIGHT="53" WIDTH="16" VPOS="2398" HPOS="707"/>
                  <String HEIGHT="53"
                          WIDTH="220"
                          VPOS="2398"
                          HPOS="660"
                          CONTENT="philosophi"/>
                  <SP HEIGHT="53" WIDTH="16" VPOS="2398" HPOS="879"/>
                  <String HEIGHT="53"
                          WIDTH="204"
                          VPOS="2398"
                          HPOS="832"
                          CONTENT="oppositum"/>
                  <SP HEIGHT="53" WIDTH="16" VPOS="2398" HPOS="1036"/>
                  <String HEIGHT="53"
                          WIDTH="78"
                          VPOS="2398"
                          HPOS="974"
                          CONTENT="po"
                          SUBS_TYPE="HypPart1"
                          SUBS_CONTENT="posuerint,"/>
                  <HYP CONTENT="-"/>
               </TextLine>
               <TextLine ID="r2l56"
                         BASELINE="2485"
                         HEIGHT="48"
                         WIDTH="853"
                         VPOS="2437"
                         HPOS="208">
                  <String HEIGHT="48"
                          WIDTH="183"
                          VPOS="2437"
                          HPOS="193"
                          CONTENT="suerint,"
                          SUBS_TYPE="HypPart2"
                          SUBS_CONTENT="posuerint,"/>
                  <SP HEIGHT="48" WIDTH="15" VPOS="2437" HPOS="376"/>
                  <String HEIGHT="48"
                          WIDTH="107"
                          VPOS="2437"
                          HPOS="330"
                          CONTENT="qui"/>
                  <SP HEIGHT="48" WIDTH="15" VPOS="2437" HPOS="436"/>
                  <String HEIGHT="48"
                          WIDTH="183"
                          VPOS="2437"
                          HPOS="391"
                          CONTENT="dixerunt"/>
                  <SP HEIGHT="48" WIDTH="15" VPOS="2437" HPOS="574"/>
                  <String HEIGHT="48"
                          WIDTH="122"
                          VPOS="2437"
                          HPOS="528"
                          CONTENT="deum"/>
                  <SP HEIGHT="48" WIDTH="15" VPOS="2437" HPOS="650"/>
                  <String HEIGHT="48" WIDTH="91" VPOS="2437" HPOS="604" CONTENT="ex"/>
                  <SP HEIGHT="48" WIDTH="15" VPOS="2437" HPOS="695"/>
                  <String HEIGHT="48"
                          WIDTH="228"
                          VPOS="2437"
                          HPOS="650"
                          CONTENT="necessitate"/>
                  <SP HEIGHT="48" WIDTH="15" VPOS="2437" HPOS="878"/>
                  <String HEIGHT="48"
                          WIDTH="168"
                          VPOS="2437"
                          HPOS="833"
                          CONTENT="naturae"/>
                  <SP HEIGHT="48" WIDTH="15" VPOS="2437" HPOS="1000"/>
                  <String HEIGHT="48"
                          WIDTH="122"
                          VPOS="2437"
                          HPOS="939"
                          CONTENT="facere"/>
               </TextLine>
               <TextLine ID="r2l57"
                         BASELINE="2539"
                         HEIGHT="55"
                         WIDTH="839"
                         VPOS="2484"
                         HPOS="210">
                  <String HEIGHT="55"
                          WIDTH="160"
                          VPOS="2484"
                          HPOS="197"
                          CONTENT="quicquid"/>
                  <SP HEIGHT="55" WIDTH="13" VPOS="2484" HPOS="356"/>
                  <String HEIGHT="55"
                          WIDTH="133"
                          VPOS="2484"
                          HPOS="317"
                          CONTENT="facit."/>
                  <SP HEIGHT="55" WIDTH="13" VPOS="2484" HPOS="450"/>
                  <String HEIGHT="55"
                          WIDTH="120"
                          VPOS="2484"
                          HPOS="410"
                          CONTENT="Minor"/>
                  <SP HEIGHT="55" WIDTH="13" VPOS="2484" HPOS="530"/>
                  <String HEIGHT="55"
                          WIDTH="133"
                          VPOS="2484"
                          HPOS="490"
                          CONTENT="etitam"/>
                  <SP HEIGHT="55" WIDTH="13" VPOS="2484" HPOS="623"/>
                  <String HEIGHT="55"
                          WIDTH="133"
                          VPOS="2484"
                          HPOS="583"
                          CONTENT="patet,"/>
                  <SP HEIGHT="55" WIDTH="13" VPOS="2484" HPOS="716"/>
                  <String HEIGHT="55"
                          WIDTH="107"
                          VPOS="2484"
                          HPOS="676"
                          CONTENT="quia"/>
                  <SP HEIGHT="55" WIDTH="13" VPOS="2484" HPOS="783"/>
                  <String HEIGHT="55"
                          WIDTH="133"
                          VPOS="2484"
                          HPOS="743"
                          CONTENT="actus,"/>
                  <SP HEIGHT="55" WIDTH="13" VPOS="2484" HPOS="876"/>
                  <String HEIGHT="55" WIDTH="93" VPOS="2484" HPOS="836" CONTENT="qui"/>
                  <SP HEIGHT="55" WIDTH="13" VPOS="2484" HPOS="929"/>
                  <String HEIGHT="55" WIDTH="93" VPOS="2484" HPOS="889" CONTENT="est"/>
                  <SP HEIGHT="55" WIDTH="13" VPOS="2484" HPOS="982"/>
                  <String HEIGHT="55"
                          WIDTH="120"
                          VPOS="2484"
                          HPOS="929"
                          CONTENT="reprae"
                          SUBS_TYPE="HypPart1"
                          SUBS_CONTENT="repraesentare,"/>
                  <HYP CONTENT="-"/>
               </TextLine>
               <TextLine ID="r2l58"
                         BASELINE="2571"
                         HEIGHT="42"
                         WIDTH="689"
                         VPOS="2529"
                         HPOS="198">
                  <String HEIGHT="42"
                          WIDTH="169"
                          VPOS="2529"
                          HPOS="184"
                          CONTENT="sentare,"
                          SUBS_TYPE="HypPart2"
                          SUBS_CONTENT="repraesentare,"/>
                  <SP HEIGHT="42" WIDTH="14" VPOS="2529" HPOS="353"/>
                  <String HEIGHT="42"
                          WIDTH="155"
                          VPOS="2529"
                          HPOS="310"
                          CONTENT="transit"/>
                  <SP HEIGHT="42" WIDTH="14" VPOS="2529" HPOS="465"/>
                  <String HEIGHT="42" WIDTH="84" VPOS="2529" HPOS="423" CONTENT="ad"/>
                  <SP HEIGHT="42" WIDTH="14" VPOS="2529" HPOS="507"/>
                  <String HEIGHT="42"
                          WIDTH="141"
                          VPOS="2529"
                          HPOS="465"
                          CONTENT="illum,"/>
                  <SP HEIGHT="42" WIDTH="14" VPOS="2529" HPOS="606"/>
                  <String HEIGHT="42" WIDTH="98" VPOS="2529" HPOS="564" CONTENT="cui"/>
                  <SP HEIGHT="42" WIDTH="14" VPOS="2529" HPOS="662"/>
                  <String HEIGHT="42" WIDTH="98" VPOS="2529" HPOS="620" CONTENT="fit"/>
                  <SP HEIGHT="42" WIDTH="14" VPOS="2529" HPOS="718"/>
                  <String HEIGHT="42"
                          WIDTH="225"
                          VPOS="2529"
                          HPOS="662"
                          CONTENT="repraesentatio"/>
               </TextLine>
               <TextLine ID="r2l59"
                         BASELINE="2604"
                         HEIGHT="51"
                         WIDTH="771"
                         VPOS="2553"
                         HPOS="282">
                  <String HEIGHT="51"
                          WIDTH="208"
                          VPOS="2553"
                          HPOS="267"
                          CONTENT="Praeterea,"/>
                  <SP HEIGHT="51" WIDTH="15" VPOS="2553" HPOS="475"/>
                  <String HEIGHT="51"
                          WIDTH="148"
                          VPOS="2553"
                          HPOS="430"
                          CONTENT="nullus"/>
                  <SP HEIGHT="51" WIDTH="15" VPOS="2553" HPOS="579"/>
                  <String HEIGHT="51"
                          WIDTH="133"
                          VPOS="2553"
                          HPOS="534"
                          CONTENT="actus"/>
                  <SP HEIGHT="51" WIDTH="15" VPOS="2553" HPOS="668"/>
                  <String HEIGHT="51"
                          WIDTH="104"
                          VPOS="2553"
                          HPOS="623"
                          CONTENT="est"/>
                  <SP HEIGHT="51" WIDTH="15" VPOS="2553" HPOS="727"/>
                  <String HEIGHT="51"
                          WIDTH="237"
                          VPOS="2553"
                          HPOS="682"
                          CONTENT="necessarius,"/>
                  <SP HEIGHT="51" WIDTH="15" VPOS="2553" HPOS="920"/>
                  <String HEIGHT="51"
                          WIDTH="133"
                          VPOS="2553"
                          HPOS="875"
                          CONTENT="cuius"/>
                  <SP HEIGHT="51" WIDTH="15" VPOS="2553" HPOS="1009"/>
                  <String HEIGHT="51"
                          WIDTH="104"
                          VPOS="2553"
                          HPOS="949"
                          CONTENT="termi"/>
               </TextLine>
               <TextLine ID="r2l61"
                         BASELINE="2653"
                         HEIGHT="59"
                         WIDTH="855"
                         VPOS="2594"
                         HPOS="204">
                  <String HEIGHT="59"
                          WIDTH="111"
                          VPOS="2594"
                          HPOS="188"
                          CONTENT="nus"/>
                  <SP HEIGHT="59" WIDTH="16" VPOS="2594" HPOS="299"/>
                  <String HEIGHT="59"
                          WIDTH="127"
                          VPOS="2594"
                          HPOS="251"
                          CONTENT="form"/>
                  <SP HEIGHT="59" WIDTH="16" VPOS="2594" HPOS="378"/>
                  <String HEIGHT="59"
                          WIDTH="127"
                          VPOS="2594"
                          HPOS="331"
                          CONTENT="alis"/>
                  <SP HEIGHT="59" WIDTH="16" VPOS="2594" HPOS="457"/>
                  <String HEIGHT="59"
                          WIDTH="111"
                          VPOS="2594"
                          HPOS="410"
                          CONTENT="est"/>
                  <SP HEIGHT="59" WIDTH="16" VPOS="2594" HPOS="521"/>
                  <String HEIGHT="59"
                          WIDTH="222"
                          VPOS="2594"
                          HPOS="473"
                          CONTENT="contingens"/>
                  <SP HEIGHT="59" WIDTH="16" VPOS="2594" HPOS="695"/>
                  <String HEIGHT="59"
                          WIDTH="111"
                          VPOS="2594"
                          HPOS="647"
                          CONTENT="Sed"/>
                  <SP HEIGHT="59" WIDTH="16" VPOS="2594" HPOS="758"/>
                  <String HEIGHT="59"
                          WIDTH="190"
                          VPOS="2594"
                          HPOS="711"
                          CONTENT="terminus"/>
                  <SP HEIGHT="59" WIDTH="16" VPOS="2594" HPOS="901"/>
                  <String HEIGHT="59"
                          WIDTH="190"
                          VPOS="2594"
                          HPOS="853"
                          CONTENT="formalis"/>
                  <SP HEIGHT="59" WIDTH="16" VPOS="2594" HPOS="1043"/>
                  <String HEIGHT="59"
                          WIDTH="79"
                          VPOS="2594"
                          HPOS="980"
                          CONTENT="re"
                          SUBS_TYPE="HypPart1"
                          SUBS_CONTENT="repraesentationis,"/>
                  <HYP CONTENT="-"/>
               </TextLine>
               <TextLine ID="r2l62"
                         BASELINE="2696"
                         HEIGHT="57"
                         WIDTH="857"
                         VPOS="2639"
                         HPOS="204">
                  <String HEIGHT="57"
                          WIDTH="301"
                          VPOS="2639"
                          HPOS="189"
                          CONTENT="praesentationis,"
                          SUBS_TYPE="HypPart2"
                          SUBS_CONTENT="repraesentationis,"/>
                  <SP HEIGHT="57" WIDTH="15" VPOS="2639" HPOS="490"/>
                  <String HEIGHT="57"
                          WIDTH="105"
                          VPOS="2639"
                          HPOS="445"
                          CONTENT="qua"/>
                  <SP HEIGHT="57" WIDTH="15" VPOS="2639" HPOS="550"/>
                  <String HEIGHT="57"
                          WIDTH="180"
                          VPOS="2639"
                          HPOS="505"
                          CONTENT="essentia"/>
                  <SP HEIGHT="57" WIDTH="15" VPOS="2639" HPOS="685"/>
                  <String HEIGHT="57"
                          WIDTH="150"
                          VPOS="2639"
                          HPOS="640"
                          CONTENT="diuina"/>
                  <SP HEIGHT="57" WIDTH="15" VPOS="2639" HPOS="790"/>
                  <String HEIGHT="57"
                          WIDTH="226"
                          VPOS="2639"
                          HPOS="745"
                          CONTENT="representat"/>
                  <SP HEIGHT="57" WIDTH="15" VPOS="2639" HPOS="971"/>
                  <String HEIGHT="57" WIDTH="90" VPOS="2639" HPOS="926" CONTENT="ad"/>
                  <SP HEIGHT="57" WIDTH="15" VPOS="2639" HPOS="1016"/>
                  <String HEIGHT="57"
                          WIDTH="105"
                          VPOS="2639"
                          HPOS="956"
                          CONTENT="extra"/>
               </TextLine>
               <TextLine ID="r2l63"
                         BASELINE="2730"
                         HEIGHT="55"
                         WIDTH="841"
                         VPOS="2675"
                         HPOS="216">
                  <String HEIGHT="55"
                          WIDTH="195"
                          VPOS="2675"
                          HPOS="201"
                          CONTENT="essentias"/>
                  <SP HEIGHT="55" WIDTH="15" VPOS="2675" HPOS="396"/>
                  <String HEIGHT="55"
                          WIDTH="240"
                          VPOS="2675"
                          HPOS="351"
                          CONTENT="creaturarum,"/>
                  <SP HEIGHT="55" WIDTH="15" VPOS="2675" HPOS="591"/>
                  <String HEIGHT="55"
                          WIDTH="105"
                          VPOS="2675"
                          HPOS="546"
                          CONTENT="est"/>
                  <SP HEIGHT="55" WIDTH="15" VPOS="2675" HPOS="652"/>
                  <String HEIGHT="55"
                          WIDTH="225"
                          VPOS="2675"
                          HPOS="606"
                          CONTENT="contingens,"/>
                  <SP HEIGHT="55" WIDTH="15" VPOS="2675" HPOS="832"/>
                  <String HEIGHT="55"
                          WIDTH="120"
                          VPOS="2675"
                          HPOS="787"
                          CONTENT="ergo"/>
                  <SP HEIGHT="55" WIDTH="15" VPOS="2675" HPOS="907"/>
                  <String HEIGHT="55"
                          WIDTH="105"
                          VPOS="2675"
                          HPOS="862"
                          CONTENT="&amp;c."/>
                  <SP HEIGHT="55" WIDTH="15" VPOS="2675" HPOS="967"/>
                  <String HEIGHT="55"
                          WIDTH="135"
                          VPOS="2675"
                          HPOS="922"
                          CONTENT="Maior"/>
                  <SP HEIGHT="55" WIDTH="15" VPOS="2675" HPOS="1057"/>
                  <String HEIGHT="55" WIDTH="60" VPOS="2675" HPOS="997" CONTENT="pr"/>
               </TextLine>
               <TextLine ID="r2l64"
                         BASELINE="2774"
                         HEIGHT="51"
                         WIDTH="855"
                         VPOS="2723"
                         HPOS="211">
                  <String HEIGHT="51"
                          WIDTH="158"
                          VPOS="2723"
                          HPOS="195"
                          CONTENT="batur,"/>
                  <SP HEIGHT="51" WIDTH="16" VPOS="2723" HPOS="354"/>
                  <String HEIGHT="51"
                          WIDTH="127"
                          VPOS="2723"
                          HPOS="306"
                          CONTENT="quia"/>
                  <SP HEIGHT="51" WIDTH="16" VPOS="2723" HPOS="433"/>
                  <String HEIGHT="51"
                          WIDTH="143"
                          VPOS="2723"
                          HPOS="385"
                          CONTENT="actus"/>
                  <SP HEIGHT="51" WIDTH="16" VPOS="2723" HPOS="528"/>
                  <String HEIGHT="51"
                          WIDTH="158"
                          VPOS="2723"
                          HPOS="480"
                          CONTENT="habens"/>
                  <SP HEIGHT="51" WIDTH="16" VPOS="2723" HPOS="639"/>
                  <String HEIGHT="51"
                          WIDTH="190"
                          VPOS="2723"
                          HPOS="591"
                          CONTENT="terminum"/>
                  <SP HEIGHT="51" WIDTH="16" VPOS="2723" HPOS="781"/>
                  <String HEIGHT="51"
                          WIDTH="253"
                          VPOS="2723"
                          HPOS="734"
                          CONTENT="specificatur"/>
                  <SP HEIGHT="51" WIDTH="16" VPOS="2723" HPOS="987"/>
                  <String HEIGHT="51" WIDTH="79" VPOS="2723" HPOS="939" CONTENT="a"/>
                  <SP HEIGHT="51" WIDTH="16" VPOS="2723" HPOS="1018"/>
                  <String HEIGHT="51"
                          WIDTH="111"
                          VPOS="2723"
                          HPOS="955"
                          CONTENT="termi"/>
               </TextLine>
               <TextLine ID="r2l65"
                         BASELINE="2807"
                         HEIGHT="52"
                         WIDTH="856"
                         VPOS="2755"
                         HPOS="207">
                  <String HEIGHT="52"
                          WIDTH="117"
                          VPOS="2755"
                          HPOS="190"
                          CONTENT="no,"/>
                  <SP HEIGHT="52" WIDTH="17" VPOS="2755" HPOS="308"/>
                  <String HEIGHT="52"
                          WIDTH="134"
                          VPOS="2755"
                          HPOS="257"
                          CONTENT="ideo"/>
                  <SP HEIGHT="52" WIDTH="17" VPOS="2755" HPOS="392"/>
                  <String HEIGHT="52"
                          WIDTH="117"
                          VPOS="2755"
                          HPOS="341"
                          CONTENT="non"/>
                  <SP HEIGHT="52" WIDTH="17" VPOS="2755" HPOS="459"/>
                  <String HEIGHT="52"
                          WIDTH="201"
                          VPOS="2755"
                          HPOS="408"
                          CONTENT="possumus"/>
                  <SP HEIGHT="52" WIDTH="17" VPOS="2755" HPOS="610"/>
                  <String HEIGHT="52"
                          WIDTH="218"
                          VPOS="2755"
                          HPOS="559"
                          CONTENT="imaginari"/>
                  <SP HEIGHT="52" WIDTH="17" VPOS="2755" HPOS="778"/>
                  <String HEIGHT="52"
                          WIDTH="185"
                          VPOS="2755"
                          HPOS="727"
                          CONTENT="maiorem"/>
                  <SP HEIGHT="52" WIDTH="17" VPOS="2755" HPOS="912"/>
                  <String HEIGHT="52"
                          WIDTH="218"
                          VPOS="2755"
                          HPOS="845"
                          CONTENT="necessitate"/>
               </TextLine>
               <TextLine ID="r2l66"
                         BASELINE="2848"
                         HEIGHT="48"
                         WIDTH="854"
                         VPOS="2800"
                         HPOS="204">
                  <String HEIGHT="48" WIDTH="95" VPOS="2800" HPOS="188" CONTENT="in"/>
                  <SP HEIGHT="48" WIDTH="16" VPOS="2800" HPOS="283"/>
                  <String HEIGHT="48"
                          WIDTH="190"
                          VPOS="2800"
                          HPOS="236"
                          CONTENT="actione,"/>
                  <SP HEIGHT="48" WIDTH="16" VPOS="2800" HPOS="425"/>
                  <String HEIGHT="48"
                          WIDTH="127"
                          VPOS="2800"
                          HPOS="378"
                          CONTENT="quam"/>
                  <SP HEIGHT="48" WIDTH="16" VPOS="2800" HPOS="504"/>
                  <String HEIGHT="48" WIDTH="95" VPOS="2800" HPOS="457" CONTENT="in"/>
                  <SP HEIGHT="48" WIDTH="16" VPOS="2800" HPOS="552"/>
                  <String HEIGHT="48"
                          WIDTH="190"
                          VPOS="2800"
                          HPOS="504"
                          CONTENT="termino."/>
                  <SP HEIGHT="48" WIDTH="16" VPOS="2800" HPOS="694"/>
                  <String HEIGHT="48"
                          WIDTH="142"
                          VPOS="2800"
                          HPOS="647"
                          CONTENT="Minor"/>
                  <SP HEIGHT="48" WIDTH="16" VPOS="2800" HPOS="789"/>
                  <String HEIGHT="48"
                          WIDTH="158"
                          VPOS="2800"
                          HPOS="742"
                          CONTENT="patet,"/>
                  <SP HEIGHT="48" WIDTH="16" VPOS="2800" HPOS="900"/>
                  <String HEIGHT="48"
                          WIDTH="127"
                          VPOS="2800"
                          HPOS="852"
                          CONTENT="quia"/>
                  <SP HEIGHT="48" WIDTH="16" VPOS="2800" HPOS="979"/>
                  <String HEIGHT="48"
                          WIDTH="111"
                          VPOS="2800"
                          HPOS="931"
                          CONTENT="non"/>
                  <SP HEIGHT="48" WIDTH="16" VPOS="2800" HPOS="1042"/>
                  <String HEIGHT="48"
                          WIDTH="79"
                          VPOS="2800"
                          HPOS="979"
                          CONTENT="ob"
                          SUBS_TYPE="HypPart1"
                          SUBS_CONTENT="obstante,"/>
                  <HYP CONTENT="-"/>
               </TextLine>
               <TextLine ID="r2l67"
                         BASELINE="2881"
                         HEIGHT="49"
                         WIDTH="857"
                         VPOS="2832"
                         HPOS="213">
                  <String HEIGHT="49"
                          WIDTH="168"
                          VPOS="2832"
                          HPOS="198"
                          CONTENT="stante,"
                          SUBS_TYPE="HypPart2"
                          SUBS_CONTENT="obstante,"/>
                  <SP HEIGHT="49" WIDTH="15" VPOS="2832" HPOS="366"/>
                  <String HEIGHT="49"
                          WIDTH="122"
                          VPOS="2832"
                          HPOS="320"
                          CONTENT="quod"/>
                  <SP HEIGHT="49" WIDTH="15" VPOS="2832" HPOS="443"/>
                  <String HEIGHT="49"
                          WIDTH="230"
                          VPOS="2832"
                          HPOS="397"
                          CONTENT="intellectus"/>
                  <SP HEIGHT="49" WIDTH="15" VPOS="2832" HPOS="626"/>
                  <String HEIGHT="49"
                          WIDTH="168"
                          VPOS="2832"
                          HPOS="580"
                          CONTENT="creatus"/>
                  <SP HEIGHT="49" WIDTH="15" VPOS="2832" HPOS="749"/>
                  <String HEIGHT="49"
                          WIDTH="199"
                          VPOS="2832"
                          HPOS="703"
                          CONTENT="essentiam"/>
                  <SP HEIGHT="49" WIDTH="15" VPOS="2832" HPOS="902"/>
                  <String HEIGHT="49"
                          WIDTH="168"
                          VPOS="2832"
                          HPOS="856"
                          CONTENT="diuinam"/>
                  <SP HEIGHT="49" WIDTH="15" VPOS="2832" HPOS="1024"/>
                  <String HEIGHT="49"
                          WIDTH="107"
                          VPOS="2832"
                          HPOS="963"
                          CONTENT="intel"/>
               </TextLine>
               <TextLine ID="r2l68"
                         BASELINE="2922"
                         HEIGHT="49"
                         WIDTH="851"
                         VPOS="2873"
                         HPOS="214">
                  <String HEIGHT="49"
                          WIDTH="133"
                          VPOS="2873"
                          HPOS="201"
                          CONTENT="ligat,"/>
                  <SP HEIGHT="49" WIDTH="13" VPOS="2873" HPOS="334"/>
                  <String HEIGHT="49" WIDTH="80" VPOS="2873" HPOS="294" CONTENT="in"/>
                  <SP HEIGHT="49" WIDTH="13" VPOS="2873" HPOS="374"/>
                  <String HEIGHT="49" WIDTH="93" VPOS="2873" HPOS="334" CONTENT="qua"/>
                  <SP HEIGHT="49" WIDTH="13" VPOS="2873" HPOS="427"/>
                  <String HEIGHT="49"
                          WIDTH="120"
                          VPOS="2873"
                          HPOS="387"
                          CONTENT="omnes"/>
                  <SP HEIGHT="49" WIDTH="13" VPOS="2873" HPOS="507"/>
                  <String HEIGHT="49"
                          WIDTH="173"
                          VPOS="2873"
                          HPOS="467"
                          CONTENT="essentiae"/>
                  <SP HEIGHT="49" WIDTH="13" VPOS="2873" HPOS="640"/>
                  <String HEIGHT="49"
                          WIDTH="199"
                          VPOS="2873"
                          HPOS="600"
                          CONTENT="creaturarum"/>
                  <SP HEIGHT="49" WIDTH="13" VPOS="2873" HPOS="799"/>
                  <String HEIGHT="49"
                          WIDTH="173"
                          VPOS="2873"
                          HPOS="759"
                          CONTENT="relucent,"/>
                  <SP HEIGHT="49" WIDTH="13" VPOS="2873" HPOS="932"/>
                  <String HEIGHT="49"
                          WIDTH="120"
                          VPOS="2873"
                          HPOS="892"
                          CONTENT="tamen"/>
                  <SP HEIGHT="49" WIDTH="13" VPOS="2873" HPOS="1012"/>
                  <String HEIGHT="49"
                          WIDTH="106"
                          VPOS="2873"
                          HPOS="959"
                          CONTENT="reprae"/>
               </TextLine>
               <TextLine ID="r2l69"
                         BASELINE="2971"
                         HEIGHT="59"
                         WIDTH="864"
                         VPOS="2912"
                         HPOS="208">
                  <String HEIGHT="59"
                          WIDTH="189"
                          VPOS="2912"
                          HPOS="192"
                          CONTENT="sentatum"/>
                  <SP HEIGHT="59" WIDTH="16" VPOS="2912" HPOS="381"/>
                  <String HEIGHT="59"
                          WIDTH="126"
                          VPOS="2912"
                          HPOS="334"
                          CONTENT="esse"/>
                  <SP HEIGHT="59" WIDTH="16" VPOS="2912" HPOS="459"/>
                  <String HEIGHT="59"
                          WIDTH="236"
                          VPOS="2912"
                          HPOS="412"
                          CONTENT="essentiarum"/>
                  <SP HEIGHT="59" WIDTH="16" VPOS="2912" HPOS="648"/>
                  <String HEIGHT="59"
                          WIDTH="173"
                          VPOS="2912"
                          HPOS="601"
                          CONTENT="ipsarum"/>
                  <SP HEIGHT="59" WIDTH="16" VPOS="2912" HPOS="774"/>
                  <String HEIGHT="59"
                          WIDTH="251"
                          VPOS="2912"
                          HPOS="726"
                          CONTENT="creaturarum,"/>
                  <SP HEIGHT="59" WIDTH="16" VPOS="2912" HPOS="978"/>
                  <String HEIGHT="59"
                          WIDTH="126"
                          VPOS="2912"
                          HPOS="931"
                          CONTENT="quod"/>
                  <SP HEIGHT="59" WIDTH="16" VPOS="2912" HPOS="1056"/>
                  <String HEIGHT="59" WIDTH="79" VPOS="2912" HPOS="993" CONTENT="est"/>
               </TextLine>
               <TextLine ID="r2l70"
                         BASELINE="3008"
                         HEIGHT="50"
                         WIDTH="850"
                         VPOS="2958"
                         HPOS="213">
                  <String HEIGHT="50"
                          WIDTH="182"
                          VPOS="2958"
                          HPOS="198"
                          CONTENT="terminus"/>
                  <SP HEIGHT="50" WIDTH="15" VPOS="2958" HPOS="380"/>
                  <String HEIGHT="50"
                          WIDTH="182"
                          VPOS="2958"
                          HPOS="334"
                          CONTENT="formalis"/>
                  <SP HEIGHT="50" WIDTH="15" VPOS="2958" HPOS="517"/>
                  <String HEIGHT="50"
                          WIDTH="197"
                          VPOS="2958"
                          HPOS="471"
                          CONTENT="praedicte"/>
                  <SP HEIGHT="50" WIDTH="15" VPOS="2958" HPOS="668"/>
                  <String HEIGHT="50"
                          WIDTH="319"
                          VPOS="2958"
                          HPOS="623"
                          CONTENT="representationis,"/>
                  <SP HEIGHT="50" WIDTH="15" VPOS="2958" HPOS="942"/>
                  <String HEIGHT="50"
                          WIDTH="106"
                          VPOS="2958"
                          HPOS="896"
                          CONTENT="non"/>
                  <SP HEIGHT="50" WIDTH="15" VPOS="2958" HPOS="1002"/>
                  <String HEIGHT="50"
                          WIDTH="121"
                          VPOS="2958"
                          HPOS="942"
                          CONTENT="recipi"/>
               </TextLine>
               <TextLine ID="r2l71"
                         BASELINE="3047"
                         HEIGHT="43"
                         WIDTH="853"
                         VPOS="3004"
                         HPOS="205">
                  <String HEIGHT="43"
                          WIDTH="101"
                          VPOS="3004"
                          HPOS="191"
                          CONTENT="tur"/>
                  <SP HEIGHT="43" WIDTH="14" VPOS="3004" HPOS="292"/>
                  <String HEIGHT="43" WIDTH="87" VPOS="3004" HPOS="248" CONTENT="in"/>
                  <SP HEIGHT="43" WIDTH="14" VPOS="3004" HPOS="335"/>
                  <String HEIGHT="43"
                          WIDTH="202"
                          VPOS="3004"
                          HPOS="292"
                          CONTENT="intellectu"/>
                  <SP HEIGHT="43" WIDTH="14" VPOS="3004" HPOS="494"/>
                  <String HEIGHT="43"
                          WIDTH="159"
                          VPOS="3004"
                          HPOS="451"
                          CONTENT="creato,"/>
                  <SP HEIGHT="43" WIDTH="14" VPOS="3004" HPOS="610"/>
                  <String HEIGHT="43"
                          WIDTH="116"
                          VPOS="3004"
                          HPOS="566"
                          CONTENT="nisi"/>
                  <SP HEIGHT="43" WIDTH="14" VPOS="3004" HPOS="682"/>
                  <String HEIGHT="43" WIDTH="87" VPOS="3004" HPOS="639" CONTENT="ad"/>
                  <SP HEIGHT="43" WIDTH="14" VPOS="3004" HPOS="725"/>
                  <String HEIGHT="43"
                          WIDTH="101"
                          VPOS="3004"
                          HPOS="682"
                          CONTENT="hoc"/>
                  <SP HEIGHT="43" WIDTH="14" VPOS="3004" HPOS="783"/>
                  <String HEIGHT="43"
                          WIDTH="116"
                          VPOS="3004"
                          HPOS="740"
                          CONTENT="sibi"/>
                  <SP HEIGHT="43" WIDTH="14" VPOS="3004" HPOS="856"/>
                  <String HEIGHT="43"
                          WIDTH="202"
                          VPOS="3004"
                          HPOS="812"
                          CONTENT="cooperetur"/>
                  <SP HEIGHT="43" WIDTH="14" VPOS="3004" HPOS="1015"/>
                  <String HEIGHT="43"
                          WIDTH="101"
                          VPOS="3004"
                          HPOS="957"
                          CONTENT="diui"
                          SUBS_TYPE="HypPart1"
                          SUBS_CONTENT="diuina"/>
                  <HYP CONTENT="-"/>
               </TextLine>
               <TextLine ID="r2l72"
                         BASELINE="3082"
                         HEIGHT="53"
                         WIDTH="856"
                         VPOS="3029"
                         HPOS="214">
                  <String HEIGHT="53"
                          WIDTH="95"
                          VPOS="3029"
                          HPOS="198"
                          CONTENT="na"
                          SUBS_TYPE="HypPart2"
                          SUBS_CONTENT="diuina"/>
                  <SP HEIGHT="53" WIDTH="16" VPOS="3029" HPOS="293"/>
                  <String HEIGHT="53"
                          WIDTH="238"
                          VPOS="3029"
                          HPOS="246"
                          CONTENT="influentia:"/>
                  <SP HEIGHT="53" WIDTH="16" VPOS="3029" HPOS="483"/>
                  <String HEIGHT="53"
                          WIDTH="111"
                          VPOS="3029"
                          HPOS="436"
                          CONTENT="Sed"/>
                  <SP HEIGHT="53" WIDTH="16" VPOS="3029" HPOS="547"/>
                  <String HEIGHT="53" WIDTH="95" VPOS="3029" HPOS="499" CONTENT="ad"/>
                  <SP HEIGHT="53" WIDTH="16" VPOS="3029" HPOS="594"/>
                  <String HEIGHT="53"
                          WIDTH="206"
                          VPOS="3029"
                          HPOS="547"
                          CONTENT="huiusmodi"/>
                  <SP HEIGHT="53" WIDTH="16" VPOS="3029" HPOS="753"/>
                  <String HEIGHT="53"
                          WIDTH="238"
                          VPOS="3029"
                          HPOS="705"
                          CONTENT="influentiam"/>
                  <SP HEIGHT="53" WIDTH="16" VPOS="3029" HPOS="943"/>
                  <String HEIGHT="53"
                          WIDTH="111"
                          VPOS="3029"
                          HPOS="896"
                          CONTENT="non"/>
                  <SP HEIGHT="53" WIDTH="16" VPOS="3029" HPOS="1007"/>
                  <String HEIGHT="53"
                          WIDTH="127"
                          VPOS="3029"
                          HPOS="943"
                          CONTENT="neces"
                          SUBS_TYPE="HypPart1"
                          SUBS_CONTENT="necessitatur"/>
                  <HYP CONTENT="-"/>
               </TextLine>
               <TextLine ID="r2l73"
                         BASELINE="3125"
                         HEIGHT="50"
                         WIDTH="859"
                         VPOS="3075"
                         HPOS="207">
                  <String HEIGHT="50"
                          WIDTH="163"
                          VPOS="3075"
                          HPOS="192"
                          CONTENT="sitatur"
                          SUBS_TYPE="HypPart2"
                          SUBS_CONTENT="necessitatur"/>
                  <SP HEIGHT="50" WIDTH="15" VPOS="3075" HPOS="355"/>
                  <String HEIGHT="50"
                          WIDTH="118"
                          VPOS="3075"
                          HPOS="311"
                          CONTENT="ipse"/>
                  <SP HEIGHT="50" WIDTH="15" VPOS="3075" HPOS="429"/>
                  <String HEIGHT="50"
                          WIDTH="133"
                          VPOS="3075"
                          HPOS="385"
                          CONTENT="Deus:"/>
                  <SP HEIGHT="50" WIDTH="15" VPOS="3075" HPOS="518"/>
                  <String HEIGHT="50"
                          WIDTH="118"
                          VPOS="3075"
                          HPOS="474"
                          CONTENT="ergo"/>
                  <SP HEIGHT="50" WIDTH="15" VPOS="3075" HPOS="592"/>
                  <String HEIGHT="50"
                          WIDTH="178"
                          VPOS="3075"
                          HPOS="548"
                          CONTENT="terminus"/>
                  <SP HEIGHT="50" WIDTH="15" VPOS="3075" HPOS="725"/>
                  <String HEIGHT="50"
                          WIDTH="178"
                          VPOS="3075"
                          HPOS="681"
                          CONTENT="formalis"/>
                  <SP HEIGHT="50" WIDTH="15" VPOS="3075" HPOS="859"/>
                  <String HEIGHT="50"
                          WIDTH="148"
                          VPOS="3075"
                          HPOS="814"
                          CONTENT="ipsius"/>
                  <SP HEIGHT="50" WIDTH="15" VPOS="3075" HPOS="962"/>
                  <String HEIGHT="50"
                          WIDTH="163"
                          VPOS="3075"
                          HPOS="903"
                          CONTENT="repraesen"/>
               </TextLine>
               <TextLine ID="r2l74"
                         BASELINE="3166"
                         HEIGHT="51"
                         WIDTH="861"
                         VPOS="3115"
                         HPOS="204">
                  <String HEIGHT="51"
                          WIDTH="200"
                          VPOS="3115"
                          HPOS="189"
                          CONTENT="tationis."/>
                  <SP HEIGHT="51" WIDTH="15" VPOS="3115" HPOS="389"/>
                  <String HEIGHT="51"
                          WIDTH="154"
                          VPOS="3115"
                          HPOS="342"
                          CONTENT="sipsum"/>
                  <SP HEIGHT="51" WIDTH="15" VPOS="3115" HPOS="496"/>
                  <String HEIGHT="51"
                          WIDTH="261"
                          VPOS="3115"
                          HPOS="450"
                          CONTENT="representatum"/>
                  <SP HEIGHT="51" WIDTH="15" VPOS="3115" HPOS="711"/>
                  <String HEIGHT="51"
                          WIDTH="138"
                          VPOS="3115"
                          HPOS="665"
                          CONTENT="esse,"/>
                  <SP HEIGHT="51" WIDTH="15" VPOS="3115" HPOS="804"/>
                  <String HEIGHT="51"
                          WIDTH="108"
                          VPOS="3115"
                          HPOS="758"
                          CONTENT="non"/>
                  <SP HEIGHT="51" WIDTH="15" VPOS="3115" HPOS="865"/>
                  <String HEIGHT="51"
                          WIDTH="108"
                          VPOS="3115"
                          HPOS="819"
                          CONTENT="est"/>
                  <SP HEIGHT="51" WIDTH="15" VPOS="3115" HPOS="927"/>
                  <String HEIGHT="51"
                          WIDTH="200"
                          VPOS="3115"
                          HPOS="865"
                          CONTENT="necessarius"/>
               </TextLine>
               <TextLine ID="r2l75"
                         BASELINE="3217"
                         HEIGHT="57"
                         WIDTH="260"
                         VPOS="3160"
                         HPOS="198">
                  <String HEIGHT="57"
                          WIDTH="130"
                          VPOS="3160"
                          HPOS="179"
                          CONTENT="sed"/>
                  <SP HEIGHT="57" WIDTH="19" VPOS="3160" HPOS="309"/>
                  <String HEIGHT="57"
                          WIDTH="223"
                          VPOS="3160"
                          HPOS="235"
                          CONTENT="contingens"/>
               </TextLine>
            </TextBlock>
            <TextBlock ID="TextRegion_1603054774170_11316"
                       HEIGHT="3001"
                       WIDTH="900"
                       VPOS="237"
                       HPOS="1070">
               <Shape>
                  <Polygon POINTS="1070,237 1970,237 1970,2346 1970,3238 1070,3238"/>
               </Shape>
               <TextLine ID="r3l3"
                         BASELINE="343"
                         HEIGHT="59"
                         WIDTH="823"
                         VPOS="284"
                         HPOS="1141">
                  <String HEIGHT="59" WIDTH="99" VPOS="284" HPOS="1125" CONTENT="Et"/>
                  <SP HEIGHT="59" WIDTH="16" VPOS="284" HPOS="1223"/>
                  <String HEIGHT="59" WIDTH="99" VPOS="284" HPOS="1174" CONTENT="ex"/>
                  <SP HEIGHT="59" WIDTH="16" VPOS="284" HPOS="1273"/>
                  <String HEIGHT="59"
                          WIDTH="115"
                          VPOS="284"
                          HPOS="1223"
                          CONTENT="hoc"/>
                  <SP HEIGHT="59" WIDTH="16" VPOS="284" HPOS="1339"/>
                  <String HEIGHT="59"
                          WIDTH="165"
                          VPOS="284"
                          HPOS="1289"
                          CONTENT="patet,"/>
                  <SP HEIGHT="59" WIDTH="16" VPOS="284" HPOS="1454"/>
                  <String HEIGHT="59"
                          WIDTH="132"
                          VPOS="284"
                          HPOS="1404"
                          CONTENT="quod"/>
                  <SP HEIGHT="59" WIDTH="16" VPOS="284" HPOS="1536"/>
                  <String HEIGHT="59"
                          WIDTH="165"
                          VPOS="284"
                          HPOS="1487"
                          CONTENT="quidam"/>
                  <SP HEIGHT="59" WIDTH="16" VPOS="284" HPOS="1651"/>
                  <String HEIGHT="59"
                          WIDTH="115"
                          VPOS="284"
                          HPOS="1602"
                          CONTENT="non"/>
                  <SP HEIGHT="59" WIDTH="16" VPOS="284" HPOS="1717"/>
                  <String HEIGHT="59"
                          WIDTH="132"
                          VPOS="284"
                          HPOS="1668"
                          CONTENT="bene"/>
                  <SP HEIGHT="59" WIDTH="16" VPOS="284" HPOS="1799"/>
                  <String HEIGHT="59"
                          WIDTH="181"
                          VPOS="284"
                          HPOS="1750"
                          CONTENT="dicunt,"/>
                  <SP HEIGHT="59" WIDTH="16" VPOS="284" HPOS="1931"/>
                  <String HEIGHT="59"
                          WIDTH="99"
                          VPOS="284"
                          HPOS="1865"
                          CONTENT="dice"/>
               </TextLine>
               <TextLine ID="line_1603054774338_11319"
                         BASELINE="384"
                         HEIGHT="44"
                         WIDTH="871"
                         VPOS="340"
                         HPOS="1104">
                  <String HEIGHT="44"
                          WIDTH="127"
                          VPOS="340"
                          HPOS="1088"
                          CONTENT="tes,"/>
                  <SP HEIGHT="44" WIDTH="16" VPOS="340" HPOS="1215"/>
                  <String HEIGHT="44"
                          WIDTH="127"
                          VPOS="340"
                          HPOS="1167"
                          CONTENT="quod"/>
                  <SP HEIGHT="44" WIDTH="16" VPOS="340" HPOS="1294"/>
                  <String HEIGHT="44"
                          WIDTH="174"
                          VPOS="340"
                          HPOS="1247"
                          CONTENT="quamuis"/>
                  <SP HEIGHT="44" WIDTH="16" VPOS="340" HPOS="1421"/>
                  <String HEIGHT="44"
                          WIDTH="111"
                          VPOS="340"
                          HPOS="1373"
                          CONTENT="sit"/>
                  <SP HEIGHT="44" WIDTH="16" VPOS="340" HPOS="1484"/>
                  <String HEIGHT="44" WIDTH="95" VPOS="340" HPOS="1437" CONTENT="in"/>
                  <SP HEIGHT="44" WIDTH="16" VPOS="340" HPOS="1532"/>
                  <String HEIGHT="44"
                          WIDTH="111"
                          VPOS="340"
                          HPOS="1484"
                          CONTENT="dei"/>
                  <SP HEIGHT="44" WIDTH="16" VPOS="340" HPOS="1595"/>
                  <String HEIGHT="44"
                          WIDTH="222"
                          VPOS="340"
                          HPOS="1547"
                          CONTENT="voluntate,"/>
                  <SP HEIGHT="44" WIDTH="16" VPOS="340" HPOS="1769"/>
                  <String HEIGHT="44"
                          WIDTH="127"
                          VPOS="340"
                          HPOS="1722"
                          CONTENT="quod"/>
                  <SP HEIGHT="44" WIDTH="16" VPOS="340" HPOS="1848"/>
                  <String HEIGHT="44"
                          WIDTH="127"
                          VPOS="340"
                          HPOS="1801"
                          CONTENT="suam"/>
                  <SP HEIGHT="44" WIDTH="16" VPOS="340" HPOS="1927"/>
                  <String HEIGHT="44"
                          WIDTH="111"
                          VPOS="340"
                          HPOS="1864"
                          CONTENT="essen"/>
               </TextLine>
               <TextLine ID="line_1603054774340_11321"
                         BASELINE="424"
                         HEIGHT="43"
                         WIDTH="876"
                         VPOS="381"
                         HPOS="1100">
                  <String HEIGHT="43"
                          WIDTH="123"
                          VPOS="381"
                          HPOS="1085"
                          CONTENT="tiam"/>
                  <SP HEIGHT="43" WIDTH="15" VPOS="381" HPOS="1208"/>
                  <String HEIGHT="43"
                          WIDTH="184"
                          VPOS="381"
                          HPOS="1161"
                          CONTENT="ostendat"/>
                  <SP HEIGHT="43" WIDTH="15" VPOS="381" HPOS="1346"/>
                  <String HEIGHT="43"
                          WIDTH="231"
                          VPOS="381"
                          HPOS="1300"
                          CONTENT="intellectui"/>
                  <SP HEIGHT="43" WIDTH="15" VPOS="381" HPOS="1530"/>
                  <String HEIGHT="43"
                          WIDTH="169"
                          VPOS="381"
                          HPOS="1484"
                          CONTENT="creato,"/>
                  <SP HEIGHT="43" WIDTH="15" VPOS="381" HPOS="1653"/>
                  <String HEIGHT="43"
                          WIDTH="108"
                          VPOS="381"
                          HPOS="1607"
                          CONTENT="vel"/>
                  <SP HEIGHT="43" WIDTH="15" VPOS="381" HPOS="1715"/>
                  <String HEIGHT="43"
                          WIDTH="108"
                          VPOS="381"
                          HPOS="1669"
                          CONTENT="non"/>
                  <SP HEIGHT="43" WIDTH="15" VPOS="381" HPOS="1776"/>
                  <String HEIGHT="43"
                          WIDTH="200"
                          VPOS="381"
                          HPOS="1730"
                          CONTENT="ostendat:"/>
                  <SP HEIGHT="43" WIDTH="15" VPOS="381" HPOS="1930"/>
                  <String HEIGHT="43"
                          WIDTH="108"
                          VPOS="381"
                          HPOS="1868"
                          CONTENT="tamen"/>
               </TextLine>
               <TextLine ID="r3l7"
                         BASELINE="472"
                         HEIGHT="53"
                         WIDTH="845"
                         VPOS="419"
                         HPOS="1119">
                  <String HEIGHT="53"
                          WIDTH="169"
                          VPOS="419"
                          HPOS="1104"
                          CONTENT="ostquam"/>
                  <SP HEIGHT="53" WIDTH="15" VPOS="419" HPOS="1273"/>
                  <String HEIGHT="53"
                          WIDTH="184"
                          VPOS="419"
                          HPOS="1227"
                          CONTENT="ostendit"/>
                  <SP HEIGHT="53" WIDTH="15" VPOS="419" HPOS="1411"/>
                  <String HEIGHT="53"
                          WIDTH="108"
                          VPOS="419"
                          HPOS="1365"
                          CONTENT="ea,"/>
                  <SP HEIGHT="53" WIDTH="15" VPOS="419" HPOS="1472"/>
                  <String HEIGHT="53"
                          WIDTH="123"
                          VPOS="419"
                          HPOS="1426"
                          CONTENT="tunc"/>
                  <SP HEIGHT="53" WIDTH="15" VPOS="419" HPOS="1549"/>
                  <String HEIGHT="53"
                          WIDTH="108"
                          VPOS="419"
                          HPOS="1503"
                          CONTENT="non"/>
                  <SP HEIGHT="53" WIDTH="15" VPOS="419" HPOS="1611"/>
                  <String HEIGHT="53"
                          WIDTH="108"
                          VPOS="419"
                          HPOS="1565"
                          CONTENT="est"/>
                  <SP HEIGHT="53" WIDTH="15" VPOS="419" HPOS="1672"/>
                  <String HEIGHT="53" WIDTH="92" VPOS="419" HPOS="1626" CONTENT="in"/>
                  <SP HEIGHT="53" WIDTH="15" VPOS="419" HPOS="1718"/>
                  <String HEIGHT="53"
                          WIDTH="123"
                          VPOS="419"
                          HPOS="1672"
                          CONTENT="eius"/>
                  <SP HEIGHT="53" WIDTH="15" VPOS="419" HPOS="1795"/>
                  <String HEIGHT="53"
                          WIDTH="200"
                          VPOS="419"
                          HPOS="1749"
                          CONTENT="potestate"/>
                  <SP HEIGHT="53" WIDTH="15" VPOS="419" HPOS="1949"/>
                  <String HEIGHT="53" WIDTH="77" VPOS="419" HPOS="1887" CONTENT="non"/>
               </TextLine>
               <TextLine ID="r3l8"
                         BASELINE="509"
                         HEIGHT="55"
                         WIDTH="846"
                         VPOS="454"
                         HPOS="1108">
                  <String HEIGHT="55"
                          WIDTH="193"
                          VPOS="454"
                          HPOS="1093"
                          CONTENT="ostendere"/>
                  <SP HEIGHT="55" WIDTH="15" VPOS="454" HPOS="1286"/>
                  <String HEIGHT="55"
                          WIDTH="208"
                          VPOS="454"
                          HPOS="1242"
                          CONTENT="creaturas,"/>
                  <SP HEIGHT="55" WIDTH="15" VPOS="454" HPOS="1449"/>
                  <String HEIGHT="55"
                          WIDTH="119"
                          VPOS="454"
                          HPOS="1405"
                          CONTENT="quae"/>
                  <SP HEIGHT="55" WIDTH="15" VPOS="454" HPOS="1524"/>
                  <String HEIGHT="55"
                          WIDTH="178"
                          VPOS="454"
                          HPOS="1479"
                          CONTENT="relucent"/>
                  <SP HEIGHT="55" WIDTH="15" VPOS="454" HPOS="1657"/>
                  <String HEIGHT="55" WIDTH="89" VPOS="454" HPOS="1613" CONTENT="in"/>
                  <SP HEIGHT="55" WIDTH="15" VPOS="454" HPOS="1702"/>
                  <String HEIGHT="55"
                          WIDTH="104"
                          VPOS="454"
                          HPOS="1657"
                          CONTENT="ea."/>
                  <SP HEIGHT="55" WIDTH="15" VPOS="454" HPOS="1761"/>
                  <String HEIGHT="55"
                          WIDTH="148"
                          VPOS="454"
                          HPOS="1717"
                          CONTENT="lstud."/>
                  <SP HEIGHT="55" WIDTH="15" VPOS="454" HPOS="1865"/>
                  <String HEIGHT="55" WIDTH="74" VPOS="454" HPOS="1820" CONTENT="n"/>
                  <SP HEIGHT="55" WIDTH="15" VPOS="454" HPOS="1895"/>
                  <String HEIGHT="55" WIDTH="89" VPOS="454" HPOS="1850" CONTENT="vt"/>
                  <SP HEIGHT="55" WIDTH="15" VPOS="454" HPOS="1939"/>
                  <String HEIGHT="55"
                          WIDTH="74"
                          VPOS="454"
                          HPOS="1880"
                          CONTENT="di"
                          SUBS_TYPE="HypPart1"
                          SUBS_CONTENT="dicunt,"/>
                  <HYP CONTENT="-"/>
               </TextLine>
               <TextLine ID="r3l9"
                         BASELINE="534"
                         HEIGHT="37"
                         WIDTH="847"
                         VPOS="497"
                         HPOS="1109">
                  <String HEIGHT="37"
                          WIDTH="136"
                          VPOS="497"
                          HPOS="1094"
                          CONTENT="cunt,"
                          SUBS_TYPE="HypPart2"
                          SUBS_CONTENT="dicunt,"/>
                  <SP HEIGHT="37" WIDTH="15" VPOS="497" HPOS="1230"/>
                  <String HEIGHT="37"
                          WIDTH="166"
                          VPOS="497"
                          HPOS="1185"
                          CONTENT="amplius"/>
                  <SP HEIGHT="37" WIDTH="15" VPOS="497" HPOS="1351"/>
                  <String HEIGHT="37"
                          WIDTH="106"
                          VPOS="497"
                          HPOS="1306"
                          CONTENT="non"/>
                  <SP HEIGHT="37" WIDTH="15" VPOS="497" HPOS="1412"/>
                  <String HEIGHT="37"
                          WIDTH="106"
                          VPOS="497"
                          HPOS="1366"
                          CONTENT="est"/>
                  <SP HEIGHT="37" WIDTH="15" VPOS="497" HPOS="1472"/>
                  <String HEIGHT="37"
                          WIDTH="242"
                          VPOS="497"
                          HPOS="1427"
                          CONTENT="voluntarium,"/>
                  <SP HEIGHT="37" WIDTH="15" VPOS="497" HPOS="1669"/>
                  <String HEIGHT="37"
                          WIDTH="106"
                          VPOS="497"
                          HPOS="1623"
                          CONTENT="sed"/>
                  <SP HEIGHT="37" WIDTH="15" VPOS="497" HPOS="1729"/>
                  <String HEIGHT="37"
                          WIDTH="242"
                          VPOS="497"
                          HPOS="1684"
                          CONTENT="necessarium."/>
                  <SP HEIGHT="37" WIDTH="15" VPOS="497" HPOS="1926"/>
                  <String HEIGHT="37"
                          WIDTH="91"
                          VPOS="497"
                          HPOS="1865"
                          CONTENT="Pro"
                          SUBS_TYPE="HypPart1"
                          SUBS_CONTENT="Proter"/>
                  <HYP CONTENT="-"/>
               </TextLine>
               <TextLine ID="r3l10"
                         BASELINE="582"
                         HEIGHT="46"
                         WIDTH="839"
                         VPOS="536"
                         HPOS="1114">
                  <String HEIGHT="46"
                          WIDTH="111"
                          VPOS="536"
                          HPOS="1098"
                          CONTENT="ter"
                          SUBS_TYPE="HypPart2"
                          SUBS_CONTENT="Proter"/>
                  <SP HEIGHT="46" WIDTH="16" VPOS="536" HPOS="1209"/>
                  <String HEIGHT="46"
                          WIDTH="127"
                          VPOS="536"
                          HPOS="1161"
                          CONTENT="quod"/>
                  <SP HEIGHT="46" WIDTH="16" VPOS="536" HPOS="1288"/>
                  <String HEIGHT="46"
                          WIDTH="237"
                          VPOS="536"
                          HPOS="1241"
                          CONTENT="concludunt,"/>
                  <SP HEIGHT="46" WIDTH="16" VPOS="536" HPOS="1478"/>
                  <String HEIGHT="46"
                          WIDTH="127"
                          VPOS="536"
                          HPOS="1431"
                          CONTENT="quod"/>
                  <SP HEIGHT="46" WIDTH="16" VPOS="536" HPOS="1557"/>
                  <String HEIGHT="46"
                          WIDTH="174"
                          VPOS="536"
                          HPOS="1510"
                          CONTENT="beatus,"/>
                  <SP HEIGHT="46" WIDTH="16" VPOS="536" HPOS="1684"/>
                  <String HEIGHT="46"
                          WIDTH="142"
                          VPOS="536"
                          HPOS="1636"
                          CONTENT="vides"/>
                  <SP HEIGHT="46" WIDTH="16" VPOS="536" HPOS="1779"/>
                  <String HEIGHT="46"
                          WIDTH="174"
                          VPOS="536"
                          HPOS="1731"
                          CONTENT="diuinam"/>
                  <SP HEIGHT="46" WIDTH="16" VPOS="536" HPOS="1906"/>
                  <String HEIGHT="46"
                          WIDTH="111"
                          VPOS="536"
                          HPOS="1842"
                          CONTENT="essen"/>
               </TextLine>
               <TextLine ID="r3l11"
                         BASELINE="615"
                         HEIGHT="36"
                         WIDTH="851"
                         VPOS="579"
                         HPOS="1102">
                  <String HEIGHT="36"
                          WIDTH="137"
                          VPOS="579"
                          HPOS="1087"
                          CONTENT="tiam,"/>
                  <SP HEIGHT="36" WIDTH="15" VPOS="579" HPOS="1224"/>
                  <String HEIGHT="36"
                          WIDTH="213"
                          VPOS="579"
                          HPOS="1178"
                          CONTENT="necessario"/>
                  <SP HEIGHT="36" WIDTH="15" VPOS="579" HPOS="1391"/>
                  <String HEIGHT="36"
                          WIDTH="137"
                          VPOS="579"
                          HPOS="1345"
                          CONTENT="videt"/>
                  <SP HEIGHT="36" WIDTH="15" VPOS="579" HPOS="1482"/>
                  <String HEIGHT="36"
                          WIDTH="137"
                          VPOS="579"
                          HPOS="1436"
                          CONTENT="omnia"/>
                  <SP HEIGHT="36" WIDTH="15" VPOS="579" HPOS="1573"/>
                  <String HEIGHT="36" WIDTH="91" VPOS="579" HPOS="1528" CONTENT="in"/>
                  <SP HEIGHT="36" WIDTH="15" VPOS="579" HPOS="1619"/>
                  <String HEIGHT="36"
                          WIDTH="152"
                          VPOS="579"
                          HPOS="1573"
                          CONTENT="diuina"/>
                  <SP HEIGHT="36" WIDTH="15" VPOS="579" HPOS="1725"/>
                  <String HEIGHT="36"
                          WIDTH="182"
                          VPOS="579"
                          HPOS="1679"
                          CONTENT="essentia"/>
                  <SP HEIGHT="36" WIDTH="15" VPOS="579" HPOS="1862"/>
                  <String HEIGHT="36"
                          WIDTH="152"
                          VPOS="579"
                          HPOS="1801"
                          CONTENT="relucen"
                          SUBS_TYPE="HypPart1"
                          SUBS_CONTENT="relucentia."/>
                  <HYP CONTENT="-"/>
               </TextLine>
               <TextLine ID="r3l12"
                         BASELINE="657"
                         HEIGHT="44"
                         WIDTH="839"
                         VPOS="613"
                         HPOS="1108">
                  <String HEIGHT="44"
                          WIDTH="116"
                          VPOS="613"
                          HPOS="1094"
                          CONTENT="tia."
                          SUBS_TYPE="HypPart2"
                          SUBS_CONTENT="relucentia."/>
                  <SP HEIGHT="44" WIDTH="14" VPOS="613" HPOS="1209"/>
                  <String HEIGHT="44"
                          WIDTH="145"
                          VPOS="613"
                          HPOS="1166"
                          CONTENT="Istud,"/>
                  <SP HEIGHT="44" WIDTH="14" VPOS="613" HPOS="1311"/>
                  <String HEIGHT="44"
                          WIDTH="159"
                          VPOS="613"
                          HPOS="1267"
                          CONTENT="inquam,"/>
                  <SP HEIGHT="44" WIDTH="14" VPOS="613" HPOS="1426"/>
                  <String HEIGHT="44"
                          WIDTH="101"
                          VPOS="613"
                          HPOS="1383"
                          CONTENT="non"/>
                  <SP HEIGHT="44" WIDTH="14" VPOS="613" HPOS="1484"/>
                  <String HEIGHT="44"
                          WIDTH="101"
                          VPOS="613"
                          HPOS="1441"
                          CONTENT="est"/>
                  <SP HEIGHT="44" WIDTH="14" VPOS="613" HPOS="1542"/>
                  <String HEIGHT="44"
                          WIDTH="116"
                          VPOS="613"
                          HPOS="1499"
                          CONTENT="bene"/>
                  <SP HEIGHT="44" WIDTH="14" VPOS="613" HPOS="1614"/>
                  <String HEIGHT="44"
                          WIDTH="159"
                          VPOS="613"
                          HPOS="1571"
                          CONTENT="dictum,"/>
                  <SP HEIGHT="44" WIDTH="14" VPOS="613" HPOS="1730"/>
                  <String HEIGHT="44"
                          WIDTH="116"
                          VPOS="613"
                          HPOS="1687"
                          CONTENT="quia"/>
                  <SP HEIGHT="44" WIDTH="14" VPOS="613" HPOS="1802"/>
                  <String HEIGHT="44"
                          WIDTH="130"
                          VPOS="613"
                          HPOS="1759"
                          CONTENT="sicut"/>
                  <SP HEIGHT="44" WIDTH="14" VPOS="613" HPOS="1889"/>
                  <String HEIGHT="44"
                          WIDTH="101"
                          VPOS="613"
                          HPOS="1846"
                          CONTENT="non"/>
                  <SP HEIGHT="44" WIDTH="14" VPOS="613" HPOS="1947"/>
                  <String HEIGHT="44" WIDTH="58" VPOS="613" HPOS="1889" CONTENT="ob"/>
               </TextLine>
               <TextLine ID="r3l13"
                         BASELINE="699"
                         HEIGHT="46"
                         WIDTH="838"
                         VPOS="653"
                         HPOS="1114">
                  <String HEIGHT="46"
                          WIDTH="152"
                          VPOS="653"
                          HPOS="1099"
                          CONTENT="tante,"/>
                  <SP HEIGHT="46" WIDTH="15" VPOS="653" HPOS="1251"/>
                  <String HEIGHT="46"
                          WIDTH="122"
                          VPOS="653"
                          HPOS="1205"
                          CONTENT="quod"/>
                  <SP HEIGHT="46" WIDTH="15" VPOS="653" HPOS="1327"/>
                  <String HEIGHT="46"
                          WIDTH="152"
                          VPOS="653"
                          HPOS="1282"
                          CONTENT="paries"/>
                  <SP HEIGHT="46" WIDTH="15" VPOS="653" HPOS="1434"/>
                  <String HEIGHT="46"
                          WIDTH="229"
                          VPOS="653"
                          HPOS="1388"
                          CONTENT="pulcherrime"/>
                  <SP HEIGHT="46" WIDTH="15" VPOS="653" HPOS="1617"/>
                  <String HEIGHT="46"
                          WIDTH="198"
                          VPOS="653"
                          HPOS="1571"
                          CONTENT="depictus,"/>
                  <SP HEIGHT="46" WIDTH="15" VPOS="653" HPOS="1769"/>
                  <String HEIGHT="46"
                          WIDTH="137"
                          VPOS="653"
                          HPOS="1723"
                          CONTENT="esset"/>
                  <SP HEIGHT="46" WIDTH="15" VPOS="653" HPOS="1861"/>
                  <String HEIGHT="46"
                          WIDTH="152"
                          VPOS="653"
                          HPOS="1800"
                          CONTENT="praesens"/>
               </TextLine>
               <TextLine ID="r3l14"
                         BASELINE="736"
                         HEIGHT="40"
                         WIDTH="836"
                         VPOS="696"
                         HPOS="1113">
                  <String HEIGHT="40"
                          WIDTH="137"
                          VPOS="696"
                          HPOS="1098"
                          CONTENT="pculo"/>
                  <SP HEIGHT="40" WIDTH="15" VPOS="696" HPOS="1235"/>
                  <String HEIGHT="40"
                          WIDTH="122"
                          VPOS="696"
                          HPOS="1189"
                          CONTENT="tuo,"/>
                  <SP HEIGHT="40" WIDTH="15" VPOS="696" HPOS="1311"/>
                  <String HEIGHT="40" WIDTH="91" VPOS="696" HPOS="1265" CONTENT="si"/>
                  <SP HEIGHT="40" WIDTH="15" VPOS="696" HPOS="1356"/>
                  <String HEIGHT="40"
                          WIDTH="122"
                          VPOS="696"
                          HPOS="1311"
                          CONTENT="deus"/>
                  <SP HEIGHT="40" WIDTH="15" VPOS="696" HPOS="1432"/>
                  <String HEIGHT="40"
                          WIDTH="106"
                          VPOS="696"
                          HPOS="1387"
                          CONTENT="sua"/>
                  <SP HEIGHT="40" WIDTH="15" VPOS="696" HPOS="1493"/>
                  <String HEIGHT="40"
                          WIDTH="213"
                          VPOS="696"
                          HPOS="1447"
                          CONTENT="influentia"/>
                  <SP HEIGHT="40" WIDTH="15" VPOS="696" HPOS="1660"/>
                  <String HEIGHT="40"
                          WIDTH="243"
                          VPOS="696"
                          HPOS="1615"
                          CONTENT="cooperaretur"/>
                  <SP HEIGHT="40" WIDTH="15" VPOS="696" HPOS="1858"/>
                  <String HEIGHT="40"
                          WIDTH="137"
                          VPOS="696"
                          HPOS="1812"
                          CONTENT="oculo"/>
                  <SP HEIGHT="40" WIDTH="15" VPOS="696" HPOS="1949"/>
                  <String HEIGHT="40" WIDTH="61" VPOS="696" HPOS="1888" CONTENT="ad"/>
               </TextLine>
               <TextLine ID="r3l15"
                         BASELINE="776"
                         HEIGHT="43"
                         WIDTH="849"
                         VPOS="733"
                         HPOS="1104">
                  <String HEIGHT="43"
                          WIDTH="208"
                          VPOS="733"
                          HPOS="1087"
                          CONTENT="videndum"/>
                  <SP HEIGHT="43" WIDTH="17" VPOS="733" HPOS="1295"/>
                  <String HEIGHT="43"
                          WIDTH="225"
                          VPOS="733"
                          HPOS="1243"
                          CONTENT="parietem,"/>
                  <SP HEIGHT="43" WIDTH="17" VPOS="733" HPOS="1468"/>
                  <String HEIGHT="43" WIDTH="87" VPOS="733" HPOS="1416" CONTENT="&amp;"/>
                  <SP HEIGHT="43" WIDTH="17" VPOS="733" HPOS="1503"/>
                  <String HEIGHT="43"
                          WIDTH="121"
                          VPOS="733"
                          HPOS="1451"
                          CONTENT="non"/>
                  <SP HEIGHT="43" WIDTH="17" VPOS="733" HPOS="1572"/>
                  <String HEIGHT="43"
                          WIDTH="277"
                          VPOS="733"
                          HPOS="1520"
                          CONTENT="cooperaretur"/>
                  <SP HEIGHT="43" WIDTH="17" VPOS="733" HPOS="1797"/>
                  <String HEIGHT="43" WIDTH="104" VPOS="733" HPOS="1745" CONTENT="ad"/>
                  <SP HEIGHT="43" WIDTH="17" VPOS="733" HPOS="1849"/>
                  <String HEIGHT="43"
                          WIDTH="173"
                          VPOS="733"
                          HPOS="1780"
                          CONTENT="videndum"/>
               </TextLine>
               <TextLine ID="r3l16"
                         BASELINE="814"
                         HEIGHT="43"
                         WIDTH="833"
                         VPOS="771"
                         HPOS="1119">
                  <String HEIGHT="43"
                          WIDTH="189"
                          VPOS="771"
                          HPOS="1103"
                          CONTENT="icturam,"/>
                  <SP HEIGHT="43" WIDTH="16" VPOS="771" HPOS="1292"/>
                  <String HEIGHT="43"
                          WIDTH="110"
                          VPOS="771"
                          HPOS="1245"
                          CONTENT="ita"/>
                  <SP HEIGHT="43" WIDTH="16" VPOS="771" HPOS="1355"/>
                  <String HEIGHT="43"
                          WIDTH="157"
                          VPOS="771"
                          HPOS="1308"
                          CONTENT="oculus"/>
                  <SP HEIGHT="43" WIDTH="16" VPOS="771" HPOS="1465"/>
                  <String HEIGHT="43"
                          WIDTH="126"
                          VPOS="771"
                          HPOS="1418"
                          CONTENT="tuus"/>
                  <SP HEIGHT="43" WIDTH="16" VPOS="771" HPOS="1543"/>
                  <String HEIGHT="43"
                          WIDTH="173"
                          VPOS="771"
                          HPOS="1496"
                          CONTENT="videret"/>
                  <SP HEIGHT="43" WIDTH="16" VPOS="771" HPOS="1669"/>
                  <String HEIGHT="43"
                          WIDTH="204"
                          VPOS="771"
                          HPOS="1622"
                          CONTENT="parietem,"/>
                  <SP HEIGHT="43" WIDTH="16" VPOS="771" HPOS="1826"/>
                  <String HEIGHT="43"
                          WIDTH="126"
                          VPOS="771"
                          HPOS="1779"
                          CONTENT="quod"/>
                  <SP HEIGHT="43" WIDTH="16" VPOS="771" HPOS="1905"/>
                  <String HEIGHT="43"
                          WIDTH="110"
                          VPOS="771"
                          HPOS="1842"
                          CONTENT="nihil"/>
               </TextLine>
               <TextLine ID="r3l17"
                         BASELINE="853"
                         HEIGHT="38"
                         WIDTH="829"
                         VPOS="815"
                         HPOS="1120">
                  <String HEIGHT="38"
                          WIDTH="145"
                          VPOS="815"
                          HPOS="1105"
                          CONTENT="enitus"/>
                  <SP HEIGHT="38" WIDTH="15" VPOS="815" HPOS="1251"/>
                  <String HEIGHT="38"
                          WIDTH="160"
                          VPOS="815"
                          HPOS="1207"
                          CONTENT="videret"/>
                  <SP HEIGHT="38" WIDTH="15" VPOS="815" HPOS="1367"/>
                  <String HEIGHT="38" WIDTH="87" VPOS="815" HPOS="1324" CONTENT="de"/>
                  <SP HEIGHT="38" WIDTH="15" VPOS="815" HPOS="1411"/>
                  <String HEIGHT="38"
                          WIDTH="175"
                          VPOS="815"
                          HPOS="1367"
                          CONTENT="pictura."/>
                  <SP HEIGHT="38" WIDTH="15" VPOS="815" HPOS="1542"/>
                  <String HEIGHT="38" WIDTH="87" VPOS="815" HPOS="1498" CONTENT="Et"/>
                  <SP HEIGHT="38" WIDTH="15" VPOS="815" HPOS="1585"/>
                  <String HEIGHT="38" WIDTH="87" VPOS="815" HPOS="1542" CONTENT="si"/>
                  <SP HEIGHT="38" WIDTH="15" VPOS="815" HPOS="1629"/>
                  <String HEIGHT="38"
                          WIDTH="233"
                          VPOS="815"
                          HPOS="1585"
                          CONTENT="cooperaretur"/>
                  <SP HEIGHT="38" WIDTH="15" VPOS="815" HPOS="1818"/>
                  <String HEIGHT="38" WIDTH="87" VPOS="815" HPOS="1774" CONTENT="ad"/>
                  <SP HEIGHT="38" WIDTH="15" VPOS="815" HPOS="1862"/>
                  <String HEIGHT="38"
                          WIDTH="145"
                          VPOS="815"
                          HPOS="1804"
                          CONTENT="visionem"/>
               </TextLine>
               <TextLine ID="r3l18"
                         BASELINE="894"
                         HEIGHT="41"
                         WIDTH="852"
                         VPOS="853"
                         HPOS="1102">
                  <String HEIGHT="41"
                          WIDTH="205"
                          VPOS="853"
                          HPOS="1086"
                          CONTENT="aliquarum"/>
                  <SP HEIGHT="41" WIDTH="16" VPOS="853" HPOS="1291"/>
                  <String HEIGHT="41"
                          WIDTH="189"
                          VPOS="853"
                          HPOS="1244"
                          CONTENT="imaginum"/>
                  <SP HEIGHT="41" WIDTH="16" VPOS="853" HPOS="1433"/>
                  <String HEIGHT="41"
                          WIDTH="158"
                          VPOS="853"
                          HPOS="1386"
                          CONTENT="illius"/>
                  <SP HEIGHT="41" WIDTH="16" VPOS="853" HPOS="1544"/>
                  <String HEIGHT="41"
                          WIDTH="205"
                          VPOS="853"
                          HPOS="1496"
                          CONTENT="picturae,"/>
                  <SP HEIGHT="41" WIDTH="16" VPOS="853" HPOS="1702"/>
                  <String HEIGHT="41" WIDTH="79" VPOS="853" HPOS="1654" CONTENT="&amp;"/>
                  <SP HEIGHT="41" WIDTH="16" VPOS="853" HPOS="1733"/>
                  <String HEIGHT="41"
                          WIDTH="110"
                          VPOS="853"
                          HPOS="1686"
                          CONTENT="non"/>
                  <SP HEIGHT="41" WIDTH="16" VPOS="853" HPOS="1796"/>
                  <String HEIGHT="41"
                          WIDTH="189"
                          VPOS="853"
                          HPOS="1749"
                          CONTENT="aliarum,"/>
                  <SP HEIGHT="41" WIDTH="16" VPOS="853" HPOS="1938"/>
                  <String HEIGHT="41" WIDTH="79" VPOS="853" HPOS="1875" CONTENT="ita"/>
               </TextLine>
               <TextLine ID="r3l19"
                         BASELINE="938"
                         HEIGHT="45"
                         WIDTH="848"
                         VPOS="893"
                         HPOS="1101">
                  <String HEIGHT="45"
                          WIDTH="154"
                          VPOS="893"
                          HPOS="1086"
                          CONTENT="oculus"/>
                  <SP HEIGHT="45" WIDTH="15" VPOS="893" HPOS="1240"/>
                  <String HEIGHT="45"
                          WIDTH="123"
                          VPOS="893"
                          HPOS="1194"
                          CONTENT="tuus"/>
                  <SP HEIGHT="45" WIDTH="15" VPOS="893" HPOS="1317"/>
                  <String HEIGHT="45"
                          WIDTH="170"
                          VPOS="893"
                          HPOS="1271"
                          CONTENT="videret"/>
                  <SP HEIGHT="45" WIDTH="15" VPOS="893" HPOS="1440"/>
                  <String HEIGHT="45"
                          WIDTH="139"
                          VPOS="893"
                          HPOS="1394"
                          CONTENT="illas"/>
                  <SP HEIGHT="45" WIDTH="15" VPOS="893" HPOS="1533"/>
                  <String HEIGHT="45"
                          WIDTH="185"
                          VPOS="893"
                          HPOS="1486"
                          CONTENT="imagines"/>
                  <SP HEIGHT="45" WIDTH="15" VPOS="893" HPOS="1671"/>
                  <String HEIGHT="45"
                          WIDTH="108"
                          VPOS="893"
                          HPOS="1625"
                          CONTENT="cum"/>
                  <SP HEIGHT="45" WIDTH="15" VPOS="893" HPOS="1733"/>
                  <String HEIGHT="45"
                          WIDTH="185"
                          VPOS="893"
                          HPOS="1687"
                          CONTENT="pariete,"/>
                  <SP HEIGHT="45" WIDTH="15" VPOS="893" HPOS="1872"/>
                  <String HEIGHT="45"
                          WIDTH="123"
                          VPOS="893"
                          HPOS="1826"
                          CONTENT="quod"/>
                  <SP HEIGHT="45" WIDTH="15" VPOS="893" HPOS="1949"/>
                  <String HEIGHT="45" WIDTH="62" VPOS="893" HPOS="1887" CONTENT="ta"/>
               </TextLine>
               <TextLine ID="r3l20"
                         BASELINE="984"
                         HEIGHT="54"
                         WIDTH="844"
                         VPOS="930"
                         HPOS="1112">
                  <String HEIGHT="54"
                          WIDTH="106"
                          VPOS="930"
                          HPOS="1097"
                          CONTENT="nen"/>
                  <SP HEIGHT="54" WIDTH="15" VPOS="930" HPOS="1202"/>
                  <String HEIGHT="54"
                          WIDTH="106"
                          VPOS="930"
                          HPOS="1157"
                          CONTENT="non"/>
                  <SP HEIGHT="54" WIDTH="15" VPOS="930" HPOS="1263"/>
                  <String HEIGHT="54"
                          WIDTH="166"
                          VPOS="930"
                          HPOS="1218"
                          CONTENT="videret"/>
                  <SP HEIGHT="54" WIDTH="15" VPOS="930" HPOS="1383"/>
                  <String HEIGHT="54"
                          WIDTH="151"
                          VPOS="930"
                          HPOS="1338"
                          CONTENT="alias:"/>
                  <SP HEIGHT="54" WIDTH="15" VPOS="930" HPOS="1489"/>
                  <String HEIGHT="54"
                          WIDTH="106"
                          VPOS="930"
                          HPOS="1444"
                          CONTENT="Sic"/>
                  <SP HEIGHT="54" WIDTH="15" VPOS="930" HPOS="1549"/>
                  <String HEIGHT="54"
                          WIDTH="106"
                          VPOS="930"
                          HPOS="1504"
                          CONTENT="non"/>
                  <SP HEIGHT="54" WIDTH="15" VPOS="930" HPOS="1609"/>
                  <String HEIGHT="54"
                          WIDTH="196"
                          VPOS="930"
                          HPOS="1564"
                          CONTENT="obstante,"/>
                  <SP HEIGHT="54" WIDTH="15" VPOS="930" HPOS="1760"/>
                  <String HEIGHT="54"
                          WIDTH="121"
                          VPOS="930"
                          HPOS="1715"
                          CONTENT="quod"/>
                  <SP HEIGHT="54" WIDTH="15" VPOS="930" HPOS="1835"/>
                  <String HEIGHT="54"
                          WIDTH="121"
                          VPOS="930"
                          HPOS="1790"
                          CONTENT="deus"/>
                  <SP HEIGHT="54" WIDTH="15" VPOS="930" HPOS="1911"/>
                  <String HEIGHT="54"
                          WIDTH="106"
                          VPOS="930"
                          HPOS="1851"
                          CONTENT="osten"/>
               </TextLine>
               <TextLine ID="r3l21"
                         BASELINE="1019"
                         HEIGHT="51"
                         WIDTH="851"
                         VPOS="968"
                         HPOS="1110">
                  <String HEIGHT="51"
                          WIDTH="110"
                          VPOS="968"
                          HPOS="1094"
                          CONTENT="dat"/>
                  <SP HEIGHT="51" WIDTH="16" VPOS="968" HPOS="1205"/>
                  <String HEIGHT="51"
                          WIDTH="189"
                          VPOS="968"
                          HPOS="1157"
                          CONTENT="cuilibet"/>
                  <SP HEIGHT="51" WIDTH="16" VPOS="968" HPOS="1346"/>
                  <String HEIGHT="51"
                          WIDTH="142"
                          VPOS="968"
                          HPOS="1299"
                          CONTENT="beato"/>
                  <SP HEIGHT="51" WIDTH="16" VPOS="968" HPOS="1441"/>
                  <String HEIGHT="51"
                          WIDTH="205"
                          VPOS="968"
                          HPOS="1394"
                          CONTENT="essentiam"/>
                  <SP HEIGHT="51" WIDTH="16" VPOS="968" HPOS="1599"/>
                  <String HEIGHT="51"
                          WIDTH="142"
                          VPOS="968"
                          HPOS="1551"
                          CONTENT="suam,"/>
                  <SP HEIGHT="51" WIDTH="16" VPOS="968" HPOS="1693"/>
                  <String HEIGHT="51" WIDTH="95" VPOS="968" HPOS="1646" CONTENT="in"/>
                  <SP HEIGHT="51" WIDTH="16" VPOS="968" HPOS="1740"/>
                  <String HEIGHT="51"
                          WIDTH="110"
                          VPOS="968"
                          HPOS="1693"
                          CONTENT="qua"/>
                  <SP HEIGHT="51" WIDTH="16" VPOS="968" HPOS="1803"/>
                  <String HEIGHT="51"
                          WIDTH="142"
                          VPOS="968"
                          HPOS="1756"
                          CONTENT="omnes"/>
                  <SP HEIGHT="51" WIDTH="16" VPOS="968" HPOS="1898"/>
                  <String HEIGHT="51"
                          WIDTH="126"
                          VPOS="968"
                          HPOS="1835"
                          CONTENT="creatu"/>
               </TextLine>
               <TextLine ID="r3l22"
                         BASELINE="1061"
                         HEIGHT="49"
                         WIDTH="844"
                         VPOS="1012"
                         HPOS="1108">
                  <String HEIGHT="49"
                          WIDTH="98"
                          VPOS="1012"
                          HPOS="1094"
                          CONTENT="tae"/>
                  <SP HEIGHT="49" WIDTH="14" VPOS="1012" HPOS="1192"/>
                  <String HEIGHT="49"
                          WIDTH="239"
                          VPOS="1012"
                          HPOS="1150"
                          CONTENT="ineffabiliter"/>
                  <SP HEIGHT="49" WIDTH="14" VPOS="1012" HPOS="1389"/>
                  <String HEIGHT="49"
                          WIDTH="113"
                          VPOS="1012"
                          HPOS="1347"
                          CONTENT="sunt"/>
                  <SP HEIGHT="49" WIDTH="14" VPOS="1012" HPOS="1460"/>
                  <String HEIGHT="49"
                          WIDTH="183"
                          VPOS="1012"
                          HPOS="1417"
                          CONTENT="depictae,"/>
                  <SP HEIGHT="49" WIDTH="14" VPOS="1012" HPOS="1600"/>
                  <String HEIGHT="49" WIDTH="70" VPOS="1012" HPOS="1558" CONTENT="&amp;"/>
                  <SP HEIGHT="49" WIDTH="14" VPOS="1012" HPOS="1628"/>
                  <String HEIGHT="49"
                          WIDTH="183"
                          VPOS="1012"
                          HPOS="1586"
                          CONTENT="obiectiue"/>
                  <SP HEIGHT="49" WIDTH="14" VPOS="1012" HPOS="1769"/>
                  <String HEIGHT="49"
                          WIDTH="183"
                          VPOS="1012"
                          HPOS="1727"
                          CONTENT="relucent,"/>
                  <SP HEIGHT="49" WIDTH="14" VPOS="1012" HPOS="1910"/>
                  <String HEIGHT="49"
                          WIDTH="98"
                          VPOS="1012"
                          HPOS="1854"
                          CONTENT="tamen"/>
               </TextLine>
               <TextLine ID="r3l23"
                         BASELINE="1096"
                         HEIGHT="46"
                         WIDTH="845"
                         VPOS="1050"
                         HPOS="1101">
                  <String HEIGHT="46"
                          WIDTH="215"
                          VPOS="1050"
                          HPOS="1087"
                          CONTENT="intellectus"/>
                  <SP HEIGHT="46" WIDTH="14" VPOS="1050" HPOS="1302"/>
                  <String HEIGHT="46"
                          WIDTH="143"
                          VPOS="1050"
                          HPOS="1259"
                          CONTENT="beatus"/>
                  <SP HEIGHT="46" WIDTH="14" VPOS="1050" HPOS="1402"/>
                  <String HEIGHT="46" WIDTH="86" VPOS="1050" HPOS="1359" CONTENT="ex"/>
                  <SP HEIGHT="46" WIDTH="14" VPOS="1050" HPOS="1445"/>
                  <String HEIGHT="46"
                          WIDTH="158"
                          VPOS="1050"
                          HPOS="1402"
                          CONTENT="visione"/>
                  <SP HEIGHT="46" WIDTH="14" VPOS="1050" HPOS="1559"/>
                  <String HEIGHT="46"
                          WIDTH="158"
                          VPOS="1050"
                          HPOS="1516"
                          CONTENT="diuinae"/>
                  <SP HEIGHT="46" WIDTH="14" VPOS="1050" HPOS="1674"/>
                  <String HEIGHT="46"
                          WIDTH="186"
                          VPOS="1050"
                          HPOS="1631"
                          CONTENT="essentiae"/>
                  <SP HEIGHT="46" WIDTH="14" VPOS="1050" HPOS="1817"/>
                  <String HEIGHT="46"
                          WIDTH="143"
                          VPOS="1050"
                          HPOS="1774"
                          CONTENT="nullam"/>
                  <SP HEIGHT="46" WIDTH="14" VPOS="1050" HPOS="1917"/>
                  <String HEIGHT="46"
                          WIDTH="86"
                          VPOS="1050"
                          HPOS="1860"
                          CONTENT="crea"/>
               </TextLine>
               <TextLine ID="r3l24"
                         BASELINE="1134"
                         HEIGHT="44"
                         WIDTH="851"
                         VPOS="1090"
                         HPOS="1104">
                  <String HEIGHT="44"
                          WIDTH="124"
                          VPOS="1090"
                          HPOS="1090"
                          CONTENT="turam"/>
                  <SP HEIGHT="44" WIDTH="14" VPOS="1090" HPOS="1214"/>
                  <String HEIGHT="44"
                          WIDTH="137"
                          VPOS="1090"
                          HPOS="1173"
                          CONTENT="videt,"/>
                  <SP HEIGHT="44" WIDTH="14" VPOS="1090" HPOS="1310"/>
                  <String HEIGHT="44"
                          WIDTH="110"
                          VPOS="1090"
                          HPOS="1269"
                          CONTENT="nisi"/>
                  <SP HEIGHT="44" WIDTH="14" VPOS="1090" HPOS="1379"/>
                  <String HEIGHT="44"
                          WIDTH="137"
                          VPOS="1090"
                          HPOS="1337"
                          CONTENT="illam,"/>
                  <SP HEIGHT="44" WIDTH="14" VPOS="1090" HPOS="1475"/>
                  <String HEIGHT="44"
                          WIDTH="96"
                          VPOS="1090"
                          HPOS="1433"
                          CONTENT="vel"/>
                  <SP HEIGHT="44" WIDTH="14" VPOS="1090" HPOS="1530"/>
                  <String HEIGHT="44"
                          WIDTH="137"
                          VPOS="1090"
                          HPOS="1488"
                          CONTENT="illas,"/>
                  <SP HEIGHT="44" WIDTH="14" VPOS="1090" HPOS="1626"/>
                  <String HEIGHT="44" WIDTH="82" VPOS="1090" HPOS="1584" CONTENT="ad"/>
                  <SP HEIGHT="44" WIDTH="14" VPOS="1090" HPOS="1667"/>
                  <String HEIGHT="44"
                          WIDTH="137"
                          VPOS="1090"
                          HPOS="1626"
                          CONTENT="cuius,"/>
                  <SP HEIGHT="44" WIDTH="14" VPOS="1090" HPOS="1763"/>
                  <String HEIGHT="44"
                          WIDTH="96"
                          VPOS="1090"
                          HPOS="1722"
                          CONTENT="vel"/>
                  <SP HEIGHT="44" WIDTH="14" VPOS="1090" HPOS="1818"/>
                  <String HEIGHT="44"
                          WIDTH="137"
                          VPOS="1090"
                          HPOS="1777"
                          CONTENT="quarum"/>
                  <SP HEIGHT="44" WIDTH="14" VPOS="1090" HPOS="1914"/>
                  <String HEIGHT="44"
                          WIDTH="96"
                          VPOS="1090"
                          HPOS="1859"
                          CONTENT="visio"/>
               </TextLine>
               <TextLine ID="r3l25"
                         BASELINE="1177"
                         HEIGHT="46"
                         WIDTH="841"
                         VPOS="1131"
                         HPOS="1111">
                  <String HEIGHT="46"
                          WIDTH="107"
                          VPOS="1131"
                          HPOS="1096"
                          CONTENT="nem"/>
                  <SP HEIGHT="46" WIDTH="15" VPOS="1131" HPOS="1203"/>
                  <String HEIGHT="46"
                          WIDTH="122"
                          VPOS="1131"
                          HPOS="1157"
                          CONTENT="deus"/>
                  <SP HEIGHT="46" WIDTH="15" VPOS="1131" HPOS="1279"/>
                  <String HEIGHT="46"
                          WIDTH="107"
                          VPOS="1131"
                          HPOS="1233"
                          CONTENT="per"/>
                  <SP HEIGHT="46" WIDTH="15" VPOS="1131" HPOS="1340"/>
                  <String HEIGHT="46"
                          WIDTH="122"
                          VPOS="1131"
                          HPOS="1294"
                          CONTENT="suam"/>
                  <SP HEIGHT="46" WIDTH="15" VPOS="1131" HPOS="1417"/>
                  <String HEIGHT="46"
                          WIDTH="229"
                          VPOS="1131"
                          HPOS="1371"
                          CONTENT="infiuentiam"/>
                  <SP HEIGHT="46" WIDTH="15" VPOS="1131" HPOS="1600"/>
                  <String HEIGHT="46"
                          WIDTH="122"
                          VPOS="1131"
                          HPOS="1554"
                          CONTENT="sibi"/>
                  <SP HEIGHT="46" WIDTH="15" VPOS="1131" HPOS="1677"/>
                  <String HEIGHT="46"
                          WIDTH="229"
                          VPOS="1131"
                          HPOS="1631"
                          CONTENT="cooperatur,"/>
                  <SP HEIGHT="46" WIDTH="15" VPOS="1131" HPOS="1860"/>
                  <String HEIGHT="46"
                          WIDTH="107"
                          VPOS="1131"
                          HPOS="1814"
                          CONTENT="Cum"/>
                  <SP HEIGHT="46" WIDTH="15" VPOS="1131" HPOS="1921"/>
                  <String HEIGHT="46"
                          WIDTH="92"
                          VPOS="1131"
                          HPOS="1860"
                          CONTENT="igi"
                          SUBS_TYPE="HypPart1"
                          SUBS_CONTENT="igitur"/>
                  <HYP CONTENT="-"/>
               </TextLine>
               <TextLine ID="r3l26"
                         BASELINE="1223"
                         HEIGHT="43"
                         WIDTH="846"
                         VPOS="1180"
                         HPOS="1103">
                  <String HEIGHT="43"
                          WIDTH="116"
                          VPOS="1180"
                          HPOS="1086"
                          CONTENT="tur"
                          SUBS_TYPE="HypPart2"
                          SUBS_CONTENT="igitur"/>
                  <SP HEIGHT="43" WIDTH="17" VPOS="1180" HPOS="1203"/>
                  <String HEIGHT="43"
                          WIDTH="100"
                          VPOS="1180"
                          HPOS="1153"
                          CONTENT="ad"/>
                  <SP HEIGHT="43" WIDTH="17" VPOS="1180" HPOS="1252"/>
                  <String HEIGHT="43"
                          WIDTH="216"
                          VPOS="1180"
                          HPOS="1203"
                          CONTENT="huiusmodi"/>
                  <SP HEIGHT="43" WIDTH="17" VPOS="1180" HPOS="1418"/>
                  <String HEIGHT="43"
                          WIDTH="249"
                          VPOS="1180"
                          HPOS="1368"
                          CONTENT="influentiam"/>
                  <SP HEIGHT="43" WIDTH="17" VPOS="1180" HPOS="1617"/>
                  <String HEIGHT="43"
                          WIDTH="133"
                          VPOS="1180"
                          HPOS="1567"
                          CONTENT="deus"/>
                  <SP HEIGHT="43" WIDTH="17" VPOS="1180" HPOS="1700"/>
                  <String HEIGHT="43"
                          WIDTH="116"
                          VPOS="1180"
                          HPOS="1650"
                          CONTENT="non"/>
                  <SP HEIGHT="43" WIDTH="17" VPOS="1180" HPOS="1767"/>
                  <String HEIGHT="43"
                          WIDTH="216"
                          VPOS="1180"
                          HPOS="1717"
                          CONTENT="obligetur"/>
                  <SP HEIGHT="43" WIDTH="17" VPOS="1180" HPOS="1932"/>
                  <String HEIGHT="43"
                          WIDTH="83"
                          VPOS="1180"
                          HPOS="1866"
                          CONTENT="ne"
                          SUBS_TYPE="HypPart1"
                          SUBS_CONTENT="necessario,"/>
                  <HYP CONTENT="-"/>
               </TextLine>
               <TextLine ID="r3l27"
                         BASELINE="1251"
                         HEIGHT="42"
                         WIDTH="852"
                         VPOS="1209"
                         HPOS="1104">
                  <String HEIGHT="42"
                          WIDTH="188"
                          VPOS="1209"
                          HPOS="1090"
                          CONTENT="cessario,"
                          SUBS_TYPE="HypPart2"
                          SUBS_CONTENT="necessario,"/>
                  <SP HEIGHT="42" WIDTH="14" VPOS="1209" HPOS="1277"/>
                  <String HEIGHT="42"
                          WIDTH="116"
                          VPOS="1209"
                          HPOS="1234"
                          CONTENT="quia"/>
                  <SP HEIGHT="42" WIDTH="14" VPOS="1209" HPOS="1349"/>
                  <String HEIGHT="42" WIDTH="87" VPOS="1209" HPOS="1306" CONTENT="et"/>
                  <SP HEIGHT="42" WIDTH="14" VPOS="1209" HPOS="1393"/>
                  <String HEIGHT="42"
                          WIDTH="130"
                          VPOS="1209"
                          HPOS="1349"
                          CONTENT="facta"/>
                  <SP HEIGHT="42" WIDTH="14" VPOS="1209" HPOS="1479"/>
                  <String HEIGHT="42"
                          WIDTH="202"
                          VPOS="1209"
                          HPOS="1436"
                          CONTENT="ostensione"/>
                  <SP HEIGHT="42" WIDTH="14" VPOS="1209" HPOS="1638"/>
                  <String HEIGHT="42"
                          WIDTH="116"
                          VPOS="1209"
                          HPOS="1595"
                          CONTENT="suae"/>
                  <SP HEIGHT="42" WIDTH="14" VPOS="1209" HPOS="1711"/>
                  <String HEIGHT="42"
                          WIDTH="188"
                          VPOS="1209"
                          HPOS="1667"
                          CONTENT="essentiae"/>
                  <SP HEIGHT="42" WIDTH="14" VPOS="1209" HPOS="1855"/>
                  <String HEIGHT="42"
                          WIDTH="130"
                          VPOS="1209"
                          HPOS="1812"
                          CONTENT="adhuc"/>
                  <SP HEIGHT="42" WIDTH="14" VPOS="1209" HPOS="1942"/>
                  <String HEIGHT="42"
                          WIDTH="72"
                          VPOS="1209"
                          HPOS="1884"
                          CONTENT="hu"
                          SUBS_TYPE="HypPart1"
                          SUBS_CONTENT="huiusmodi"/>
                  <HYP CONTENT="-"/>
               </TextLine>
               <TextLine ID="r3l28"
                         BASELINE="1290"
                         HEIGHT="39"
                         WIDTH="853"
                         VPOS="1251"
                         HPOS="1104">
                  <String HEIGHT="39"
                          WIDTH="174"
                          VPOS="1251"
                          HPOS="1088"
                          CONTENT="iusmodi"
                          SUBS_TYPE="HypPart2"
                          SUBS_CONTENT="huiusmodi"/>
                  <SP HEIGHT="39" WIDTH="16" VPOS="1251" HPOS="1262"/>
                  <String HEIGHT="39"
                          WIDTH="221"
                          VPOS="1251"
                          HPOS="1215"
                          CONTENT="influentia"/>
                  <SP HEIGHT="39" WIDTH="16" VPOS="1251" HPOS="1436"/>
                  <String HEIGHT="39"
                          WIDTH="158"
                          VPOS="1251"
                          HPOS="1388"
                          CONTENT="libere"/>
                  <SP HEIGHT="39" WIDTH="16" VPOS="1251" HPOS="1546"/>
                  <String HEIGHT="39"
                          WIDTH="190"
                          VPOS="1251"
                          HPOS="1499"
                          CONTENT="dependet"/>
                  <SP HEIGHT="39" WIDTH="16" VPOS="1251" HPOS="1688"/>
                  <String HEIGHT="39" WIDTH="79" VPOS="1251" HPOS="1641" CONTENT="a"/>
                  <SP HEIGHT="39" WIDTH="16" VPOS="1251" HPOS="1720"/>
                  <String HEIGHT="39"
                          WIDTH="158"
                          VPOS="1251"
                          HPOS="1673"
                          CONTENT="diuina"/>
                  <SP HEIGHT="39" WIDTH="16" VPOS="1251" HPOS="1831"/>
                  <String HEIGHT="39"
                          WIDTH="190"
                          VPOS="1251"
                          HPOS="1767"
                          CONTENT="voluntate:"/>
               </TextLine>
               <TextLine ID="r3l29"
                         BASELINE="1339"
                         HEIGHT="49"
                         WIDTH="847"
                         VPOS="1290"
                         HPOS="1104">
                  <String HEIGHT="49"
                          WIDTH="146"
                          VPOS="1290"
                          HPOS="1089"
                          CONTENT="igitur"/>
                  <SP HEIGHT="49" WIDTH="15" VPOS="1290" HPOS="1235"/>
                  <String HEIGHT="49"
                          WIDTH="161"
                          VPOS="1290"
                          HPOS="1192"
                          CONTENT="ostensa"/>
                  <SP HEIGHT="49" WIDTH="15" VPOS="1290" HPOS="1352"/>
                  <String HEIGHT="49"
                          WIDTH="146"
                          VPOS="1290"
                          HPOS="1308"
                          CONTENT="diuina"/>
                  <SP HEIGHT="49" WIDTH="15" VPOS="1290" HPOS="1454"/>
                  <String HEIGHT="49"
                          WIDTH="175"
                          VPOS="1290"
                          HPOS="1411"
                          CONTENT="essentia"/>
                  <SP HEIGHT="49" WIDTH="15" VPOS="1290" HPOS="1586"/>
                  <String HEIGHT="49"
                          WIDTH="219"
                          VPOS="1290"
                          HPOS="1542"
                          CONTENT="intellectui"/>
                  <SP HEIGHT="49" WIDTH="15" VPOS="1290" HPOS="1761"/>
                  <String HEIGHT="49"
                          WIDTH="161"
                          VPOS="1290"
                          HPOS="1717"
                          CONTENT="creato,"/>
                  <SP HEIGHT="49" WIDTH="15" VPOS="1290" HPOS="1878"/>
                  <String HEIGHT="49"
                          WIDTH="102"
                          VPOS="1290"
                          HPOS="1834"
                          CONTENT="non"/>
                  <SP HEIGHT="49" WIDTH="15" VPOS="1290" HPOS="1936"/>
                  <String HEIGHT="49"
                          WIDTH="73"
                          VPOS="1290"
                          HPOS="1878"
                          CONTENT="est"/>
               </TextLine>
               <TextLine ID="r3l30"
                         BASELINE="1373"
                         HEIGHT="34"
                         WIDTH="842"
                         VPOS="1339"
                         HPOS="1104">
                  <String HEIGHT="34"
                          WIDTH="254"
                          VPOS="1339"
                          HPOS="1088"
                          CONTENT="necessarium,"/>
                  <SP HEIGHT="34" WIDTH="16" VPOS="1339" HPOS="1342"/>
                  <String HEIGHT="34"
                          WIDTH="111"
                          VPOS="1339"
                          HPOS="1295"
                          CONTENT="sed"/>
                  <SP HEIGHT="34" WIDTH="16" VPOS="1339" HPOS="1406"/>
                  <String HEIGHT="34"
                          WIDTH="127"
                          VPOS="1339"
                          HPOS="1358"
                          CONTENT="mere"/>
                  <SP HEIGHT="34" WIDTH="16" VPOS="1339" HPOS="1485"/>
                  <String HEIGHT="34"
                          WIDTH="238"
                          VPOS="1339"
                          HPOS="1438"
                          CONTENT="voluntarium"/>
                  <SP HEIGHT="34" WIDTH="16" VPOS="1339" HPOS="1676"/>
                  <String HEIGHT="34"
                          WIDTH="238"
                          VPOS="1339"
                          HPOS="1628"
                          CONTENT="contingens,"/>
                  <SP HEIGHT="34" WIDTH="16" VPOS="1339" HPOS="1867"/>
                  <String HEIGHT="34" WIDTH="79" VPOS="1339" HPOS="1819" CONTENT="&amp;"/>
                  <SP HEIGHT="34" WIDTH="16" VPOS="1339" HPOS="1898"/>
                  <String HEIGHT="34"
                          WIDTH="111"
                          VPOS="1339"
                          HPOS="1835"
                          CONTENT="libe"
                          SUBS_TYPE="HypPart1"
                          SUBS_CONTENT="libetum,"/>
                  <HYP CONTENT="-"/>
               </TextLine>
               <TextLine ID="r3l31"
                         BASELINE="1418"
                         HEIGHT="42"
                         WIDTH="840"
                         VPOS="1376"
                         HPOS="1110">
                  <String HEIGHT="42"
                          WIDTH="127"
                          VPOS="1376"
                          HPOS="1094"
                          CONTENT="tum,"
                          SUBS_TYPE="HypPart2"
                          SUBS_CONTENT="libetum,"/>
                  <SP HEIGHT="42" WIDTH="16" VPOS="1376" HPOS="1221"/>
                  <String HEIGHT="42"
                          WIDTH="127"
                          VPOS="1376"
                          HPOS="1173"
                          CONTENT="quod"/>
                  <SP HEIGHT="42" WIDTH="16" VPOS="1376" HPOS="1300"/>
                  <String HEIGHT="42"
                          WIDTH="127"
                          VPOS="1376"
                          HPOS="1253"
                          CONTENT="deus"/>
                  <SP HEIGHT="42" WIDTH="16" VPOS="1376" HPOS="1379"/>
                  <String HEIGHT="42"
                          WIDTH="190"
                          VPOS="1376"
                          HPOS="1332"
                          CONTENT="ostendat"/>
                  <SP HEIGHT="42" WIDTH="16" VPOS="1376" HPOS="1522"/>
                  <String HEIGHT="42"
                          WIDTH="174"
                          VPOS="1376"
                          HPOS="1475"
                          CONTENT="aliquam"/>
                  <SP HEIGHT="42" WIDTH="16" VPOS="1376" HPOS="1649"/>
                  <String HEIGHT="42"
                          WIDTH="222"
                          VPOS="1376"
                          HPOS="1601"
                          CONTENT="creaturam,"/>
                  <SP HEIGHT="42" WIDTH="16" VPOS="1376" HPOS="1823"/>
                  <String HEIGHT="42" WIDTH="79" VPOS="1376" HPOS="1776" CONTENT="&amp;"/>
                  <SP HEIGHT="42" WIDTH="16" VPOS="1376" HPOS="1855"/>
                  <String HEIGHT="42"
                          WIDTH="111"
                          VPOS="1376"
                          HPOS="1807"
                          CONTENT="per"/>
                  <SP HEIGHT="42" WIDTH="16" VPOS="1376" HPOS="1918"/>
                  <String HEIGHT="42"
                          WIDTH="95"
                          VPOS="1376"
                          HPOS="1855"
                          CONTENT="con"
                          SUBS_TYPE="HypPart1"
                          SUBS_CONTENT="consequens,"/>
                  <HYP CONTENT="-"/>
               </TextLine>
               <TextLine ID="r3l32"
                         BASELINE="1461"
                         HEIGHT="46"
                         WIDTH="848"
                         VPOS="1415"
                         HPOS="1098">
                  <String HEIGHT="46"
                          WIDTH="185"
                          VPOS="1415"
                          HPOS="1083"
                          CONTENT="sequens,"
                          SUBS_TYPE="HypPart2"
                          SUBS_CONTENT="consequens,"/>
                  <SP HEIGHT="46" WIDTH="15" VPOS="1415" HPOS="1268"/>
                  <String HEIGHT="46"
                          WIDTH="231"
                          VPOS="1415"
                          HPOS="1221"
                          CONTENT="intellectus"/>
                  <SP HEIGHT="46" WIDTH="15" VPOS="1415" HPOS="1453"/>
                  <String HEIGHT="46"
                          WIDTH="185"
                          VPOS="1415"
                          HPOS="1406"
                          CONTENT="creatus,"/>
                  <SP HEIGHT="46" WIDTH="15" VPOS="1415" HPOS="1591"/>
                  <String HEIGHT="46"
                          WIDTH="154"
                          VPOS="1415"
                          HPOS="1545"
                          CONTENT="videns"/>
                  <SP HEIGHT="46" WIDTH="15" VPOS="1415" HPOS="1699"/>
                  <String HEIGHT="46"
                          WIDTH="170"
                          VPOS="1415"
                          HPOS="1653"
                          CONTENT="diuinam"/>
                  <SP HEIGHT="46" WIDTH="15" VPOS="1415" HPOS="1823"/>
                  <String HEIGHT="46"
                          WIDTH="185"
                          VPOS="1415"
                          HPOS="1761"
                          CONTENT="essentiam,"/>
               </TextLine>
               <TextLine ID="r3l33"
                         BASELINE="1497"
                         HEIGHT="39"
                         WIDTH="854"
                         VPOS="1458"
                         HPOS="1097">
                  <String HEIGHT="39"
                          WIDTH="122"
                          VPOS="1458"
                          HPOS="1080"
                          CONTENT="non"/>
                  <SP HEIGHT="39" WIDTH="17" VPOS="1458" HPOS="1202"/>
                  <String HEIGHT="39"
                          WIDTH="157"
                          VPOS="1458"
                          HPOS="1149"
                          CONTENT="solum"/>
                  <SP HEIGHT="39" WIDTH="17" VPOS="1458" HPOS="1306"/>
                  <String HEIGHT="39"
                          WIDTH="122"
                          VPOS="1458"
                          HPOS="1254"
                          CONTENT="non"/>
                  <SP HEIGHT="39" WIDTH="17" VPOS="1458" HPOS="1376"/>
                  <String HEIGHT="39"
                          WIDTH="157"
                          VPOS="1458"
                          HPOS="1324"
                          CONTENT="videt"/>
                  <SP HEIGHT="39" WIDTH="17" VPOS="1458" HPOS="1480"/>
                  <String HEIGHT="39"
                          WIDTH="244"
                          VPOS="1458"
                          HPOS="1428"
                          CONTENT="necessario"/>
                  <SP HEIGHT="39" WIDTH="17" VPOS="1458" HPOS="1672"/>
                  <String HEIGHT="39"
                          WIDTH="157"
                          VPOS="1458"
                          HPOS="1620"
                          CONTENT="omnem"/>
                  <SP HEIGHT="39" WIDTH="17" VPOS="1458" HPOS="1777"/>
                  <String HEIGHT="39"
                          WIDTH="227"
                          VPOS="1458"
                          HPOS="1724"
                          CONTENT="creaturam"/>
                  <SP HEIGHT="39" WIDTH="17" VPOS="1458" HPOS="1951"/>
                  <String HEIGHT="39" WIDTH="70" VPOS="1458" HPOS="1881" CONTENT="in"/>
               </TextLine>
               <TextLine ID="r3l34"
                         BASELINE="1536"
                         HEIGHT="49"
                         WIDTH="858"
                         VPOS="1487"
                         HPOS="1104">
                  <String HEIGHT="49"
                          WIDTH="165"
                          VPOS="1487"
                          HPOS="1088"
                          CONTENT="diuina"/>
                  <SP HEIGHT="49" WIDTH="17" VPOS="1487" HPOS="1253"/>
                  <String HEIGHT="49"
                          WIDTH="198"
                          VPOS="1487"
                          HPOS="1203"
                          CONTENT="essentia"/>
                  <SP HEIGHT="49" WIDTH="17" VPOS="1487" HPOS="1401"/>
                  <String HEIGHT="49"
                          WIDTH="248"
                          VPOS="1487"
                          HPOS="1352"
                          CONTENT="relucentem,"/>
                  <SP HEIGHT="49" WIDTH="17" VPOS="1487" HPOS="1599"/>
                  <String HEIGHT="49"
                          WIDTH="132"
                          VPOS="1487"
                          HPOS="1550"
                          CONTENT="immo"/>
                  <SP HEIGHT="49" WIDTH="17" VPOS="1487" HPOS="1682"/>
                  <String HEIGHT="49"
                          WIDTH="165"
                          VPOS="1487"
                          HPOS="1632"
                          CONTENT="nullam"/>
                  <SP HEIGHT="49" WIDTH="17" VPOS="1487" HPOS="1797"/>
                  <String HEIGHT="49"
                          WIDTH="215"
                          VPOS="1487"
                          HPOS="1748"
                          CONTENT="creaturam"/>
                  <SP HEIGHT="49" WIDTH="17" VPOS="1487" HPOS="1962"/>
                  <String HEIGHT="49" WIDTH="66" VPOS="1487" HPOS="1896" CONTENT="vi"/>
               </TextLine>
               <TextLine ID="r3l35"
                         BASELINE="1575"
                         HEIGHT="50"
                         WIDTH="571"
                         VPOS="1525"
                         HPOS="1097">
                  <String HEIGHT="50"
                          WIDTH="111"
                          VPOS="1525"
                          HPOS="1081"
                          CONTENT="det"/>
                  <SP HEIGHT="50" WIDTH="16" VPOS="1525" HPOS="1192"/>
                  <String HEIGHT="50"
                          WIDTH="222"
                          VPOS="1525"
                          HPOS="1145"
                          CONTENT="necessario"/>
                  <SP HEIGHT="50" WIDTH="16" VPOS="1525" HPOS="1367"/>
                  <String HEIGHT="50" WIDTH="95" VPOS="1525" HPOS="1319" CONTENT="ex"/>
                  <SP HEIGHT="50" WIDTH="16" VPOS="1525" HPOS="1414"/>
                  <String HEIGHT="50"
                          WIDTH="206"
                          VPOS="1525"
                          HPOS="1367"
                          CONTENT="huiusmodi"/>
                  <SP HEIGHT="50" WIDTH="16" VPOS="1525" HPOS="1573"/>
                  <String HEIGHT="50"
                          WIDTH="159"
                          VPOS="1525"
                          HPOS="1509"
                          CONTENT="visione."/>
               </TextLine>
               <TextLine ID="r3l37"
                         BASELINE="1620"
                         HEIGHT="58"
                         WIDTH="825"
                         VPOS="1562"
                         HPOS="1137">
                  <String HEIGHT="58" WIDTH="99" VPOS="1562" HPOS="1121" CONTENT="Ad"/>
                  <SP HEIGHT="58" WIDTH="17" VPOS="1562" HPOS="1220"/>
                  <String HEIGHT="58"
                          WIDTH="231"
                          VPOS="1562"
                          HPOS="1170"
                          CONTENT="argumentum"/>
                  <SP HEIGHT="58" WIDTH="17" VPOS="1562" HPOS="1401"/>
                  <String HEIGHT="58"
                          WIDTH="231"
                          VPOS="1562"
                          HPOS="1352"
                          CONTENT="principale"/>
                  <SP HEIGHT="58" WIDTH="17" VPOS="1562" HPOS="1583"/>
                  <String HEIGHT="58"
                          WIDTH="149"
                          VPOS="1562"
                          HPOS="1533"
                          CONTENT="patet"/>
                  <SP HEIGHT="58" WIDTH="17" VPOS="1562" HPOS="1682"/>
                  <String HEIGHT="58"
                          WIDTH="182"
                          VPOS="1562"
                          HPOS="1632"
                          CONTENT="solutio"/>
                  <SP HEIGHT="58" WIDTH="17" VPOS="1562" HPOS="1814"/>
                  <String HEIGHT="58" WIDTH="99" VPOS="1562" HPOS="1764" CONTENT="ex"/>
                  <SP HEIGHT="58" WIDTH="17" VPOS="1562" HPOS="1863"/>
                  <String HEIGHT="58"
                          WIDTH="165"
                          VPOS="1562"
                          HPOS="1797"
                          CONTENT="resposio"/>
               </TextLine>
               <TextLine ID="r3l39"
                         BASELINE="1654"
                         HEIGHT="50"
                         WIDTH="851"
                         VPOS="1604"
                         HPOS="1099">
                  <String HEIGHT="50" WIDTH="95" VPOS="1604" HPOS="1083" CONTENT="ne"/>
                  <SP HEIGHT="50" WIDTH="16" VPOS="1604" HPOS="1178"/>
                  <String HEIGHT="50"
                          WIDTH="126"
                          VPOS="1604"
                          HPOS="1131"
                          CONTENT="data"/>
                  <SP HEIGHT="50" WIDTH="16" VPOS="1604" HPOS="1257"/>
                  <String HEIGHT="50"
                          WIDTH="189"
                          VPOS="1604"
                          HPOS="1209"
                          CONTENT="articulo"/>
                  <SP HEIGHT="50" WIDTH="16" VPOS="1604" HPOS="1398"/>
                  <String HEIGHT="50" WIDTH="79" VPOS="1604" HPOS="1351" CONTENT="2"/>
                  <SP HEIGHT="50" WIDTH="16" VPOS="1604" HPOS="1430"/>
                  <String HEIGHT="50" WIDTH="95" VPOS="1604" HPOS="1383" CONTENT="ad"/>
                  <SP HEIGHT="50" WIDTH="16" VPOS="1604" HPOS="1477"/>
                  <String HEIGHT="50"
                          WIDTH="173"
                          VPOS="1604"
                          HPOS="1430"
                          CONTENT="quartam"/>
                  <SP HEIGHT="50" WIDTH="16" VPOS="1604" HPOS="1603"/>
                  <String HEIGHT="50"
                          WIDTH="189"
                          VPOS="1604"
                          HPOS="1556"
                          CONTENT="rationem"/>
                  <SP HEIGHT="50" WIDTH="16" VPOS="1604" HPOS="1745"/>
                  <String HEIGHT="50"
                          WIDTH="158"
                          VPOS="1604"
                          HPOS="1698"
                          CONTENT="illius"/>
                  <SP HEIGHT="50" WIDTH="16" VPOS="1604" HPOS="1855"/>
                  <String HEIGHT="50"
                          WIDTH="173"
                          VPOS="1604"
                          HPOS="1808"
                          CONTENT="opinio"/>
                  <SP HEIGHT="50" WIDTH="16" VPOS="1604" HPOS="1982"/>
                  <String HEIGHT="50" WIDTH="32" VPOS="1604" HPOS="1918" CONTENT=""/>
               </TextLine>
               <TextLine ID="r3l40"
                         BASELINE="1694"
                         HEIGHT="50"
                         WIDTH="859"
                         VPOS="1644"
                         HPOS="1099">
                  <String HEIGHT="50"
                          WIDTH="127"
                          VPOS="1644"
                          HPOS="1083"
                          CONTENT="nis,"/>
                  <SP HEIGHT="50" WIDTH="16" VPOS="1644" HPOS="1210"/>
                  <String HEIGHT="50"
                          WIDTH="127"
                          VPOS="1644"
                          HPOS="1163"
                          CONTENT="quae"/>
                  <SP HEIGHT="50" WIDTH="16" VPOS="1644" HPOS="1290"/>
                  <String HEIGHT="50"
                          WIDTH="143"
                          VPOS="1644"
                          HPOS="1242"
                          CONTENT="ponit"/>
                  <SP HEIGHT="50" WIDTH="16" VPOS="1644" HPOS="1385"/>
                  <String HEIGHT="50"
                          WIDTH="175"
                          VPOS="1644"
                          HPOS="1338"
                          CONTENT="diuinam"/>
                  <SP HEIGHT="50" WIDTH="16" VPOS="1644" HPOS="1513"/>
                  <String HEIGHT="50"
                          WIDTH="207"
                          VPOS="1644"
                          HPOS="1465"
                          CONTENT="essentiam"/>
                  <SP HEIGHT="50" WIDTH="16" VPOS="1644" HPOS="1672"/>
                  <String HEIGHT="50"
                          WIDTH="159"
                          VPOS="1644"
                          HPOS="1624"
                          CONTENT="videri"/>
                  <SP HEIGHT="50" WIDTH="16" VPOS="1644" HPOS="1783"/>
                  <String HEIGHT="50"
                          WIDTH="191"
                          VPOS="1644"
                          HPOS="1735"
                          CONTENT="mediante"/>
                  <SP HEIGHT="50" WIDTH="16" VPOS="1644" HPOS="1926"/>
                  <String HEIGHT="50"
                          WIDTH="95"
                          VPOS="1644"
                          HPOS="1863"
                          CONTENT="spe"
                          SUBS_TYPE="HypPart1"
                          SUBS_CONTENT="spetie"/>
                  <HYP CONTENT="-"/>
               </TextLine>
               <TextLine ID="r3l41"
                         BASELINE="1753"
                         HEIGHT="64"
                         WIDTH="239"
                         VPOS="1689"
                         HPOS="1111">
                  <String HEIGHT="64"
                          WIDTH="88"
                          VPOS="1689"
                          HPOS="1098"
                          CONTENT="tie"
                          SUBS_TYPE="HypPart2"
                          SUBS_CONTENT="spetie"/>
                  <SP HEIGHT="64" WIDTH="13" VPOS="1689" HPOS="1186"/>
                  <String HEIGHT="64"
                          WIDTH="226"
                          VPOS="1689"
                          HPOS="1149"
                          CONTENT="intelligibili"/>
                  <SP HEIGHT="64" WIDTH="13" VPOS="1689" HPOS="1375"/>
                  <String HEIGHT="64" WIDTH="25" VPOS="1689" HPOS="1325" CONTENT=""/>
               </TextLine>
               <TextLine ID="r3l42"
                         BASELINE="1882"
                         HEIGHT="79"
                         WIDTH="797"
                         VPOS="1803"
                         HPOS="1123">
                  <String HEIGHT="79"
                          WIDTH="172"
                          VPOS="1803"
                          HPOS="1107"
                          CONTENT="Tertiae"/>
                  <SP HEIGHT="79" WIDTH="16" VPOS="1803" HPOS="1279"/>
                  <String HEIGHT="79"
                          WIDTH="219"
                          VPOS="1803"
                          HPOS="1232"
                          CONTENT="particulae"/>
                  <SP HEIGHT="79" WIDTH="16" VPOS="1803" HPOS="1451"/>
                  <String HEIGHT="79"
                          WIDTH="141"
                          VPOS="1803"
                          HPOS="1404"
                          CONTENT="huius"/>
                  <SP HEIGHT="79" WIDTH="16" VPOS="1803" HPOS="1545"/>
                  <String HEIGHT="79"
                          WIDTH="266"
                          VPOS="1803"
                          HPOS="1498"
                          CONTENT="distinctionis"/>
                  <SP HEIGHT="79" WIDTH="16" VPOS="1803" HPOS="1764"/>
                  <String HEIGHT="79"
                          WIDTH="109"
                          VPOS="1803"
                          HPOS="1717"
                          CONTENT="non"/>
                  <SP HEIGHT="79" WIDTH="16" VPOS="1803" HPOS="1826"/>
                  <String HEIGHT="79"
                          WIDTH="156"
                          VPOS="1803"
                          HPOS="1764"
                          CONTENT="inutulis"/>
               </TextLine>
               <TextLine ID="r3l43"
                         BASELINE="1938"
                         HEIGHT="57"
                         WIDTH="668"
                         VPOS="1881"
                         HPOS="1197">
                  <String HEIGHT="57"
                          WIDTH="223"
                          VPOS="1881"
                          HPOS="1180"
                          CONTENT="subduusio"/>
                  <SP HEIGHT="57" WIDTH="17" VPOS="1881" HPOS="1403"/>
                  <String HEIGHT="57" WIDTH="86" VPOS="1881" HPOS="1351" CONTENT="n"/>
                  <SP HEIGHT="57" WIDTH="17" VPOS="1881" HPOS="1437"/>
                  <String HEIGHT="57"
                          WIDTH="120"
                          VPOS="1881"
                          HPOS="1385"
                          CONTENT="qua"/>
                  <SP HEIGHT="57" WIDTH="17" VPOS="1881" HPOS="1505"/>
                  <String HEIGHT="57"
                          WIDTH="103"
                          VPOS="1881"
                          HPOS="1454"
                          CONTENT="de"/>
                  <SP HEIGHT="57" WIDTH="17" VPOS="1881" HPOS="1557"/>
                  <String HEIGHT="57"
                          WIDTH="257"
                          VPOS="1881"
                          HPOS="1505"
                          CONTENT="differentia"/>
                  <SP HEIGHT="57" WIDTH="17" VPOS="1881" HPOS="1762"/>
                  <String HEIGHT="57"
                          WIDTH="171"
                          VPOS="1881"
                          HPOS="1694"
                          CONTENT="beatitu"
                          SUBS_TYPE="HypPart1"
                          SUBS_CONTENT="beatitudinis"/>
                  <HYP CONTENT="-"/>
               </TextLine>
               <TextLine ID="r3l44"
                         BASELINE="1989"
                         HEIGHT="66"
                         WIDTH="482"
                         VPOS="1923"
                         HPOS="1287">
                  <String HEIGHT="66"
                          WIDTH="167"
                          VPOS="1923"
                          HPOS="1268"
                          CONTENT="dinis"
                          SUBS_TYPE="HypPart2"
                          SUBS_CONTENT="beatitudinis"/>
                  <SP HEIGHT="66" WIDTH="19" VPOS="1923" HPOS="1435"/>
                  <String HEIGHT="66"
                          WIDTH="167"
                          VPOS="1923"
                          HPOS="1380"
                          CONTENT="ante,"/>
                  <SP HEIGHT="66" WIDTH="19" VPOS="1923" HPOS="1547"/>
                  <String HEIGHT="66" WIDTH="93" VPOS="1923" HPOS="1491" CONTENT="&amp;"/>
                  <SP HEIGHT="66" WIDTH="19" VPOS="1923" HPOS="1584"/>
                  <String HEIGHT="66"
                          WIDTH="148"
                          VPOS="1923"
                          HPOS="1528"
                          CONTENT="post"/>
                  <SP HEIGHT="66" WIDTH="19" VPOS="1923" HPOS="1676"/>
                  <String HEIGHT="66"
                          WIDTH="167"
                          VPOS="1923"
                          HPOS="1602"
                          CONTENT="idicium"/>
               </TextLine>
               <TextLine ID="r3l45"
                         BASELINE="2045"
                         HEIGHT="67"
                         WIDTH="251"
                         VPOS="1978"
                         HPOS="1411">
                  <String HEIGHT="67"
                          WIDTH="293"
                          VPOS="1978"
                          HPOS="1369"
                          CONTENT="determinati."/>
               </TextLine>
               <TextLine ID="r3l46"
                         BASELINE="2169"
                         HEIGHT="69"
                         WIDTH="509"
                         VPOS="2100"
                         HPOS="1452">
                  <String HEIGHT="69"
                          WIDTH="111"
                          VPOS="2100"
                          HPOS="1436"
                          CONTENT="DST"/>
                  <SP HEIGHT="69" WIDTH="16" VPOS="2100" HPOS="1547"/>
                  <String HEIGHT="69"
                          WIDTH="127"
                          VPOS="2100"
                          HPOS="1500"
                          CONTENT="haec"/>
                  <SP HEIGHT="69" WIDTH="16" VPOS="2100" HPOS="1627"/>
                  <String HEIGHT="69"
                          WIDTH="159"
                          VPOS="2100"
                          HPOS="1579"
                          CONTENT="quaeri"/>
                  <SP HEIGHT="69" WIDTH="16" VPOS="2100" HPOS="1738"/>
                  <String HEIGHT="69"
                          WIDTH="159"
                          VPOS="2100"
                          HPOS="1691"
                          CONTENT="solet."/>
                  <SP HEIGHT="69" WIDTH="16" VPOS="2100" HPOS="1850"/>
                  <String HEIGHT="69"
                          WIDTH="191"
                          VPOS="2100"
                          HPOS="1802"
                          CONTENT="Postquam"/>
                  <SP HEIGHT="69" WIDTH="16" VPOS="2100" HPOS="1993"/>
                  <String HEIGHT="69" WIDTH="32" VPOS="2100" HPOS="1929" CONTENT=""/>
               </TextLine>
               <TextLine ID="r3l47"
                         BASELINE="2208"
                         HEIGHT="46"
                         WIDTH="495"
                         VPOS="2162"
                         HPOS="1461">
                  <String HEIGHT="46"
                          WIDTH="192"
                          VPOS="2162"
                          HPOS="1445"
                          CONTENT="magister"/>
                  <SP HEIGHT="46" WIDTH="16" VPOS="2162" HPOS="1637"/>
                  <String HEIGHT="46" WIDTH="96" VPOS="2162" HPOS="1589" CONTENT="in"/>
                  <SP HEIGHT="46" WIDTH="16" VPOS="2162" HPOS="1685"/>
                  <String HEIGHT="46"
                          WIDTH="160"
                          VPOS="2162"
                          HPOS="1637"
                          CONTENT="duabus"/>
                  <SP HEIGHT="46" WIDTH="16" VPOS="2162" HPOS="1796"/>
                  <String HEIGHT="46"
                          WIDTH="224"
                          VPOS="2162"
                          HPOS="1732"
                          CONTENT="praecedentib"/>
               </TextLine>
               <TextLine ID="r3l48"
                         BASELINE="2249"
                         HEIGHT="48"
                         WIDTH="496"
                         VPOS="2201"
                         HPOS="1467">
                  <String HEIGHT="48"
                          WIDTH="213"
                          VPOS="2201"
                          HPOS="1453"
                          CONTENT="portionibus"/>
                  <SP HEIGHT="48" WIDTH="14" VPOS="2201" HPOS="1665"/>
                  <String HEIGHT="48"
                          WIDTH="142"
                          VPOS="2201"
                          HPOS="1623"
                          CONTENT="istius"/>
                  <SP HEIGHT="48" WIDTH="14" VPOS="2201" HPOS="1765"/>
                  <String HEIGHT="48"
                          WIDTH="241"
                          VPOS="2201"
                          HPOS="1722"
                          CONTENT="distirctionis"/>
                  <SP HEIGHT="48" WIDTH="14" VPOS="2201" HPOS="1963"/>
                  <String HEIGHT="48" WIDTH="57" VPOS="2201" HPOS="1906" CONTENT="de"/>
               </TextLine>
               <TextLine ID="r3l49"
                         BASELINE="2285"
                         HEIGHT="47"
                         WIDTH="506"
                         VPOS="2238"
                         HPOS="1454">
                  <String HEIGHT="47"
                          WIDTH="118"
                          VPOS="2238"
                          HPOS="1437"
                          CONTENT="ter"/>
                  <SP HEIGHT="47" WIDTH="17" VPOS="2238" HPOS="1555"/>
                  <String HEIGHT="47"
                          WIDTH="186"
                          VPOS="2238"
                          HPOS="1505"
                          CONTENT="minauit"/>
                  <SP HEIGHT="47" WIDTH="17" VPOS="2238" HPOS="1690"/>
                  <String HEIGHT="47"
                          WIDTH="101"
                          VPOS="2238"
                          HPOS="1640"
                          CONTENT="de"/>
                  <SP HEIGHT="47" WIDTH="17" VPOS="2238" HPOS="1741"/>
                  <String HEIGHT="47"
                          WIDTH="236"
                          VPOS="2238"
                          HPOS="1690"
                          CONTENT="communiter"/>
                  <SP HEIGHT="47" WIDTH="17" VPOS="2238" HPOS="1926"/>
                  <String HEIGHT="47"
                          WIDTH="101"
                          VPOS="2238"
                          HPOS="1859"
                          CONTENT="spe"
                          SUBS_TYPE="HypPart1"
                          SUBS_CONTENT="spectantibus"/>
                  <HYP CONTENT="-"/>
               </TextLine>
               <TextLine ID="r3l50"
                         BASELINE="2339"
                         HEIGHT="64"
                         WIDTH="493"
                         VPOS="2275"
                         HPOS="1462">
                  <String HEIGHT="64"
                          WIDTH="194"
                          VPOS="2275"
                          HPOS="1447"
                          CONTENT="ctantibus"
                          SUBS_TYPE="HypPart2"
                          SUBS_CONTENT="spectantibus"/>
                  <SP HEIGHT="64" WIDTH="15" VPOS="2275" HPOS="1641"/>
                  <String HEIGHT="64" WIDTH="90" VPOS="2275" HPOS="1596" CONTENT="ad"/>
                  <SP HEIGHT="64" WIDTH="15" VPOS="2275" HPOS="1686"/>
                  <String HEIGHT="64"
                          WIDTH="239"
                          VPOS="2275"
                          HPOS="1641"
                          CONTENT="beatitudinem"/>
                  <SP HEIGHT="64" WIDTH="15" VPOS="2275" HPOS="1880"/>
                  <String HEIGHT="64"
                          WIDTH="134"
                          VPOS="2275"
                          HPOS="1821"
                          CONTENT="electo"
                          SUBS_TYPE="HypPart1"
                          SUBS_CONTENT="electorum:"/>
                  <HYP CONTENT="-"/>
               </TextLine>
               <TextLine ID="r3l51"
                         BASELINE="2360"
                         HEIGHT="44"
                         WIDTH="494"
                         VPOS="2316"
                         HPOS="1461">
                  <String HEIGHT="44"
                          WIDTH="132"
                          VPOS="2316"
                          HPOS="1445"
                          CONTENT="rum:"
                          SUBS_TYPE="HypPart2"
                          SUBS_CONTENT="electorum:"/>
                  <SP HEIGHT="44" WIDTH="16" VPOS="2316" HPOS="1576"/>
                  <String HEIGHT="44"
                          WIDTH="132"
                          VPOS="2316"
                          HPOS="1527"
                          CONTENT="nunc"/>
                  <SP HEIGHT="44" WIDTH="16" VPOS="2316" HPOS="1659"/>
                  <String HEIGHT="44" WIDTH="99" VPOS="2316" HPOS="1609" CONTENT="in"/>
                  <SP HEIGHT="44" WIDTH="16" VPOS="2316" HPOS="1708"/>
                  <String HEIGHT="44"
                          WIDTH="132"
                          VPOS="2316"
                          HPOS="1659"
                          CONTENT="ista"/>
                  <SP HEIGHT="44" WIDTH="16" VPOS="2316" HPOS="1790"/>
                  <String HEIGHT="44"
                          WIDTH="165"
                          VPOS="2316"
                          HPOS="1741"
                          CONTENT="tertia"/>
                  <SP HEIGHT="44" WIDTH="16" VPOS="2316" HPOS="1906"/>
                  <String HEIGHT="44"
                          WIDTH="115"
                          VPOS="2316"
                          HPOS="1840"
                          CONTENT="huius"/>
               </TextLine>
               <TextLine ID="r3l53"
                         BASELINE="2412"
                         HEIGHT="58"
                         WIDTH="498"
                         VPOS="2354"
                         HPOS="1456">
                  <String HEIGHT="58"
                          WIDTH="265"
                          VPOS="2354"
                          HPOS="1440"
                          CONTENT="distinctionis"/>
                  <SP HEIGHT="58" WIDTH="16" VPOS="2354" HPOS="1705"/>
                  <String HEIGHT="58"
                          WIDTH="202"
                          VPOS="2354"
                          HPOS="1658"
                          CONTENT="particula"/>
                  <SP HEIGHT="58" WIDTH="16" VPOS="2354" HPOS="1861"/>
                  <String HEIGHT="58"
                          WIDTH="156"
                          VPOS="2354"
                          HPOS="1798"
                          CONTENT="inquirit"/>
               </TextLine>
               <TextLine ID="r3l56"
                         BASELINE="2451"
                         HEIGHT="61"
                         WIDTH="495"
                         VPOS="2390"
                         HPOS="1470">
                  <String HEIGHT="61" WIDTH="93" VPOS="2390" HPOS="1455" CONTENT="de"/>
                  <SP HEIGHT="61" WIDTH="15" VPOS="2390" HPOS="1547"/>
                  <String HEIGHT="61"
                          WIDTH="232"
                          VPOS="2390"
                          HPOS="1501"
                          CONTENT="differentia"/>
                  <SP HEIGHT="61" WIDTH="15" VPOS="2390" HPOS="1733"/>
                  <String HEIGHT="61"
                          WIDTH="124"
                          VPOS="2390"
                          HPOS="1687"
                          CONTENT="post"/>
                  <SP HEIGHT="61" WIDTH="15" VPOS="2390" HPOS="1810"/>
                  <String HEIGHT="61"
                          WIDTH="201"
                          VPOS="2390"
                          HPOS="1764"
                          CONTENT="iudicium,"/>
                  <SP HEIGHT="61" WIDTH="15" VPOS="2390" HPOS="1965"/>
                  <String HEIGHT="61" WIDTH="77" VPOS="2390" HPOS="1919" CONTENT="&amp;"/>
                  <SP HEIGHT="61" WIDTH="15" VPOS="2390" HPOS="1996"/>
                  <String HEIGHT="61" WIDTH="31" VPOS="2390" HPOS="1934" CONTENT=""/>
               </TextLine>
               <TextLine ID="r3l57"
                         BASELINE="2489"
                         HEIGHT="53"
                         WIDTH="837"
                         VPOS="2436"
                         HPOS="1113">
                  <String HEIGHT="53"
                          WIDTH="135"
                          VPOS="2436"
                          HPOS="1098"
                          CONTENT="inte,"/>
                  <SP HEIGHT="53" WIDTH="15" VPOS="2436" HPOS="1233"/>
                  <String HEIGHT="53"
                          WIDTH="164"
                          VPOS="2436"
                          HPOS="1188"
                          CONTENT="ipsorum"/>
                  <SP HEIGHT="53" WIDTH="15" VPOS="2436" HPOS="1352"/>
                  <String HEIGHT="53"
                          WIDTH="194"
                          VPOS="2436"
                          HPOS="1307"
                          CONTENT="beatorum."/>
                  <SP HEIGHT="53" WIDTH="15" VPOS="2436" HPOS="1502"/>
                  <String HEIGHT="53" WIDTH="90" VPOS="2436" HPOS="1457" CONTENT="Et"/>
                  <SP HEIGHT="53" WIDTH="15" VPOS="2436" HPOS="1546"/>
                  <String HEIGHT="53"
                          WIDTH="194"
                          VPOS="2436"
                          HPOS="1502"
                          CONTENT="diuiditur"/>
                  <SP HEIGHT="53" WIDTH="15" VPOS="2436" HPOS="1696"/>
                  <String HEIGHT="53" WIDTH="90" VPOS="2436" HPOS="1651" CONTENT="in"/>
                  <SP HEIGHT="53" WIDTH="15" VPOS="2436" HPOS="1741"/>
                  <String HEIGHT="53"
                          WIDTH="120"
                          VPOS="2436"
                          HPOS="1696"
                          CONTENT="duas"/>
                  <SP HEIGHT="53" WIDTH="15" VPOS="2436" HPOS="1815"/>
                  <String HEIGHT="53"
                          WIDTH="164"
                          VPOS="2436"
                          HPOS="1771"
                          CONTENT="partes,"/>
                  <SP HEIGHT="53" WIDTH="15" VPOS="2436" HPOS="1935"/>
                  <String HEIGHT="53"
                          WIDTH="75"
                          VPOS="2436"
                          HPOS="1875"
                          CONTENT="se"
                          SUBS_TYPE="HypPart1"
                          SUBS_CONTENT="secundum"/>
                  <HYP CONTENT="-"/>
               </TextLine>
               <TextLine ID="r3l58"
                         BASELINE="2524"
                         HEIGHT="35"
                         WIDTH="848"
                         VPOS="2489"
                         HPOS="1107">
                  <String HEIGHT="35"
                          WIDTH="166"
                          VPOS="2489"
                          HPOS="1090"
                          CONTENT="cundum"
                          SUBS_TYPE="HypPart2"
                          SUBS_CONTENT="secundum"/>
                  <SP HEIGHT="35" WIDTH="17" VPOS="2489" HPOS="1257"/>
                  <String HEIGHT="35"
                          WIDTH="133"
                          VPOS="2489"
                          HPOS="1207"
                          CONTENT="quod"/>
                  <SP HEIGHT="35" WIDTH="17" VPOS="2489" HPOS="1340"/>
                  <String HEIGHT="35"
                          WIDTH="150"
                          VPOS="2489"
                          HPOS="1290"
                          CONTENT="circa"/>
                  <SP HEIGHT="35" WIDTH="17" VPOS="2489" HPOS="1440"/>
                  <String HEIGHT="35"
                          WIDTH="116"
                          VPOS="2489"
                          HPOS="1390"
                          CONTENT="hoc"/>
                  <SP HEIGHT="35" WIDTH="17" VPOS="2489" HPOS="1506"/>
                  <String HEIGHT="35"
                          WIDTH="133"
                          VPOS="2489"
                          HPOS="1456"
                          CONTENT="duas"/>
                  <SP HEIGHT="35" WIDTH="17" VPOS="2489" HPOS="1589"/>
                  <String HEIGHT="35"
                          WIDTH="150"
                          VPOS="2489"
                          HPOS="1539"
                          CONTENT="mouet"/>
                  <SP HEIGHT="35" WIDTH="17" VPOS="2489" HPOS="1689"/>
                  <String HEIGHT="35"
                          WIDTH="249"
                          VPOS="2489"
                          HPOS="1639"
                          CONTENT="questiones."/>
                  <SP HEIGHT="35" WIDTH="17" VPOS="2489" HPOS="1888"/>
                  <String HEIGHT="35"
                          WIDTH="133"
                          VPOS="2489"
                          HPOS="1822"
                          CONTENT="Secun"
                          SUBS_TYPE="HypPart1"
                          SUBS_CONTENT="Secunda"/>
                  <HYP CONTENT="-"/>
               </TextLine>
               <TextLine ID="r3l59"
                         BASELINE="2560"
                         HEIGHT="45"
                         WIDTH="855"
                         VPOS="2515"
                         HPOS="1104">
                  <String HEIGHT="45"
                          WIDTH="97"
                          VPOS="2515"
                          HPOS="1088"
                          CONTENT="da"
                          SUBS_TYPE="HypPart2"
                          SUBS_CONTENT="Secunda"/>
                  <SP HEIGHT="45" WIDTH="16" VPOS="2515" HPOS="1185"/>
                  <String HEIGHT="45"
                          WIDTH="129"
                          VPOS="2515"
                          HPOS="1136"
                          CONTENT="ibi,"/>
                  <SP HEIGHT="45" WIDTH="16" VPOS="2515" HPOS="1265"/>
                  <String HEIGHT="45" WIDTH="97" VPOS="2515" HPOS="1217" CONTENT="Si"/>
                  <SP HEIGHT="45" WIDTH="16" VPOS="2515" HPOS="1314"/>
                  <String HEIGHT="45"
                          WIDTH="129"
                          VPOS="2515"
                          HPOS="1265"
                          CONTENT="quem"/>
                  <SP HEIGHT="45" WIDTH="16" VPOS="2515" HPOS="1394"/>
                  <String HEIGHT="45"
                          WIDTH="145"
                          VPOS="2515"
                          HPOS="1346"
                          CONTENT="mouet"/>
                  <SP HEIGHT="45" WIDTH="16" VPOS="2515" HPOS="1491"/>
                  <String HEIGHT="45"
                          WIDTH="145"
                          VPOS="2515"
                          HPOS="1443"
                          CONTENT="Prima"/>
                  <SP HEIGHT="45" WIDTH="16" VPOS="2515" HPOS="1588"/>
                  <String HEIGHT="45" WIDTH="97" VPOS="2515" HPOS="1540" CONTENT="in"/>
                  <SP HEIGHT="45" WIDTH="16" VPOS="2515" HPOS="1636"/>
                  <String HEIGHT="45"
                          WIDTH="145"
                          VPOS="2515"
                          HPOS="1588"
                          CONTENT="tres,"/>
                  <SP HEIGHT="45" WIDTH="16" VPOS="2515" HPOS="1733"/>
                  <String HEIGHT="45"
                          WIDTH="129"
                          VPOS="2515"
                          HPOS="1685"
                          CONTENT="quia"/>
                  <SP HEIGHT="45" WIDTH="16" VPOS="2515" HPOS="1814"/>
                  <String HEIGHT="45"
                          WIDTH="145"
                          VPOS="2515"
                          HPOS="1765"
                          CONTENT="primo"/>
                  <SP HEIGHT="45" WIDTH="16" VPOS="2515" HPOS="1911"/>
                  <String HEIGHT="45"
                          WIDTH="113"
                          VPOS="2515"
                          HPOS="1846"
                          CONTENT="mouet"/>
               </TextLine>
               <TextLine ID="r3l60"
                         BASELINE="2601"
                         HEIGHT="42"
                         WIDTH="856"
                         VPOS="2559"
                         HPOS="1105">
                  <String HEIGHT="42"
                          WIDTH="140"
                          VPOS="2559"
                          HPOS="1088"
                          CONTENT="hanc"/>
                  <SP HEIGHT="42" WIDTH="17" VPOS="2559" HPOS="1227"/>
                  <String HEIGHT="42"
                          WIDTH="280"
                          VPOS="2559"
                          HPOS="1175"
                          CONTENT="quaestionem,"/>
                  <SP HEIGHT="42" WIDTH="17" VPOS="2559" HPOS="1454"/>
                  <String HEIGHT="42"
                          WIDTH="157"
                          VPOS="2559"
                          HPOS="1402"
                          CONTENT="vtrum"/>
                  <SP HEIGHT="42" WIDTH="17" VPOS="2559" HPOS="1559"/>
                  <String HEIGHT="42"
                          WIDTH="227"
                          VPOS="2559"
                          HPOS="1507"
                          CONTENT="beatitudo"/>
                  <SP HEIGHT="42" WIDTH="17" VPOS="2559" HPOS="1734"/>
                  <String HEIGHT="42"
                          WIDTH="227"
                          VPOS="2559"
                          HPOS="1681"
                          CONTENT="sanctorum"/>
                  <SP HEIGHT="42" WIDTH="17" VPOS="2559" HPOS="1909"/>
                  <String HEIGHT="42"
                          WIDTH="122"
                          VPOS="2559"
                          HPOS="1839"
                          CONTENT="maior"/>
               </TextLine>
               <TextLine ID="r3l61"
                         BASELINE="2643"
                         HEIGHT="43"
                         WIDTH="846"
                         VPOS="2600"
                         HPOS="1115">
                  <String HEIGHT="43"
                          WIDTH="116"
                          VPOS="2600"
                          HPOS="1098"
                          CONTENT="sit"/>
                  <SP HEIGHT="43" WIDTH="17" VPOS="2600" HPOS="1215"/>
                  <String HEIGHT="43"
                          WIDTH="166"
                          VPOS="2600"
                          HPOS="1165"
                          CONTENT="futura"/>
                  <SP HEIGHT="43" WIDTH="17" VPOS="2600" HPOS="1331"/>
                  <String HEIGHT="43"
                          WIDTH="133"
                          VPOS="2600"
                          HPOS="1281"
                          CONTENT="post"/>
                  <SP HEIGHT="43" WIDTH="17" VPOS="2600" HPOS="1414"/>
                  <String HEIGHT="43"
                          WIDTH="216"
                          VPOS="2600"
                          HPOS="1364"
                          CONTENT="iudicium,"/>
                  <SP HEIGHT="43" WIDTH="17" VPOS="2600" HPOS="1579"/>
                  <String HEIGHT="43"
                          WIDTH="133"
                          VPOS="2600"
                          HPOS="1530"
                          CONTENT="quam"/>
                  <SP HEIGHT="43" WIDTH="17" VPOS="2600" HPOS="1662"/>
                  <String HEIGHT="43"
                          WIDTH="166"
                          VPOS="2600"
                          HPOS="1613"
                          CONTENT="fuerat"/>
                  <SP HEIGHT="43" WIDTH="17" VPOS="2600" HPOS="1779"/>
                  <String HEIGHT="43"
                          WIDTH="149"
                          VPOS="2600"
                          HPOS="1729"
                          CONTENT="ante."/>
                  <SP HEIGHT="43" WIDTH="17" VPOS="2600" HPOS="1878"/>
                  <String HEIGHT="43"
                          WIDTH="149"
                          VPOS="2600"
                          HPOS="1812"
                          CONTENT="Secundo"/>
               </TextLine>
               <TextLine ID="r3l62"
                         BASELINE="2682"
                         HEIGHT="51"
                         WIDTH="857"
                         VPOS="2631"
                         HPOS="1110">
                  <String HEIGHT="51"
                          WIDTH="234"
                          VPOS="2631"
                          HPOS="1094"
                          CONTENT="respondendo"/>
                  <SP HEIGHT="51" WIDTH="16" VPOS="2631" HPOS="1328"/>
                  <String HEIGHT="51"
                          WIDTH="187"
                          VPOS="2631"
                          HPOS="1281"
                          CONTENT="assentit"/>
                  <SP HEIGHT="51" WIDTH="16" VPOS="2631" HPOS="1468"/>
                  <String HEIGHT="51"
                          WIDTH="140"
                          VPOS="2631"
                          HPOS="1422"
                          CONTENT="parti"/>
                  <SP HEIGHT="51" WIDTH="16" VPOS="2631" HPOS="1562"/>
                  <String HEIGHT="51"
                          WIDTH="265"
                          VPOS="2631"
                          HPOS="1515"
                          CONTENT="affirmatiuae."/>
                  <SP HEIGHT="51" WIDTH="16" VPOS="2631" HPOS="1780"/>
                  <String HEIGHT="51" WIDTH="93" VPOS="2631" HPOS="1733" CONTENT="Et"/>
                  <SP HEIGHT="51" WIDTH="16" VPOS="2631" HPOS="1827"/>
                  <String HEIGHT="51"
                          WIDTH="156"
                          VPOS="2631"
                          HPOS="1780"
                          CONTENT="tertio"/>
                  <SP HEIGHT="51" WIDTH="16" VPOS="2631" HPOS="1936"/>
                  <String HEIGHT="51"
                          WIDTH="93"
                          VPOS="2631"
                          HPOS="1874"
                          CONTENT="suam"/>
               </TextLine>
               <TextLine ID="r3l63"
                         BASELINE="2720"
                         HEIGHT="34"
                         WIDTH="848"
                         VPOS="2686"
                         HPOS="1113">
                  <String HEIGHT="34"
                          WIDTH="261"
                          VPOS="2686"
                          HPOS="1097"
                          CONTENT="responsionem"/>
                  <SP HEIGHT="34" WIDTH="16" VPOS="2686" HPOS="1358"/>
                  <String HEIGHT="34"
                          WIDTH="212"
                          VPOS="2686"
                          HPOS="1309"
                          CONTENT="confirmat"/>
                  <SP HEIGHT="34" WIDTH="16" VPOS="2686" HPOS="1521"/>
                  <String HEIGHT="34"
                          WIDTH="212"
                          VPOS="2686"
                          HPOS="1472"
                          CONTENT="sanctorum"/>
                  <SP HEIGHT="34" WIDTH="16" VPOS="2686" HPOS="1684"/>
                  <String HEIGHT="34"
                          WIDTH="261"
                          VPOS="2686"
                          HPOS="1635"
                          CONTENT="auctoritate."/>
                  <SP HEIGHT="34" WIDTH="16" VPOS="2686" HPOS="1896"/>
                  <String HEIGHT="34"
                          WIDTH="130"
                          VPOS="2686"
                          HPOS="1831"
                          CONTENT="Secun"
                          SUBS_TYPE="HypPart1"
                          SUBS_CONTENT="Secunda"/>
                  <HYP CONTENT="-"/>
               </TextLine>
               <TextLine ID="r3l64"
                         BASELINE="2761"
                         HEIGHT="44"
                         WIDTH="854"
                         VPOS="2717"
                         HPOS="1107">
                  <String HEIGHT="44"
                          WIDTH="93"
                          VPOS="2717"
                          HPOS="1091"
                          CONTENT="da"
                          SUBS_TYPE="HypPart2"
                          SUBS_CONTENT="Secunda"/>
                  <SP HEIGHT="44" WIDTH="16" VPOS="2717" HPOS="1185"/>
                  <String HEIGHT="44"
                          WIDTH="124"
                          VPOS="2717"
                          HPOS="1138"
                          CONTENT="ibi;"/>
                  <SP HEIGHT="44" WIDTH="16" VPOS="2717" HPOS="1262"/>
                  <String HEIGHT="44"
                          WIDTH="124"
                          VPOS="2717"
                          HPOS="1216"
                          CONTENT="Quam"/>
                  <SP HEIGHT="44" WIDTH="16" VPOS="2717" HPOS="1340"/>
                  <String HEIGHT="44"
                          WIDTH="171"
                          VPOS="2717"
                          HPOS="1293"
                          CONTENT="interim"/>
                  <SP HEIGHT="44" WIDTH="16" VPOS="2717" HPOS="1464"/>
                  <String HEIGHT="44"
                          WIDTH="124"
                          VPOS="2717"
                          HPOS="1418"
                          CONTENT="sine"/>
                  <SP HEIGHT="44" WIDTH="16" VPOS="2717" HPOS="1542"/>
                  <String HEIGHT="44"
                          WIDTH="124"
                          VPOS="2717"
                          HPOS="1495"
                          CONTENT="omni"/>
                  <SP HEIGHT="44" WIDTH="16" VPOS="2717" HPOS="1619"/>
                  <String HEIGHT="44"
                          WIDTH="202"
                          VPOS="2717"
                          HPOS="1573"
                          CONTENT="scrupulo."/>
                  <SP HEIGHT="44" WIDTH="16" VPOS="2717" HPOS="1775"/>
                  <String HEIGHT="44"
                          WIDTH="155"
                          VPOS="2717"
                          HPOS="1728"
                          CONTENT="Tertia"/>
                  <SP HEIGHT="44" WIDTH="16" VPOS="2717" HPOS="1883"/>
                  <String HEIGHT="44"
                          WIDTH="124"
                          VPOS="2717"
                          HPOS="1837"
                          CONTENT="ibi,"/>
                  <SP HEIGHT="44" WIDTH="16" VPOS="2717" HPOS="1961"/>
                  <String HEIGHT="44" WIDTH="62" VPOS="2717" HPOS="1899" CONTENT="Vn"/>
               </TextLine>
               <TextLine ID="r3l65"
                         BASELINE="2801"
                         HEIGHT="48"
                         WIDTH="854"
                         VPOS="2753"
                         HPOS="1108">
                  <String HEIGHT="48" WIDTH="99" VPOS="2753" HPOS="1092" CONTENT="de"/>
                  <SP HEIGHT="48" WIDTH="16" VPOS="2753" HPOS="1190"/>
                  <String HEIGHT="48"
                          WIDTH="246"
                          VPOS="2753"
                          HPOS="1141"
                          CONTENT="Hieronvmus,"/>
                  <SP HEIGHT="48" WIDTH="16" VPOS="2753" HPOS="1387"/>
                  <String HEIGHT="48"
                          WIDTH="197"
                          VPOS="2753"
                          HPOS="1338"
                          CONTENT="Sequitur"/>
                  <SP HEIGHT="48" WIDTH="16" VPOS="2753" HPOS="1535"/>
                  <String HEIGHT="48"
                          WIDTH="131"
                          VPOS="2753"
                          HPOS="1486"
                          CONTENT="illa"/>
                  <SP HEIGHT="48" WIDTH="16" VPOS="2753" HPOS="1617"/>
                  <String HEIGHT="48"
                          WIDTH="148"
                          VPOS="2753"
                          HPOS="1568"
                          CONTENT="pars,"/>
                  <SP HEIGHT="48" WIDTH="16" VPOS="2753" HPOS="1716"/>
                  <String HEIGHT="48" WIDTH="99" VPOS="2753" HPOS="1666" CONTENT="Si"/>
                  <SP HEIGHT="48" WIDTH="16" VPOS="2753" HPOS="1765"/>
                  <String HEIGHT="48"
                          WIDTH="131"
                          VPOS="2753"
                          HPOS="1716"
                          CONTENT="quem"/>
                  <SP HEIGHT="48" WIDTH="16" VPOS="2753" HPOS="1847"/>
                  <String HEIGHT="48"
                          WIDTH="164"
                          VPOS="2753"
                          HPOS="1798"
                          CONTENT="mouet."/>
                  <SP HEIGHT="48" WIDTH="16" VPOS="2753" HPOS="1962"/>
                  <String HEIGHT="48" WIDTH="66" VPOS="2753" HPOS="1896" CONTENT="Et"/>
               </TextLine>
               <TextLine ID="r3l66"
                         BASELINE="2843"
                         HEIGHT="52"
                         WIDTH="843"
                         VPOS="2791"
                         HPOS="1120">
                  <String HEIGHT="52"
                          WIDTH="199"
                          VPOS="2791"
                          HPOS="1105"
                          CONTENT="liuiditur"/>
                  <SP HEIGHT="52" WIDTH="15" VPOS="2791" HPOS="1304"/>
                  <String HEIGHT="52" WIDTH="92" VPOS="2791" HPOS="1258" CONTENT="in"/>
                  <SP HEIGHT="52" WIDTH="15" VPOS="2791" HPOS="1350"/>
                  <String HEIGHT="52"
                          WIDTH="123"
                          VPOS="2791"
                          HPOS="1304"
                          CONTENT="tres"/>
                  <SP HEIGHT="52" WIDTH="15" VPOS="2791" HPOS="1427"/>
                  <String HEIGHT="52"
                          WIDTH="169"
                          VPOS="2791"
                          HPOS="1381"
                          CONTENT="partes:"/>
                  <SP HEIGHT="52" WIDTH="15" VPOS="2791" HPOS="1549"/>
                  <String HEIGHT="52"
                          WIDTH="123"
                          VPOS="2791"
                          HPOS="1503"
                          CONTENT="quia"/>
                  <SP HEIGHT="52" WIDTH="15" VPOS="2791" HPOS="1626"/>
                  <String HEIGHT="52"
                          WIDTH="138"
                          VPOS="2791"
                          HPOS="1580"
                          CONTENT="primo"/>
                  <SP HEIGHT="52" WIDTH="15" VPOS="2791" HPOS="1718"/>
                  <String HEIGHT="52" WIDTH="92" VPOS="2791" HPOS="1672" CONTENT="de"/>
                  <SP HEIGHT="52" WIDTH="15" VPOS="2791" HPOS="1764"/>
                  <String HEIGHT="52"
                          WIDTH="184"
                          VPOS="2791"
                          HPOS="1718"
                          CONTENT="animabus"/>
                  <SP HEIGHT="52" WIDTH="15" VPOS="2791" HPOS="1902"/>
                  <String HEIGHT="52"
                          WIDTH="123"
                          VPOS="2791"
                          HPOS="1840"
                          CONTENT="beatis"/>
               </TextLine>
               <TextLine ID="r3l67"
                         BASELINE="2882"
                         HEIGHT="44"
                         WIDTH="772"
                         VPOS="2838"
                         HPOS="1152">
                  <String HEIGHT="44"
                          WIDTH="154"
                          VPOS="2838"
                          HPOS="1135"
                          CONTENT="mouet"/>
                  <SP HEIGHT="44" WIDTH="17" VPOS="2838" HPOS="1289"/>
                  <String HEIGHT="44"
                          WIDTH="257"
                          VPOS="2838"
                          HPOS="1238"
                          CONTENT="quaestionem"/>
                  <SP HEIGHT="44" WIDTH="17" VPOS="2838" HPOS="1495"/>
                  <String HEIGHT="44"
                          WIDTH="154"
                          VPOS="2838"
                          HPOS="1444"
                          CONTENT="circa"/>
                  <SP HEIGHT="44" WIDTH="17" VPOS="2838" HPOS="1598"/>
                  <String HEIGHT="44"
                          WIDTH="206"
                          VPOS="2838"
                          HPOS="1547"
                          CONTENT="corporum"/>
                  <SP HEIGHT="44" WIDTH="17" VPOS="2838" HPOS="1752"/>
                  <String HEIGHT="44"
                          WIDTH="172"
                          VPOS="2838"
                          HPOS="1701"
                          CONTENT="suorum"/>
                  <SP HEIGHT="44" WIDTH="17" VPOS="2838" HPOS="1873"/>
                  <String HEIGHT="44"
                          WIDTH="120"
                          VPOS="2838"
                          HPOS="1804"
                          CONTENT="resum"/>
               </TextLine>
               <TextLine ID="r3l68"
                         BASELINE="2927"
                         HEIGHT="58"
                         WIDTH="699"
                         VPOS="2869"
                         HPOS="1194">
                  <String HEIGHT="58"
                          WIDTH="215"
                          VPOS="2869"
                          HPOS="1176"
                          CONTENT="ptionem."/>
                  <SP HEIGHT="58" WIDTH="18" VPOS="2869" HPOS="1391"/>
                  <String HEIGHT="58"
                          WIDTH="197"
                          VPOS="2869"
                          HPOS="1337"
                          CONTENT="Secundo"/>
                  <SP HEIGHT="58" WIDTH="18" VPOS="2869" HPOS="1535"/>
                  <String HEIGHT="58"
                          WIDTH="108"
                          VPOS="2869"
                          HPOS="1481"
                          CONTENT="ad"/>
                  <SP HEIGHT="58" WIDTH="18" VPOS="2869" HPOS="1588"/>
                  <String HEIGHT="58"
                          WIDTH="215"
                          VPOS="2869"
                          HPOS="1535"
                          CONTENT="huiusmdi"/>
                  <SP HEIGHT="58" WIDTH="18" VPOS="2869" HPOS="1750"/>
                  <String HEIGHT="58"
                          WIDTH="215"
                          VPOS="2869"
                          HPOS="1678"
                          CONTENT="questionem"/>
               </TextLine>
               <TextLine ID="r3l69"
                         BASELINE="2962"
                         HEIGHT="44"
                         WIDTH="609"
                         VPOS="2918"
                         HPOS="1229">
                  <String HEIGHT="44"
                          WIDTH="192"
                          VPOS="2918"
                          HPOS="1213"
                          CONTENT="assignat"/>
                  <SP HEIGHT="44" WIDTH="16" VPOS="2918" HPOS="1405"/>
                  <String HEIGHT="44"
                          WIDTH="272"
                          VPOS="2918"
                          HPOS="1357"
                          CONTENT="responsionem."/>
                  <SP HEIGHT="44" WIDTH="16" VPOS="2918" HPOS="1630"/>
                  <String HEIGHT="44"
                          WIDTH="160"
                          VPOS="2918"
                          HPOS="1582"
                          CONTENT="Tertio"/>
                  <SP HEIGHT="44" WIDTH="16" VPOS="2918" HPOS="1742"/>
                  <String HEIGHT="44"
                          WIDTH="160"
                          VPOS="2918"
                          HPOS="1694"
                          CONTENT="ponit,"/>
                  <SP HEIGHT="44" WIDTH="16" VPOS="2918" HPOS="1854"/>
                  <String HEIGHT="44" WIDTH="48" VPOS="2918" HPOS="1790" CONTENT="&amp;"/>
               </TextLine>
               <TextLine ID="r3l70"
                         BASELINE="3001"
                         HEIGHT="42"
                         WIDTH="535"
                         VPOS="2959"
                         HPOS="1270">
                  <String HEIGHT="42"
                          WIDTH="167"
                          VPOS="2959"
                          HPOS="1253"
                          CONTENT="tollit"/>
                  <SP HEIGHT="42" WIDTH="17" VPOS="2959" HPOS="1420"/>
                  <String HEIGHT="42"
                          WIDTH="167"
                          VPOS="2959"
                          HPOS="1370"
                          CONTENT="vnicam"/>
                  <SP HEIGHT="42" WIDTH="17" VPOS="2959" HPOS="1538"/>
                  <String HEIGHT="42"
                          WIDTH="251"
                          VPOS="2959"
                          HPOS="1487"
                          CONTENT="obiectionem"/>
                  <SP HEIGHT="42" WIDTH="17" VPOS="2959" HPOS="1738"/>
                  <String HEIGHT="42"
                          WIDTH="134"
                          VPOS="2959"
                          HPOS="1671"
                          CONTENT="Secun"
                          SUBS_TYPE="HypPart1"
                          SUBS_CONTENT="Secunda"/>
                  <HYP CONTENT="-"/>
               </TextLine>
               <TextLine ID="r3l71"
                         BASELINE="3050"
                         HEIGHT="61"
                         WIDTH="456"
                         VPOS="2989"
                         HPOS="1311">
                  <String HEIGHT="61"
                          WIDTH="76"
                          VPOS="2989"
                          HPOS="1298"
                          CONTENT="da"
                          SUBS_TYPE="HypPart2"
                          SUBS_CONTENT="Secunda"/>
                  <SP HEIGHT="61" WIDTH="13" VPOS="2989" HPOS="1374"/>
                  <String HEIGHT="61"
                          WIDTH="101"
                          VPOS="2989"
                          HPOS="1336"
                          CONTENT="ibi,"/>
                  <SP HEIGHT="61" WIDTH="13" VPOS="2989" HPOS="1438"/>
                  <String HEIGHT="61"
                          WIDTH="177"
                          VPOS="2989"
                          HPOS="1400"
                          CONTENT="Difficilis"/>
                  <SP HEIGHT="61" WIDTH="13" VPOS="2989" HPOS="1577"/>
                  <String HEIGHT="61"
                          WIDTH="152"
                          VPOS="2989"
                          HPOS="1539"
                          CONTENT="quaestio"/>
                  <SP HEIGHT="61" WIDTH="13" VPOS="2989" HPOS="1691"/>
                  <String HEIGHT="61"
                          WIDTH="101"
                          VPOS="2989"
                          HPOS="1653"
                          CONTENT="est."/>
                  <SP HEIGHT="61" WIDTH="13" VPOS="2989" HPOS="1754"/>
                  <String HEIGHT="61"
                          WIDTH="63"
                          VPOS="2989"
                          HPOS="1704"
                          CONTENT="Ter"/>
               </TextLine>
               <TextLine ID="r3l72"
                         BASELINE="3079"
                         HEIGHT="52"
                         WIDTH="390"
                         VPOS="3027"
                         HPOS="1346">
                  <String HEIGHT="52"
                          WIDTH="91"
                          VPOS="3027"
                          HPOS="1333"
                          CONTENT="tia"/>
                  <SP HEIGHT="52" WIDTH="13" VPOS="3027" HPOS="1424"/>
                  <String HEIGHT="52"
                          WIDTH="104"
                          VPOS="3027"
                          HPOS="1385"
                          CONTENT="ibi,"/>
                  <SP HEIGHT="52" WIDTH="13" VPOS="3027" HPOS="1489"/>
                  <String HEIGHT="52"
                          WIDTH="117"
                          VPOS="3027"
                          HPOS="1450"
                          CONTENT="Porro"/>
                  <SP HEIGHT="52" WIDTH="13" VPOS="3027" HPOS="1567"/>
                  <String HEIGHT="52" WIDTH="78" VPOS="3027" HPOS="1528" CONTENT="si"/>
                  <SP HEIGHT="52" WIDTH="13" VPOS="3027" HPOS="1606"/>
                  <String HEIGHT="52"
                          WIDTH="104"
                          VPOS="3027"
                          HPOS="1567"
                          CONTENT="tale"/>
                  <SP HEIGHT="52" WIDTH="13" VPOS="3027" HPOS="1671"/>
                  <String HEIGHT="52"
                          WIDTH="91"
                          VPOS="3027"
                          HPOS="1632"
                          CONTENT="sit"/>
                  <SP HEIGHT="52" WIDTH="13" VPOS="3027" HPOS="1723"/>
                  <String HEIGHT="52"
                          WIDTH="65"
                          VPOS="3027"
                          HPOS="1671"
                          CONTENT="con"/>
               </TextLine>
               <TextLine ID="r3l73"
                         BASELINE="3129"
                         HEIGHT="59"
                         WIDTH="276"
                         VPOS="3070"
                         HPOS="1401">
                  <String HEIGHT="59"
                          WIDTH="123"
                          VPOS="3070"
                          HPOS="1386"
                          CONTENT="pus."/>
                  <SP HEIGHT="59" WIDTH="15" VPOS="3070" HPOS="1508"/>
                  <String HEIGHT="59"
                          WIDTH="138"
                          VPOS="3070"
                          HPOS="1462"
                          CONTENT="Circa"/>
                  <SP HEIGHT="59" WIDTH="15" VPOS="3070" HPOS="1600"/>
                  <String HEIGHT="59"
                          WIDTH="123"
                          VPOS="3070"
                          HPOS="1554"
                          CONTENT="hanc"/>
                  <SP HEIGHT="59" WIDTH="15" VPOS="3070" HPOS="1677"/>
                  <String HEIGHT="59" WIDTH="61" VPOS="3070" HPOS="1616" CONTENT="le"/>
               </TextLine>
               <TextLine ID="r3l74"
                         BASELINE="3170"
                         HEIGHT="61"
                         WIDTH="228"
                         VPOS="3109"
                         HPOS="1425">
                  <String HEIGHT="61"
                          WIDTH="167"
                          VPOS="3109"
                          HPOS="1410"
                          CONTENT="ctionem"/>
                  <SP HEIGHT="61" WIDTH="15" VPOS="3109" HPOS="1577"/>
                  <String HEIGHT="61"
                          WIDTH="137"
                          VPOS="3109"
                          HPOS="1516"
                          CONTENT="quaero."/>
               </TextLine>
            </TextBlock>
         </PrintSpace>
      </Page>
   </Layout>
</alto>
