2387 3544
231 287 113 71 quoe
302 287 128 71 nullo
387 287 113 71 modo
458 287 213 71 perciperet,
628 287 71 71 a
656 287 99 71 quo
713 287 128 71 tatum
798 287 128 71 donum
869 287 213 71 delectationis

220 356 245 45 reciperet,
413 356 88 45 &
448 356 123 45 per
518 356 263 45 consequens,
728 356 140 45 Deum
816 356 123 45 non
886 356 175 45 minus,
991 356 88 45 qua

222 391 154 46 prius
324 391 188 46 odiret:
461 391 136 46 quia
546 391 188 46 quamuis
683 391 136 46 homo
768 391 171 46 magnum
887 391 154 46 donum
973 391 102 46 reci

228 426 135 50 peret
318 426 90 50 ab
363 426 164 50 aliquo,
482 426 120 50 quem
557 426 209 50 mortaliter
721 426 164 50 oditet:
841 426 135 50 tamen
931 426 90 50 si
960 426 120 50 huius-

219 471 121 49 modi
295 471 136 49 donum
385 471 197 49 ignoraret
537 471 91 49 ab
582 471 121 49 illo
658 471 121 49 sibi
734 471 212 49 prouenire,
900 471 121 49 quem
976 471 136 49 odit,

230 508 122 44 tunc
306 508 107 44 non
367 508 137 44 minus
458 508 107 44 eum
519 508 152 44 odiret
625 508 122 44 post
702 508 152 44 illius
808 508 122 44 doni
869 508 213 44 receptionem,

216 547 122 52 ouam
292 547 137 52 ante.
383 547 137 52 Etiam
474 547 152 52 ratio,
581 547 122 52 quam
657 547 122 52 iste
733 547 213 52 reuerendus
901 547 152 52 socius
1007 547 91 52 ad

220 584 136 50 duxit
311 584 106 50 pro
371 584 106 50 sua
432 584 242 50 conclusione,
629 584 106 50 non
689 584 106 50 est
750 584 151 50 contra
856 584 106 50 me:
916 584 121 50 quia
977 584 106 50 quam-

220 619 100 47 uis
277 619 129 47 ille,
363 619 100 47 qui
420 619 129 47 habet
506 619 129 47 actum
592 619 143 47 beatae
692 619 215 47 fruitionis,
863 619 200 47 formaliter
1006 619 72 47 ne-

223 663 166 46 cessario
348 663 97 46 sit
403 663 138 46 amicus
500 663 111 46 Dei:
569 663 97 46 eo,
624 663 111 46 quod
694 663 125 46 talis
777 663 97 46 sit
832 663 125 46 actus
915 663 180 46 perfecte,
1039 663 42 46 &

215 705 227 45 consummatae
396 705 242 45 dilectionis:
593 705 136 45 tamen
683 705 121 45 quia
759 705 196 45 praedicta
895 705 181 45 delectatio

222 749 103 40 non
281 749 133 40 esset
370 749 162 40 causata
488 749 89 40 ex
532 749 118 40 actu
606 749 236 40 dilectionis,
798 749 103 40 seu
857 749 162 40 amoris:
976 749 103 40 sed
1020 749 59 40 ex

221 783 124 49 actu
298 783 232 49 creationis:
484 783 124 49 ideo
561 783 108 49 non
623 783 139 49 esset
716 783 170 49 necesse
840 783 186 49 habentem
964 783 108 49 talem

227 821 268 51 delectationem
448 821 126 51 esse
526 821 157 51 amicum
636 821 126 51 Dei,
715 821 110 51 vel
778 821 126 51 esse
857 821 189 51 acceptum
983 821 94 51 Deo.

227 870 116 44 quia
299 870 131 44 talis
386 870 131 44 actus
473 870 102 44 non
531 870 131 44 esset
618 870 131 44 donum
705 870 160 44 gratiae
821 870 145 44 gratum
908 870 174 44 facientis:

213 899 109 51 sed
276 899 217 51 tantummodo
446 899 171 51 gratiae
571 899 155 51 gratis
664 899 124 51 datae.

255 926 103 61 Sed
314 926 147 61 contra
417 926 118 61 ista
490 926 147 61 arguit
593 926 206 61 praedictus
755 926 206 61 reuerendus
916 926 162 61 socius,
1034 926 73 61 &

223 975 181 46 Magister
359 975 91 46 in
404 975 151 46 secudo
510 975 106 46 suo
570 975 211 46 principio,
736 975 75 46 &
766 975 151 46 uolens
872 975 181 46 probare,
992 975 91 46 quod

228 1017 117 53 ista
302 1017 205 53 conclusio,
463 1017 117 53 quam
536 1017 147 53 posui,
639 1017 176 53 implicet
771 1017 293 53 contradictionem,
1006 1017 73 53 sup

232 1056 129 45 ponit
318 1056 115 45 quod
390 1056 201 45 praedictum
548 1056 187 45 effectum,
692 1056 115 45 quem
764 1056 115 45 dico
836 1056 115 45 Deum
907 1056 129 45 posse
979 1056 101 45 crea-

222 1104 92 39 re
268 1104 92 39 in
314 1104 200 39 voluntate
467 1104 169 39 damnati
590 1104 184 39 hominis,
729 1104 154 39 causet
836 1104 92 39 in
882 1104 200 39 voluntate
1021 1104 61 39 Lu

221 1137 150 60 ciferi,
330 1137 68 60 &
358 1137 95 60 hoc
412 1137 136 60 faciat
507 1137 123 60 aeque
589 1137 177 60 perfecte,
725 1137 123 60 sicut
807 1137 163 60 causatus
929 1137 95 60 est
984 1137 82 60 in
1011 1137 68 60 bea

219 1175 87 48 ta
263 1175 174 48 Virgine.
394 1175 102 48 Hoc
452 1175 189 48 supposito
597 1175 145 48 arguit
684 1175 73 48 sic

270 1212 193 48 Quicunque
419 1212 104 48 est
478 1212 134 48 aeque
567 1212 178 48 persecte
701 1212 149 48 beatus
805 1212 134 48 sicut
895 1212 134 48 beata
969 1212 104 48 virgo

219 1256 117 43 ille
293 1256 132 43 aeque
380 1256 103 43 est
439 1256 176 43 acceptus
571 1256 117 43 Deo,
644 1256 73 43 &
673 1256 146 43 amicus
776 1256 117 43 Dei,
849 1256 132 43 sicut
937 1256 132 43 beata
1010 1256 59 43 ui

233 1295 95 52 go:
288 1295 95 52 Sed
342 1295 108 52 casu
409 1295 176 52 praedicto
545 1295 135 52 posito
640 1295 149 52 Lucifer
748 1295 122 52 esset
829 1295 122 52 aeque
911 1295 149 52 beatus,
1005 1295 68 52 si-

219 1339 103 49 cut
278 1339 176 49 gloriosa
410 1339 147 49 virgo:
513 1339 117 49 ergo
586 1339 162 49 Lucifer
704 1339 117 49 erit
777 1339 132 49 aeque
865 1339 176 49 acceptus
983 1339 88 49 Deo.

216 1371 78 48 &
248 1371 155 48 amicus
356 1371 124 48 Dei,
434 1371 140 48 sicut
527 1371 140 48 beata
620 1371 155 48 virgo.
729 1371 93 48 Et
776 1371 124 48 tunc
853 1371 109 48 pro
900 1371 171 48 complemer

216 1412 87 52 to
260 1412 160 52 elenchi
376 1412 116 52 ipse
449 1412 87 52 ad
492 1412 189 52 oppositam
637 1412 145 52 partem
739 1412 145 52 arguit
841 1412 116 52 sic.
913 1412 145 52 Nullus
1000 1412 73 52 dam

218 1450 136 48 natus
309 1450 152 48 habens
415 1450 197 48 perfectum
567 1450 106 48 Dei
627 1450 136 48 odium
718 1450 106 48 est
779 1450 136 48 aeque
870 1450 182 48 acceptus
991 1450 76 48 Deo

221 1488 71 47 &
249 1488 128 47 aeque
335 1488 143 47 amicus
435 1488 114 47 Dei,
506 1488 128 47 sicut
592 1488 128 47 beata
678 1488 128 47 virgo
763 1488 100 47 sed
820 1488 157 47 Lucifer
935 1488 100 47 est
992 1488 100 47 dam

213 1526 151 49 natus,
319 1526 76 49 &
349 1526 182 49 perfecte
485 1526 121 49 odit
561 1526 121 49 Deum
637 1526 76 49 :
667 1526 121 49 ergo
743 1526 167 49 Lucifer
864 1526 106 49 non
925 1526 106 49 est
970 1526 106 49 aeque

217 1579 189 39 acceptus
359 1579 126 39 Deo,
438 1579 142 39 sicut
533 1579 142 39 beata
627 1579 158 39 uirgo.
738 1579 252 39 Conclusiones
927 1579 142 39 istorum

208 1607 264 51 svllogismorum
426 1607 124 51 sibi
504 1607 140 51 mutuo
597 1607 264 51 contradicunt,
814 1607 78 51 &
845 1607 155 51 tamen,
954 1607 93 51 vt
985 1607 78 51 ips

212 1647 113 49 ait,
283 1647 127 49 ambae
367 1647 184 49 sequuntur
509 1647 85 49 ex
551 1647 141 49 dictis
650 1647 198 49 praedictae
806 1647 113 49 meae
862 1647 198 49 conclusionis

227 1684 116 45 ergo
300 1684 131 45 dicta
387 1684 87 45 in
431 1684 116 45 illa
503 1684 218 45 conclusione
678 1684 189 45 implicant
809 1684 261 45 contradictionem.

256 1728 102 46 Hic
315 1728 131 46 dico,
402 1728 117 46 quod
475 1728 117 46 ista
548 1728 233 46 contradictio
738 1728 102 46 non
796 1728 175 46 sequitur
927 1728 87 46 ex
956 1728 117 46 dictis

212 1761 131 47 meis.
300 1761 87 47 Ad
343 1761 218 47 probationem
518 1761 131 47 dico,
605 1761 116 47 quod
678 1761 131 47 minor
765 1761 131 47 primi
853 1761 204 47 svllogismi
998 1761 73 47 non

212 1803 166 46 habetur
332 1803 90 46 ex
378 1803 151 46 dictis
483 1803 135 46 meis.
573 1803 120 46 Dato
649 1803 135 46 enim,
739 1803 120 46 quod
814 1803 120 46 Deus
889 1803 105 46 sub
935 1803 135 46 ratione

215 1843 148 49 ideali
319 1843 89 49 in
363 1843 193 49 voluntate
512 1843 178 49 Luciseri
645 1843 163 49 crearet
764 1843 148 49 tantam
853 1843 222 49 delectationem

226 1885 145 48 quanta
327 1885 101 48 est
385 1885 116 48 illa
457 1885 217 48 delectatio,
631 1885 116 48 quae
704 1885 174 48 sequitur
834 1885 130 48 actum
907 1885 159 48 fruitioni

226 1925 172 42 Virginis
355 1925 201 42 oloriosae:
512 1925 129 42 tamen
598 1925 86 42 ex
641 1925 100 42 hoc
698 1925 115 42 ipse
770 1925 143 42 ucifer
870 1925 100 42 non
928 1925 129 42 esset
999 1925 72 42 bea

219 1959 111 49 tus:
289 1959 111 49 quia
358 1959 111 49 sibi
427 1959 181 49 deficeret
566 1959 125 49 omnis
650 1959 125 49 actus
733 1959 153 49 diuinae
844 1959 222 49 dilectionis,
1011 1959 69 49 si-

221 2010 92 41 ne
267 2010 107 41 qua
328 2010 215 41 dilectione
497 2010 138 41 nulla
589 2010 184 41 voluntas
727 2010 153 41 potest
834 2010 123 41 uere
911 2010 123 41 esse
973 2010 107 41 beata

214 2034 106 51 Sed
274 2034 136 51 beata
365 2034 136 51 virgo
456 2034 136 51 habet
547 2034 273 51 perfectissimam
774 2034 106 51 Dei
835 2034 242 51 dilectionem,
1032 2034 76 51 &

222 2085 107 45 per
283 2085 214 45 consequens
451 2085 137 45 habet
542 2085 137 45 veram
634 2085 229 45 fruitionem,
817 2085 92 45 in
863 2085 107 45 qua
909 2085 168 45 consistit

218 2128 116 37 vera
291 2128 189 37 beatitudo
437 2128 204 37 cuiuslibet
597 2128 204 37 voluntatis
757 2128 204 37 rationalis
903 2128 160 37 creaturae

216 2156 190 51 Deceptio
358 2156 126 51 ergo
438 2156 95 51 in
485 2156 126 51 isto
564 2156 206 51 argumento
722 2156 95 51 ex
770 2156 111 51 hoc
833 2156 206 51 prouenire
975 2156 95 51 uido

224 2196 104 46 tur,
289 2196 104 46 quod
354 2196 104 46 iste
419 2196 130 46 socius
510 2196 91 46 non
562 2196 169 46 attendit,
692 2196 104 46 quod
757 2196 117 46 multo
835 2196 117 46 secus
913 2196 91 46 est
965 2196 117 46 loqui
1030 2196 52 46 de

223 2238 261 49 delectatione,
437 2238 92 49 de
484 2238 107 49 qua
545 2238 184 49 procedit
683 2238 107 49 mea
744 2238 215 49 conclusio,
913 2238 77 49 &
944 2238 92 49 de
975 2238 107 49 beata

216 2273 208 57 fruitione,
379 2273 89 57 de
424 2273 104 57 qua
483 2273 178 57 procedit
617 2273 104 57 sua
661 2273 178 57 conclusio.

268 2312 212 53 Quadruplex.
437 2312 99 53 enm
494 2312 141 53 patens
593 2312 99 53 est
649 2312 212 53 differentia
819 2312 127 53 inter
904 2312 141 53 beatam
988 2312 85 53 frui

216 2353 179 44 tionem,
346 2353 82 44 &
379 2353 212 44 predictam
542 2353 294 44 delectationem.
786 2353 130 44 Nam,
868 2353 212 44 huiusmodi
1015 2353 65 44 de

221 2391 178 45 lectatio,
358 2391 82 45 si
399 2391 191 45 poncretur,
549 2391 96 45 non
604 2391 123 45 esset
686 2391 123 45 actus
768 2391 219 45 dilectionis:
945 2391 96 45 sed
986 2391 96 45 esset

216 2431 139 47 actus
308 2431 108 47 per
370 2431 217 47 creationem
540 2431 217 47 productus.
711 2431 170 47 Fruitio
834 2431 139 47 autem
927 2431 139 47 beata
1005 2431 77 47 est

222 2475 117 52 ctus
295 2475 205 52 perfectae,
456 2475 73 52 &
486 2475 219 52 consummatae
661 2475 234 52 dilectionis;
851 2475 102 52 vel
910 2475 102 52 est
953 2475 132 52 ipsamet

222 2510 199 51 perfecta,
375 2510 76 51 &
405 2510 214 51 consummata
558 2510 168 51 dilectio.

259 2545 88 53 Et
303 2545 88 53 ex
347 2545 102 53 hoc
406 2545 176 53 sequitur
537 2545 161 53 secunda
655 2545 234 53 differentia.
845 2545 132 53 seque
918 2545 161 53 huiusmodi

214 2591 197 48 delectatio
369 2591 99 48 non
425 2591 127 48 esset
510 2591 127 48 actus
595 2591 169 48 elicitus
722 2591 85 48 ab
764 2591 141 48 aliqua
863 2591 183 48 voluntate
989 2591 85 48 crea

221 2636 99 44 ta:
277 2636 99 44 ita
334 2636 113 44 enim
404 2636 85 44 se
447 2636 155 44 haberet
559 2636 169 44 voluntas
686 2636 141 44 creata
785 2636 169 44 respectu
912 2636 141 44 illius
996 2636 71 44 de-

216 2667 222 43 lectationis
394 2667 193 43 receptiue
542 2667 119 43 quod
616 2667 133 43 tamen
705 2667 163 43 haberet
824 2667 89 43 se
868 2667 178 43 respectu
987 2667 89 43 eius

223 2710 197 51 elicitiue.
378 2710 98 51 Sed
434 2710 126 51 beata
518 2710 155 51 fruitio
630 2710 98 51 est
687 2710 126 51 actus
771 2710 70 51 a
799 2710 183 51 voluntate
940 2710 126 51 beata
1010 2710 70 51 eli

220 2746 139 50 citus,
318 2746 97 50 cum
373 2746 97 50 sit
429 2746 125 50 actus
512 2746 111 50 vere
568 2746 195 50 dilectionis,

261 2784 153 51 Tertio
368 2784 214 51 differunt:
535 2784 122 51 quia
612 2784 198 51 huiusmodi
764 2784 214 51 delectatio
932 2784 107 51 non
978 2784 107 51 causa

220 2835 138 40 retur
312 2835 107 40 sub
373 2835 169 40 ratione
496 2835 199 40 obiectali
649 2835 77 40 a
680 2835 153 40 diuina
787 2835 184 40 bonitate
910 2835 169 40 obiectiue

217 2869 157 49 mouente
331 2869 129 49 ipsam
417 2869 215 49 voluntatem:
589 2869 114 49 quia
660 2869 129 49 sicut
746 2869 86 49 ia
789 2869 143 49 dictum
889 2869 100 49 est
946 2869 114 49 ipsa
1003 2869 72 49 pro

217 2909 187 39 duceretur
360 2909 100 39 sub
418 2909 158 39 ratione
532 2909 144 39 ideali
633 2909 72 39 a
662 2909 144 39 diuina
762 2909 187 39 voluntate
906 2909 172 39 creatiue
1021 2909 57 39 es

211 2946 183 50 ficiente:
351 2946 98 50 sed
408 2946 155 50 econtra
520 2946 126 50 actus
604 2946 197 50 fruitionis
759 2946 183 50 perfectae
899 2946 169 50 causatur
1012 2946 70 50 sub

220 2984 156 53 ratione
333 2984 184 53 obiectali
475 2984 71 53 a
503 2984 142 53 diuina
602 2984 170 53 bonitate
729 2984 85 53 in
772 2984 113 53 ipsa
842 2984 127 53 beata
913 2984 170 53 voluntate,

258 3021 191 48 Differunt
405 3021 132 48 etiam
494 3021 162 48 quarto:
611 3021 118 48 quia
685 3021 132 48 talis
773 3021 206 48 delectatio
935 3021 103 48 non
979 3021 103 48 esset

213 3063 134 49 donum
302 3063 164 49 gratiae
421 3063 149 49 gratum
526 3063 208 49 facientis:
689 3063 104 49 sed
749 3063 134 49 solum
838 3063 134 49 esset
927 3063 134 49 donum
1002 3063 74 49 gra

221 3101 116 47 tiae
293 3101 144 47 gratis
394 3101 144 47 datae:
495 3101 130 47 &udeo
582 3101 260 47 communicabilis
798 3101 130 47 esset
885 3101 173 47 inimico,
1001 3101 72 47 Dec

231 3148 118 55 peata
310 3148 158 55 fruitio,
428 3148 92 55 cum
481 3148 92 55 sit
533 3148 118 55 actus
612 3148 171 55 perfectae
743 3148 184 55 caritatis,
888 3148 92 55 est
941 3148 118 55 donum
1006 3148 66 55 gr

1114 306 114 68 tiae
1185 306 143 68 gratum
1285 306 186 68 facientis
1428 306 71 68 &
1456 306 100 68 per
1513 306 200 68 consequens
1670 306 128 68 nulli
1756 306 143 68 hosti,
1856 306 100 68 vel
1899 306 71 68 ini

1108 348 134 56 mico
1192 348 117 56 est
1242 348 269 56 communicabilis

1148 391 144 62 Deinde
1248 391 144 62 arguit
1349 391 115 62 iste
1421 391 216 62 venerabilis
1593 391 144 62 socius
1694 391 144 62 contra
1795 391 144 62 illud,
1881 391 86 62 quam

1110 418 134 71 dixi,
1199 418 119 71 quod
1274 418 208 71 praedictam
1437 418 253 71 delectationem
1646 418 119 71 Deus
1720 418 149 71 potest
1824 418 164 71 causare
1928 418 60 71 in

1118 474 176 50 voluntate
1254 474 163 50 taliter,
1376 474 109 50 quod
1444 474 122 50 tamen
1526 474 122 50 ille,
1607 474 95 50 qui
1661 474 163 50 recipiet
1784 474 109 50 eam,
1851 474 95 50 non
1892 474 68 50 por

1114 517 162 40 cipiet,
1232 517 74 40 a
1262 517 103 40 quo
1321 517 148 40 tantum
1424 517 133 40 donum
1513 517 192 40 recipiat:
1660 517 118 40 quia
1734 517 118 40 frui
1808 517 103 40 est
1852 517 103 40 amori

1111 556 146 47 alicui
1214 556 190 47 inhaerere
1360 556 161 47 propter
1476 556 175 47 seipsum:
1608 556 102 47 sed
1666 556 146 47 nullus
1768 556 146 47 potest
1856 556 102 47 amori

1109 582 181 61 inhaerere
1248 582 97 61 ei,
1304 582 97 61 que
1360 582 153 61 prorsus
1471 582 167 61 ignorat.
1596 582 84 61 Et
1638 582 223 61 confirmatur:
1819 582 111 61 quia
1875 582 84 61 frui

1117 622 105 66 tio
1177 622 210 66 essentiali
1342 622 150 66 ordine
1447 622 240 66 praesupponit
1642 622 240 66 cognitionem:
1822 622 135 66 fruimus

1106 670 121 43 enim
1181 670 196 43 cognitis,
1332 670 151 43 quibus
1438 670 181 43 voluntas
1573 670 166 43 propter
1694 670 151 43 seipsa
1784 670 166 43 delectata

1108 701 245 58 conquiescit,
1307 701 92 58 vt
1353 701 107 58 ait
1414 701 153 58 Deatus
1506 701 77 58 Auo

1157 746 81 57 Ad
1197 746 122 57 istud
1278 746 122 57 patet
1359 746 81 57 ex
1400 746 203 57 praedictis:
1562 746 108 57 quia
1629 746 122 57 dato,
1710 746 108 57 quod
1778 746 81 57 ad
1818 746 122 57 actum
1886 746 68 57 bes

1121 788 85 43 ae
1163 788 213 43 fruitionis,
1333 788 99 43 qui
1390 788 184 43 obiectiue
1532 788 71 43 a
1560 788 142 43 diuina
1659 788 170 43 bonitate
1787 788 184 43 causatur,
1914 788 43 43 &

1112 830 71 54 a
1140 830 184 54 voluntate
1282 830 128 54 beata
1367 830 184 54 elicitur,
1509 830 170 54 cognitio
1636 830 128 54 esset
1721 830 198 54 necessario
1863 830 99 54 prae-

1109 869 171 49 exacta:
1234 869 140 49 tamen
1327 869 93 49 ad
1374 869 233 49 recipiendum
1560 869 233 49 supradictam
1731 869 233 49 delectationem

1114 905 76 47 a
1144 905 107 47 Deo
1205 905 183 47 creatiue
1343 905 214 47 productam,
1510 905 107 47 non
1572 905 137 47 esset
1663 905 214 47 necessaria
1816 905 137 47 notitis

1120 946 130 44 eius,
1206 946 72 44 a
1235 946 101 44 quo
1293 946 246 44 produceretur:
1496 946 130 44 multa
1583 946 101 44 nim
1641 946 116 44 dona
1714 946 116 44 Deus
1786 946 145 44 posset
1888 946 72 44 i
1902 946 58 44 ho

1118 986 122 48 mine
1194 986 168 48 creare,
1316 986 122 48 quae
1392 986 137 48 tamen
1484 986 107 48 non
1545 986 214 48 aduerteret
1713 986 122 48 homo
1789 986 76 48 a
1820 986 122 48 solo
1881 986 76 48 Dec

1123 1027 196 51 procedere.
1277 1027 126 51 Etiam
1362 1027 140 51 posset
1460 1027 126 51 dici,
1544 1027 112 51 quod
1614 1027 154 51 quamuis
1726 1027 154 51 fruitio
1825 1027 140 51 presuppo

1116 1066 104 45 nat
1175 1066 222 45 cognitionem
1353 1066 148 45 ordine
1457 1066 222 45 essentiali,
1635 1066 208 45 accipiendo
1798 1066 163 45 ordinem
1902 1066 59 45 es

1104 1097 195 51 sentialem
1254 1097 105 51 pro
1314 1097 150 51 ordine
1419 1097 195 51 naturali,
1568 1097 105 51 qui
1628 1097 165 51 ponitur
1748 1097 120 51 esse
1823 1097 90 51 in
1853 1097 105 51 rebus

1102 1135 193 65 secundum
1247 1135 209 65 potentiam
1407 1135 113 65 Dei
1472 1135 225 65 ordinatam:
1648 1135 145 65 tamen
1745 1135 145 65 Deus,
1841 1135 113 65 qui
1890 1135 80 65 est

1112 1176 140 58 istius
1210 1176 167 58 ordinis,
1335 1176 70 58 &
1363 1176 153 58 naturae
1475 1176 181 58 conditor,
1614 1176 84 58 de
1656 1176 98 58 sua
1712 1176 167 58 potentia
1824 1176 140 58 absoluta

1114 1215 121 53 hunc
1190 1215 167 53 ordinem
1311 1215 152 53 potest
1417 1215 197 53 immutare.
1569 1215 91 53 Et
1615 1215 121 53 ideo
1691 1215 137 53 sicut
1782 1215 167 53 accides
1888 1215 76 53 or-

1113 1258 124 48 dine
1190 1258 186 48 naturali
1329 1258 247 48 praesupponit
1530 1258 247 48 substantiam,
1731 1258 77 48 &
1762 1258 139 48 tamen
1839 1258 124 48 diuina

1106 1295 148 47 virtute
1213 1295 135 47 potest
1308 1295 108 47 esse
1375 1295 108 47 sine
1443 1295 202 47 substantia:
1604 1295 94 47 sic
1658 1295 148 47 quamuis
1766 1295 121 47 actus
1834 1295 121 47 fruitio

1110 1340 106 44 nis
1171 1340 228 44 presupponat
1353 1340 228 44 cognitionem
1535 1340 152 44 ordine
1642 1340 198 44 naturali,
1794 1340 137 44 tamen
1870 1340 91 44 hunc

1111 1380 134 44 actum
1201 1380 119 44 Deus
1275 1380 149 44 posset
1379 1380 164 44 causare
1499 1380 89 44 de
1544 1380 104 44 sua
1603 1380 179 44 absoluta
1737 1380 179 44 potentia
1872 1380 89 44 in
1901 1380 60 44 ra

1118 1418 156 47 tionali
1231 1418 128 47 anima
1316 1418 142 47 absque
1415 1418 198 47 cognitione
1571 1418 156 47 preuia:
1685 1418 128 47 sicut
1770 1418 128 47 etiam
1855 1418 85 47 in
1883 1418 71 47 pro

1107 1455 109 53 logo
1176 1455 123 53 primi
1258 1455 123 53 libri
1340 1455 191 53 declaraui.
1490 1455 82 53 Et
1531 1455 109 53 ideo
1600 1455 123 53 dato,
1682 1455 96 53 qud
1736 1455 109 53 ista
1791 1455 164 53 delectatio

1110 1495 89 56 de
1155 1495 104 56 qua
1214 1495 178 56 procedit
1347 1495 104 56 mea
1407 1495 208 56 conclusio,
1570 1495 133 56 esset
1659 1495 119 56 vera
1733 1495 178 56 fruitio:
1851 1495 104 56 adhuc

1106 1533 122 59 Deus
1182 1533 92 59 de
1228 1533 107 59 sua
1289 1533 183 59 potentia
1426 1533 183 59 absoluta
1564 1533 153 59 posset
1671 1533 107 59 eam
1732 1533 168 59 causare
1854 1533 92 59 in
1885 1533 76 59 ani

1101 1576 108 51 ma,
1162 1576 139 51 nulla
1255 1576 139 51 tamen
1348 1576 216 51 cognitione
1517 1576 185 51 praeuia:
1656 1576 124 51 ideo
1718 1576 62 51 &c

1133 1613 89 43 Et
1178 1613 119 43 quia
1252 1613 119 43 dixi
1327 1613 89 43 in
1371 1613 134 43 istis
1461 1613 149 43 duobus
1565 1613 209 43 principijs
1729 1613 238 43 conclusionem
1908 1613 74 43 mea

1109 1653 169 44 positam
1231 1653 92 44 de
1277 1653 199 44 praedicta
1431 1653 245 44 delectatione
1630 1653 107 44 non
1692 1653 245 44 contradicere
1876 1653 107 44 dire-

1110 1696 102 51 cte
1169 1696 218 51 conclusioni
1343 1696 145 51 istius
1445 1696 189 51 reucrendi
1590 1696 189 51 Magistri,
1736 1696 116 51 quam
1808 1696 116 51 ipse
1867 1696 116 51 posuit

1104 1732 88 43 de
1148 1732 132 43 beata
1236 1732 293 43 fruitione:igitur
1485 1732 88 43 in
1529 1732 146 43 tertio
1631 1732 102 43 suo
1689 1732 190 43 principio
1836 1732 117 43 ipse
1894 1732 88 43 vult

1107 1775 211 45 ostendere,
1273 1775 121 45 quod
1348 1775 106 45 ego
1409 1775 211 45 necessario
1575 1775 151 45 habeam
1680 1775 151 45 dicere
1771 1775 211 45 conclusionem

1109 1819 127 50 meam
1189 1819 175 50 directe
1316 1819 127 50 esse
1395 1819 302 50 contradictoriam
1649 1819 127 50 suae
1729 1819 254 50 conclusioni.
1919 1819 64 50 Et

1104 1845 108 52 hoc
1165 1845 185 52 ostendit
1304 1845 92 52 ex
1335 1845 123 52 tribus

1147 1884 151 53 Primo,
1252 1884 121 53 quia
1328 1884 121 53 ego,
1403 1884 90 53 vt
1448 1884 121 53 ipse
1524 1884 121 53 ait,
1599 1884 90 53 in
1644 1884 136 53 primo
1735 1884 106 53 meo
1780 1884 181 53 principio,

1120 1928 143 48 quando
1220 1928 143 48 contra
1319 1928 128 48 dicta
1405 1928 100 48 sua
1462 1928 185 48 resumpsi,
1605 1928 143 48 reduxi
1704 1928 128 48 dicta
1790 1928 100 48 sua
1847 1928 86 48 ad
1875 1928 86 48 tria

1117 1969 160 56 puncta,
1234 1969 102 56 seu
1292 1969 87 56 ad
1336 1969 117 56 tres
1409 1969 248 56 conclusiones:
1613 1969 73 56 &
1642 1969 146 56 posuit
1744 1969 117 56 tres
1803 1969 160 56 oppositas

1093 2003 241 53 conclusiones.

1146 2045 174 48 Secundo,
1277 2045 131 48 quia,
1364 2045 87 48 vt
1408 2045 116 48 iste
1481 2045 145 48 socius
1582 2045 116 48 ait,
1655 2045 102 48 ego
1713 2045 160 48 ponendo
1829 2045 131 48 istam
1902 2045 58 48 se

1104 2087 155 41 cundam
1212 2087 247 41 conclusionem
1413 2087 139 41 dixi,
1505 2087 124 41 quod
1583 2087 108 41 per
1644 2087 108 41 Dei
1706 2087 201 41 potentiam
1845 2087 124 41 absolu

1109 2127 99 47 tam
1165 2127 113 47 tota
1236 2127 170 47 entitas,
1363 2127 71 47 &
1392 2127 198 47 delectatio
1547 2127 170 47 existens
1674 2127 85 47 in
1717 2127 113 47 actu
1787 2127 212 47 fruitionis,

1114 2162 77 56 &
1144 2162 139 56 odium
1237 2162 155 56 ipsius
1345 2162 108 56 Dei
1407 2162 139 56 simul
1500 2162 170 56 possunt
1624 2162 124 56 esse
1701 2162 93 56 in
1748 2162 139 56 eadem
1825 2162 139 56 uolunta

1107 2198 101 57 te:
1164 2198 101 57 sed
1222 2198 144 57 planum
1322 2198 115 57 est,
1394 2198 115 57 quod
1466 2198 115 57 tota
1538 2198 158 57 entitas
1653 2198 72 57 &
1682 2198 201 57 delectatio
1825 2198 144 57 existens

1104 2240 85 58 in
1146 2240 185 58 fruitione
1288 2240 99 58 non
1345 2240 142 58 potest
1445 2240 128 58 poni,
1530 2240 114 58 nisi
1601 2240 156 58 ponatur
1714 2240 114 58 ipsa
1785 2240 170 58 fruitio,
1899 2240 71 58 er-

1113 2288 93 48 go
1159 2288 201 48 conclusio
1313 2288 108 48 mea
1375 2288 185 48 secundum
1514 2288 139 48 uerba
1606 2288 108 48 iam
1668 2288 139 48 dicta
1760 2288 170 48 directe
1868 2288 93 48 uido

1110 2322 104 45 tur
1170 2322 239 45 contradicere
1364 2322 224 45 conclusioni
1543 2322 149 45 istius
1647 2322 194 45 reuerendi
1782 2322 164 45 Magistri.

1149 2356 152 54 Tertio
1255 2356 106 54 hoc
1316 2356 122 54 idem
1392 2356 152 54 probat
1499 2356 91 54 ex
1544 2356 167 54 ratione
1666 2356 122 54 mea,
1742 2356 122 54 quia
1818 2356 137 54 sicut
1894 2356 76 54 ip-

1114 2396 88 56 se
1158 2396 103 56 ait
1217 2396 103 56 per
1276 2396 176 56 rationem
1408 2396 118 56 meam
1482 2396 176 56 infertur
1614 2396 206 56 conclusio,
1776 2396 118 56 quae
1835 2396 132 56 directe

1107 2434 223 46 contradicit
1286 2434 119 46 suae
1345 2434 209 46 conclusioni.

1145 2476 90 56 Ad
1190 2476 149 56 primum
1294 2476 134 56 dico,
1384 2476 119 56 quod
1459 2476 134 56 verum
1548 2476 149 56 quidem
1653 2476 119 56 est,
1727 2476 119 56 quod
1787 2476 179 56 conclusio-

1107 2522 112 51 nem
1171 2522 175 51 primam,
1298 2522 80 51 &
1330 2522 175 51 tertiam
1458 2522 143 51 posui
1553 2522 175 51 directe
1681 2522 207 51 oppositam
1825 2522 143 51 primae,

1114 2553 72 49 &
1142 2553 159 49 tertiae
1258 2553 216 49 conclusioni
1431 2553 144 49 istius
1532 2553 187 49 reuerendi
1676 2553 144 49 socij.
1777 2553 101 49 Sed
1820 2553 144 49 secundam

1114 2594 244 55 conclusionem
1312 2594 107 55 non
1373 2594 137 55 posui
1464 2594 168 55 directe
1586 2594 152 55 contra
1693 2594 122 55 suam
1754 2594 213 55 conclusionem

1119 2634 184 45 secundam,
1261 2634 99 45 sed
1317 2634 128 45 magis
1402 2634 142 45 contra
1501 2634 99 45 sua
1558 2634 198 45 incidentia
1714 2634 142 45 dicta,
1813 2634 142 45 quibus
1898 2634 71 45 ui-

1116 2676 169 52 debatur
1239 2676 169 52 innuere
1361 2676 230 52 simpliciter
1546 2676 123 52 esse
1623 2676 230 52 impossibile
1792 2676 184 52 uoluntatem

1120 2723 176 44 perfecte
1252 2723 117 44 Deum
1325 2723 161 44 odiente
1443 2723 146 44 habere
1545 2723 88 44 in
1589 2723 88 44 se
1633 2723 161 44 aliquam
1736 2723 234 44 delectationem,

1147 2757 90 48 Ad
1192 2757 180 48 secundum
1327 2757 135 48 dico,
1416 2757 120 48 quod
1491 2757 105 48 ego
1551 2757 90 48 in
1596 2757 195 48 rescripto
1746 2757 105 48 meo
1805 2757 105 48 non
1865 2757 105 48 sic
1910 2757 60 48 ha

1113 2790 114 55 beo;
1184 2790 71 55 &
1213 2790 86 55 si
1256 2790 114 55 illa
1327 2790 129 55 verba
1413 2790 214 55 inueniuntur
1584 2790 86 55 in
1627 2790 171 55 cartula,
1756 2790 114 55 quam
1827 2790 114 55 misi
1884 2790 86 55 huic

1115 2830 134 45 socio
1205 2830 209 45 reuerendo,
1369 2830 134 45 sicut
1458 2830 119 45 bene
1533 2830 149 45 credo,
1638 2830 119 45 quia
1712 2830 105 45 eam
1772 2830 105 45 cum
1817 2830 149 45 festina-

1120 2872 128 50 tione
1205 2872 171 50 scripsi,
1334 2872 157 50 propter
1448 2872 114 50 quod
1519 2872 128 50 verba
1605 2872 157 50 singula
1719 2872 100 50 non
1776 2872 128 50 tatum
1848 2872 128 50 limaui;

1120 2920 148 37 prout
1218 2920 164 37 debui,
1333 2920 131 37 tunc
1415 2920 98 37 ad
1464 2920 131 37 meum
1546 2920 230 37 propositum
1727 2920 213 37 huiusmodi
1875 2920 98 37 uer-

1110 2950 88 41 ba
1154 2950 204 41 reducendo,
1315 2950 131 41 dico,
1402 2950 131 41 quoly
1490 2950 73 41 &
1519 2950 102 41 non
1578 2950 131 41 debet
1665 2950 102 41 ibi
1724 2950 146 41 accipi
1811 2950 161 41 copulati-

1110 2991 102 50 ue,
1169 2991 102 50 sed
1227 2991 205 50 expositue,
1388 2991 73 50 &
1417 2991 132 50 actus
1505 2991 205 50 fruitionis
1666 2991 102 50 non
1724 2991 132 50 debet
1812 2991 102 50 ibi
1856 2991 117 50 accipi

1114 3024 201 49 formaliter,
1275 3024 94 49 sed
1328 3024 255 49 aequipollenter;
1543 3024 81 49 ut
1584 3024 94 49 sit
1637 3024 148 49 sensus,
1745 3024 107 49 tota
1812 3024 161 49 entitas,
1933 3024 67 49 &

1123 3069 110 43 pro,
1192 3069 82 43 id
1233 3069 110 43 est,
1301 3069 192 43 delectatio
1452 3069 164 43 existens
1575 3069 82 43 in
1616 3069 110 43 actu
1685 3069 192 43 fruitionis
1835 3069 96 43 non
1876 3069 96 43 forma

1109 3111 150 52 liter,
1214 3111 105 52 sed
1274 3111 270 52 aequipollenter
1499 3111 180 52 accepto,
1633 3111 75 52 &
1663 3111 135 52 odium
1753 3111 150 52 ipsius
1858 3111 105 52 Dei
1903 3111 75 52 pos

1106 3144 128 52 sunt
1186 3144 144 52 simul
1282 3144 96 52 se
1330 3144 176 52 compati
1457 3144 96 52 in
1505 3144 144 52 eadem
1585 3144 192 52 voluntate.
