2401 3552
359 331 627 89 ARTICVLVS
793 331 241 89 Il.

319 426 173 80 Vtrum
434 426 154 80 anma
530 426 231 80 separata
704 426 192 80 aliqud
819 426 231 80 intelligat

419 492 127 77 per
491 492 200 77 speciem
637 492 145 77 actu
709 492 200 77 realiter,

533 542 252 75 differcutem.

225 648 223 72 SVANTVM
387 648 122 72 ad
448 648 223 72 secudum
610 648 284 72 articulum,
833 648 223 72 quamuis
975 648 122 72 pos-

351 698 124 43 sent
429 698 124 43 poni
507 698 155 43 plures
616 698 264 43 conclusiones,
833 698 140 43 tamen
926 698 93 43 vt
957 698 140 43 breuius

222 738 200 39 transeam,
375 738 123 39 pono
452 738 123 39 vnam
529 738 169 39 tantum,
652 738 77 39 &
682 738 108 39 est
744 738 138 39 haec,
836 738 123 39 quod
897 738 200 39 intellectus

226 777 160 48 hominis
343 777 102 48 non
401 777 102 48 pot
459 777 218 48 intelligere
633 777 102 48 ea,
691 777 116 48 quae
763 777 116 48 sunt
836 777 131 48 extra
923 777 102 48 se,
981 777 116 48 nisi
1039 777 58 48 me

224 816 151 45 diante
329 816 256 45 intelligibili
540 816 151 45 specie
645 816 90 45 ab
691 816 120 45 actu
766 816 241 45 intelligendi
946 816 151 45 realiter

208 857 189 47 differente.

274 893 123 51 Quia
351 893 93 51 in
397 893 139 51 nullo
490 893 154 51 genere
597 893 77 51 a
628 893 123 51 pura
705 893 185 51 potentia
844 893 185 51 procedit
968 893 123 51 aliqua

230 939 176 48 peratio
358 939 128 48 nisi
438 939 208 48 huiusmodi
598 939 192 48 potentia
743 939 208 48 actiuetur
903 939 160 48 aliqua
999 939 96 48 for-

224 975 115 56 ma.
289 975 115 56 Sed
355 975 247 56 intellectus
553 975 181 56 humanus
685 975 198 56 secundum
833 975 99 56 se
883 975 198 56 acceptus
1015 975 82 56 est

237 1016 106 51 ura
297 1016 181 51 potentia
433 1016 90 51 in
478 1016 151 51 genere
584 1016 286 51 itelligibilium,
825 1016 136 51 sicut
915 1016 166 51 materia
1021 1016 75 51 pri

211 1059 93 49 ma
258 1059 109 49 est
320 1059 124 49 pura
398 1059 187 49 potentia
538 1059 93 49 in
585 1059 156 49 genere
694 1059 171 49 entium,
818 1059 78 49 &
849 1059 233 49 intelligere
1020 1059 78 49 est

218 1107 176 41 operatio
350 1107 190 41 potentiae
496 1107 263 41 intellectiuae:
716 1107 117 41 ergo
789 1107 219 41 intellectus
950 1107 146 41 possibi-

219 1136 102 53 lis
278 1136 102 53 non
336 1136 146 53 potest
438 1136 219 53 intelligere
613 1136 117 53 nisi
686 1136 102 53 sit
744 1136 189 53 actiuatus
890 1136 146 53 aliqua
977 1136 117 53 forma,

212 1175 203 43 huiusmodi
368 1175 140 43 autem
462 1175 140 43 forma
556 1175 172 43 videtur
680 1175 125 43 esse
758 1175 172 43 species
868 1175 218 43 intelligibi-

222 1214 119 46 lis:
297 1214 119 46 ergo
371 1214 105 46 &c.
431 1214 134 46 Maior
521 1214 149 46 patet,
625 1214 119 46 quia
700 1214 134 46 agens
789 1214 105 46 vel
849 1214 164 46 operans
954 1214 134 46 secudum

217 1252 127 42 quod
297 1252 207 42 huiusmodi
455 1252 175 42 oportet
583 1252 127 42 quod
662 1252 111 42 sit
726 1252 79 42 i
757 1252 143 42 actu.
853 1252 143 42 Patet
948 1252 95 42 et
980 1252 111 42 minor

230 1292 114 44 per
295 1292 278 44 commentatorem
524 1292 114 44 qui
589 1292 147 44 illam
687 1292 278 44 propositionem
915 1292 147 44 ponit
997 1292 98 44 ter-

223 1332 118 49 tio
291 1332 102 49 de
325 1332 118 49 anima

252 1372 81 50 1
284 1372 227 50 Praeterea,
463 1372 146 50 omnis
560 1372 195 50 cognitio
706 1372 114 50 fit
771 1372 114 50 per
819 1372 276 50 assimilationem,

222 1401 104 52 sed
282 1401 223 52 intellectus
460 1401 179 52 secundum
594 1401 89 52 se
639 1401 104 52 non
699 1401 104 52 est
758 1401 164 52 similis
877 1401 134 52 rebus
952 1401 134 52 exterio

211 1452 158 45 ribus:
322 1452 127 45 ergo
401 1452 95 45 ad
449 1452 111 45 hoc
512 1452 127 45 quod
591 1452 111 45 res
655 1452 222 45 exteriores
829 1452 206 45 cognoscat
971 1452 111 45 neces

217 1492 96 41 se
265 1492 113 41 est
329 1492 129 41 quod
410 1492 225 41 praehabeat
587 1492 129 41 spes
667 1492 209 41 huiusmodi
828 1492 161 41 rerum,
924 1492 161 41 medianti

226 1530 108 52 bus
287 1530 154 52 quibus
395 1530 185 52 caesetur
534 1530 92 52 in
580 1530 216 52 intellectu
749 1530 154 52 talium
857 1530 139 52 rerum
934 1530 154 52 notitia-

238 1570 83 51 3
272 1570 215 51 Praeterea
437 1570 99 51 in
487 1570 132 51 omni
570 1570 132 51 motu
652 1570 282 51 intellectuali
884 1570 182 51 oportet
1000 1570 83 51 mo-

224 1611 130 47 uens
305 1611 81 47 &
337 1611 146 47 motum
435 1611 130 47 esse
516 1611 227 47 coniuncta.
694 1611 114 47 Sed
759 1611 114 47 res
824 1611 146 47 extra
922 1611 162 47 mouent
1019 1611 65 47 in

215 1650 206 49 tellectum
374 1650 95 49 ad
421 1650 111 49 sui
485 1650 302 49 intellectionem,
739 1650 79 49 &
771 1650 111 49 non
834 1650 175 49 possunt
945 1650 143 49 coniun-

212 1692 93 53 gi
258 1692 232 53 intellectui
443 1692 201 53 immediate
598 1692 108 53 per
660 1692 93 53 se
706 1692 155 53 ipsas:
815 1692 124 53 ergo
877 1692 217 53 coniunguntur

231 1729 91 41 ei
276 1729 106 41 per
337 1729 137 41 earum
428 1729 167 41 species
550 1729 106 41 seu
596 1729 243 41 similitudines.

244 1766 75 56 4
274 1766 196 56 Preterea,
425 1766 120 56 ista
500 1766 166 56 videtur
620 1766 120 56 esse
696 1766 181 56 intentio
831 1766 135 56 Arist
921 1766 90 56 3.
967 1766 90 56 de
997 1766 90 56 ani-

222 1817 105 40 ma,
282 1817 105 40 cum
342 1817 120 40 ait.
417 1817 135 40 Lapis
508 1817 105 40 non
568 1817 105 40 est
628 1817 90 40 in
673 1817 135 40 anima
763 1817 105 40 sed
823 1817 165 40 species
929 1817 150 40 lapidis.

222 1850 89 42 Et
267 1850 149 42 ibidem
371 1850 119 42 ait,
445 1850 134 42 anima
534 1850 104 42 est
594 1850 134 42 locus
683 1850 193 42 specierum
831 1850 104 42 non
891 1850 134 42 tota,
980 1850 104 42 sed
1025 1850 59 42 i-

227 1887 209 41 tellectus.
391 1887 119 41 Ista
465 1887 134 41 etiam
555 1887 104 41 est
614 1887 179 41 intentio
748 1887 149 41 Procli
853 1887 223 41 propositone
1017 1887 74 41 77.

227 1927 106 46 vbi
287 1927 121 46 ait,
363 1927 121 46 quod
439 1927 136 46 omnis
529 1927 227 46 intellectus
711 1927 197 46 plenitudo
862 1927 106 46 est
908 1927 182 46 specierum.

210 1967 161 49 Super
317 1967 125 49 quo
389 1967 161 49 verbo
496 1967 196 49 dicitur
638 1967 107 49 in
692 1967 232 49 commento,
870 1967 143 49 quod
941 1967 143 49 quanto

215 2007 191 52 potentiae
362 2007 117 52 sunt
435 2007 132 52 magis
523 2007 220 52 defectiuae,
700 2007 132 52 tanto
788 2007 220 52 intelligunt
964 2007 103 52 per
1008 2007 73 52 plu

221 2051 111 42 res
285 2051 190 42 species.
427 2051 95 42 Ex
475 2051 111 42 quo
538 2051 143 42 patet
633 2051 127 42 quod
713 2051 238 42 intellectus
903 2051 174 42 humanus
1014 2051 79 42 per

225 2083 150 50 plures
330 2083 165 50 species
450 2083 225 50 intelligit,
630 2083 120 50 quam
704 2083 195 50 quicumque
854 2083 135 50 alius
929 2083 150 50 intelle-

219 2131 132 41 ctus,
307 2131 102 41 cum
366 2131 117 41 ipse
439 2131 102 41 sit
497 2131 234 41 imperfectior
687 2131 161 41 omnibus
804 2131 132 41 aliis
877 2131 205 41 intellectib.

263 2161 127 49 Quod
343 2161 143 49 autem
438 2161 207 49 huiusmodi
597 2161 175 49 species
725 2161 191 49 differat
868 2161 96 49 ab
916 2161 127 49 actu
980 2161 111 49 intel

216 2202 135 51 lige,
306 2202 90 51 di
351 2202 150 51 patet,
457 2202 120 51 quia
532 2202 195 51 transeute
682 2202 120 51 actu
757 2202 241 51 intelligendi
953 2202 135 51 adhuc
1028 2202 60 51 ma

214 2245 103 45 net
273 2245 161 45 species
390 2245 264 45 intelligibilis
610 2245 88 45 in
654 2245 161 45 memoria
771 2245 249 45 intellectiua,
976 2245 88 45 vt
1006 2245 73 45 pro

224 2281 112 49 baui
294 2281 112 49 lib.
364 2281 84 49 2.
406 2281 126 49 dist.
490 2281 98 49 50.
546 2281 112 49 art.
616 2281 84 49 1,
658 2281 70 49 &
687 2281 140 49 ibidem
785 2281 168 49 respondi
911 2281 154 49 motiuis
1009 2281 70 49 Aui

228 2322 121 51 cen,
304 2322 106 51 qui
364 2322 91 51 o.
410 2322 106 51 lib
470 2322 212 51 naturalium
637 2322 136 51 tenet
728 2322 197 51 oppositum
879 2322 151 51 istius
970 2322 121 51 dicti,

226 2358 178 54 negando
355 2358 194 54 memoriam
501 2358 129 54 esse
581 2358 97 54 in
630 2358 145 54 parte
711 2358 242 54 intellectiua.

220 2406 103 42 bed
279 2406 148 42 contra
383 2406 207 42 praedictam
545 2406 236 42 conclusionem
737 2406 118 42 sunt
811 2406 148 42 quidam
914 2406 133 42 magni
988 2406 103 42 docto

217 2441 106 48 res
277 2441 196 48 dicentes,
428 2441 121 48 quod
504 2441 136 48 actus
594 2441 241 48 intelligendi
790 2441 106 48 non
851 2441 106 48 sit
911 2441 151 48 aliud,
1001 2441 91 48 quam

217 2482 113 47 ipsa
288 2482 155 47 species
401 2482 254 47 intelligibilis
613 2482 113 47 ipsi
683 2482 212 47 intellectui
853 2482 170 47 impressa
980 2482 85 47 ab
1008 2482 71 47 obi

214 2524 127 49 cto.
293 2524 95 49 Et
341 2524 111 49 hoc
404 2524 174 49 probant
531 2524 111 49 sic
578 2524 111 49 primo

254 2557 144 50 Nulla
350 2557 112 50 res
414 2557 112 50 per
478 2557 208 50 potentiam
638 2557 240 50 cognoscendi
830 2557 112 50 est
894 2557 96 50 in
926 2557 160 50 potentia

225 2599 83 50 d
259 2599 149 50 alium
358 2599 165 50 actum,
473 2599 132 50 quam
556 2599 99 50 ad
606 2599 149 50 actum
705 2599 264 50 cognoscendi,
920 2599 116 50 sed
969 2599 116 50 anima

222 2634 106 59 per
282 2634 227 59 intellectum
464 2634 212 59 possibilem
631 2634 106 59 est
691 2634 91 59 in
737 2634 182 59 potentia
873 2634 91 59 ad
918 2634 167 59 speciem
1024 2634 61 59 in

220 2678 234 56 telligibilem:
413 2678 110 56 ergo
482 2678 152 56 species
593 2678 248 56 intelligibilis
799 2678 97 56 est
855 2678 110 56 ipsa
910 2678 179 56 itellectio,

215 2715 103 49 seu
274 2715 132 49 actus
362 2715 118 49 cogn
436 2715 162 49 oscendi
553 2715 147 49 ipsius
641 2715 206 49 intellectus.

235 2763 82 43 2
267 2763 229 43 Praeterea,
447 2763 147 43 actus
546 2763 115 43 qui
611 2763 213 43 denominat
775 2763 131 43 ages
857 2763 115 43 est
922 2763 164 43 primus
1021 2763 65 43 a-

218 2795 122 51 ctus
294 2795 137 51 eius,
386 2795 107 51 sed
447 2795 229 51 intellectio
630 2795 198 51 denominat
783 2795 183 51 obiectum
905 2795 183 51 intelligi-

220 2834 129 46 bile:
305 2834 114 46 ergo
377 2834 157 46 species
491 2834 100 46 qui
548 2834 100 46 est
605 2834 143 46 primus
705 2834 129 46 actus
791 2834 157 46 obiecti
891 2834 200 46 intelligibi-

216 2881 100 45 lis
273 2881 114 45 erit
344 2881 114 45 idem
415 2881 185 45 realiter,
558 2881 114 45 quod
629 2881 114 45 ipsa
686 2881 185 45 intellectio

304 2909 190 49 Praeterea,
454 2909 81 49 si
495 2909 149 49 species
603 2909 177 49 differret
739 2909 81 49 ab
780 2909 109 49 actu
848 2909 231 49 intelligendi,
1024 2909 68 49 tuc

207 2951 227 51 intellectus
388 2951 242 51 intelligeret
585 2951 136 51 prius
675 2951 121 51 quam
751 2951 121 51 spem
826 2951 136 51 heret
917 2951 106 51 Sed
962 2951 121 51 conse-

224 3001 113 46 quens
300 3001 88 46 est
350 3001 214 46 inconueniens,
526 3001 101 46 quia
589 3001 101 46 estt
652 3001 101 46 illi
715 3001 88 46 qui
765 3001 126 46 ponunt
853 3001 113 46 spes,
928 3001 126 46 dicunt
1004 3001 75 46 spe-

215 3029 107 49 cien
282 3029 134 49 intell
375 3029 161 49 igibilem
496 3029 147 49 caliter
603 3029 174 49 precedere
737 3029 121 49 ipsam
817 3029 254 49 intellectionem,
1018 3029 67 49 pro

226 3069 97 48 pen
282 3069 250 48 consequentiae,
490 3069 111 48 quia
559 3069 97 48 ois
614 3069 125 48 motus
698 3069 139 48 factus
795 3069 83 48 in
836 3069 194 48 intellectu
989 3069 97 48 est
1031 3069 55 48 i-

221 3120 188 39 tellectio,
369 3120 94 39 sed
422 3120 81 39 si
463 3120 108 39 spes
530 3120 202 39 reciperetur
692 3120 81 39 in
732 3120 202 39 intellectu,
894 3120 108 39 tumc
961 3120 94 39 eet
1001 3120 81 39 ter-

210 3158 137 61 minus
301 3158 183 61 alicuius
438 3158 152 61 motus,
545 3158 122 61 quia
621 3158 107 61 ois
682 3158 137 61 forma
773 3158 198 61 acquisita
926 3158 91 61 in
956 3158 122 61 aliquo

1126 285 105 79 est
1186 285 179 79 terminus
1320 285 179 79 alicuius
1455 285 149 79 motus,
1559 285 119 79 ergo
1634 285 90 79 si
1678 285 119 79 spes
1753 285 239 79 acquireretur
1932 285 60 79 in

1109 347 255 62 intellectus,
1316 347 127 62 tunc
1396 347 159 62 aliqua
1507 347 239 62 intellectio
1698 347 143 62 ipsam
1794 347 239 62 precederet,

1124 394 131 47 quam
1206 394 213 47 huiusmodi
1369 394 131 47 spes
1451 394 213 47 acquisita
1599 394 213 47 terminaret.

1135 429 77 48 4
1165 429 214 48 Praeterea,
1334 429 92 48 si
1380 429 230 48 intellectus
1563 429 245 48 intelligeret
1762 429 107 48 per
1824 429 138 48 spem,
1900 429 92 48 tunc

1117 467 183 50 numquam
1250 467 166 50 posset
1367 467 250 50 intelligere
1567 467 183 50 lapidem
1700 467 166 50 album:
1816 467 116 50 sed
1866 467 133 50 conse-

1122 508 117 53 ques
1195 508 102 53 est
1254 508 161 53 falsum,
1370 508 131 53 probo
1458 508 263 53 consequentiae,
1677 508 117 53 quia
1750 508 102 53 vel
1794 508 204 53 intelligeret

1123 548 169 49 lapidem
1246 548 138 49 album
1338 548 108 49 per
1399 548 138 49 solam
1491 548 123 49 spem
1568 548 184 49 lapidis,
1706 548 108 49 vel
1768 548 108 49 per
1829 548 123 49 spem
1891 548 108 49 albi,

1116 582 97 40 vel
1172 582 97 40 per
1227 582 111 40 spem
1297 582 195 40 vtriusque.
1450 582 84 40 No
1492 582 97 40 pot
1548 582 111 40 dici
1617 582 153 40 primum,
1729 582 111 40 quia
1798 582 153 40 species
1896 582 97 40 lapi-

1117 622 103 60 dis
1176 622 192 60 adaequate
1324 622 236 60 repraesentat
1516 622 177 60 lapidem,
1649 622 74 60 &
1678 622 103 60 per
1737 622 207 60 consequens
1885 622 103 60 nihil

1120 665 247 49 repraesentat
1320 665 92 49 de
1366 665 200 49 albedine.
1520 665 108 49 Nec
1582 665 200 49 secundum,
1736 665 139 49 eadem
1813 665 154 49 ratione.

1131 703 105 66 dec
1191 703 179 66 tertium,
1325 703 120 66 quia
1400 703 224 66 intellectus
1579 703 105 66 non
1639 703 120 66 pont
1714 703 135 66 simul
1804 703 194 66 informari
1938 703 60 66 di

1124 744 144 40 ersis
1220 744 209 40 speciebus
1381 744 176 40 propter
1509 744 225 40 consimilem
1685 744 144 40 modum
1766 744 209 40 informandi.

1196 782 196 47 Preterea,
1347 782 90 47 ad
1392 782 196 47 quamlibet
1542 782 181 47 actionem
1678 782 181 47 sufficit
1813 782 105 47 cam
1859 782 120 47 uniuer

1117 818 134 44 salis
1207 818 75 44 &
1237 818 239 44 particularis
1431 818 164 44 actiua,
1550 818 75 44 &
1580 818 164 44 passiua
1699 818 105 44 non
1759 818 194 44 includens
1893 818 90 44 con-

1111 860 182 39 trariam
1244 860 199 39 disponem
1393 860 99 39 ad
1443 860 215 39 huiusmodi
1608 860 215 39 actionem.
1774 860 116 39 Sed
1823 860 166 39 intelle-

1122 899 115 47 ctus
1193 899 201 47 possibilis
1351 899 143 47 nudus,
1451 899 72 47 &
1480 899 115 47 scdm
1552 899 86 47 se
1595 899 172 47 acceptus
1724 899 244 47 estsufficiens
1910 899 72 47 pri

1112 941 157 48 cipium
1222 941 189 48 passiuum
1364 941 157 48 ipsius
1474 941 298 48 intellectionis,
1725 941 79 48 &
1756 941 157 48 nullam
1851 941 141 48 icludit

1123 979 191 38 contrariam
1273 979 245 38 dispositionem,
1478 979 204 38 intellectus
1641 979 123 38 agens
1723 979 95 38 est
1778 979 177 38 sufficies
1900 979 82 38 pri-

1131 1015 136 51 ipium
1222 1015 167 51 actiuum
1343 1015 227 51 vniuersale,
1525 1015 76 51 &
1555 1015 197 51 phantalma
1706 1015 227 51 illustratum
1873 1015 106 51 intel

1124 1056 138 56 ectui
1216 1056 154 56 agenti
1324 1056 215 56 coniunctum
1493 1056 108 56 est
1554 1056 215 56 iufficiens
1724 1056 215 56 principium
1877 1056 108 56 acti-

1112 1107 107 51 uum
1173 1107 230 51 particulare
1357 1107 123 51 ergo
1434 1107 138 51 istis
1526 1107 153 51 tribus
1633 1107 215 51 coniunctis
1802 1107 107 51 non
1863 1107 123 51 erit
1925 1107 61 51 ne

1116 1139 138 44 cesse
1208 1139 169 44 aliquam
1331 1139 123 44 spem
1408 1139 154 44 ponere
1515 1139 108 44 pro
1577 1139 123 44 ipsa
1638 1139 246 44 intellectione.

1132 1157 71 72 0
1160 1157 198 72 Praeterea,
1316 1157 212 72 intellectus
1486 1157 198 72 intelligit
1641 1157 85 72 se
1684 1157 127 72 sicut
1769 1157 127 72 alia,
1854 1157 85 72 vt
1882 1157 99 72 dici-

1118 1217 119 56 tur.
1192 1217 89 56 1.
1237 1217 89 56 de
1282 1217 149 56 anima.
1386 1217 104 56 Sed
1445 1217 163 56 seipsum
1564 1217 104 56 non
1623 1217 208 56 intelligit
1787 1217 104 56 per
1831 1217 149 56 speciem,

1116 1253 120 47 ergo
1191 1253 105 47 nec
1251 1253 120 47 alia
1327 1253 211 47 intelligit
1492 1253 105 47 per
1538 1253 136 47 speciem

1132 1273 77 79 3
1162 1273 232 79 Praeterea,;
1348 1273 93 79 de
1394 1273 139 79 anima
1487 1273 185 79 dicitur,
1626 1273 124 79 quod
1703 1273 232 79 intellectus
1873 1273 108 79 nihil

1114 1336 101 44 est
1171 1336 145 44 eorum,
1273 1336 116 44 quae
1345 1336 203 44 intelligit
1504 1336 116 44 ante
1577 1336 130 44 ipsum
1664 1336 232 44 intelligere:
1852 1336 116 44 ergo
1910 1336 72 44 in-

1124 1371 187 57 ellectus
1265 1371 109 57 non
1327 1371 141 57 habet
1421 1371 94 57 in
1468 1371 94 57 se
1515 1371 172 57 aliquam
1640 1371 125 57 spem
1718 1371 172 57 obiecti
1827 1371 156 57 antequam

1126 1418 196 43 ntelligat.
1280 1418 224 43 Consequentia
1462 1418 140 43 patet,
1560 1418 112 43 quia
1629 1418 126 43 spens
1713 1418 98 43 est
1769 1418 154 43 aliquid
1867 1418 112 43 ipsius

1117 1455 91 45 rei
1169 1455 233 45 intellectiuae,
1363 1455 104 45 quia
1428 1455 91 45 est
1480 1455 155 45 expressa
1596 1455 104 45 eius
1661 1455 181 45 similitudo
1804 1455 104 45 est.
1868 1455 104 45 enim
1920 1455 65 45 spe

1115 1495 115 42 cies
1186 1495 258 42 intelligibilis
1401 1495 115 42 tota
1473 1495 100 42 res
1530 1495 201 42 intellecta
1688 1495 172 42 secundum
1817 1495 129 42 alium
1889 1495 100 42 modum

1120 1535 165 57 essendi
1240 1535 135 57 etiam
1330 1535 180 57 secundum
1465 1535 150 57 illos,
1569 1535 105 57 qui
1629 1535 150 57 ponunt
1734 1535 165 57 speciem
1839 1535 150 57 differre

1108 1568 95 54 ab
1156 1568 126 54 actu
1219 1568 236 54 intelligendi.

1141 1592 75 69 s
1171 1592 195 69 Praeterea
1321 1592 135 69 nulla
1411 1592 135 69 causa
1501 1592 120 69 pont
1575 1592 150 69 habere
1680 1592 150 69 plures
1785 1592 180 69 effectus
1905 1592 75 69 ad-

1114 1650 198 39 aequatos,
1266 1650 107 39 sed
1327 1650 122 39 vnum
1403 1650 168 39 tantum.
1525 1650 107 39 Sed
1586 1650 107 39 tam
1647 1650 122 39 spes
1723 1650 122 39 quam
1784 1650 198 39 intellectio

1115 1694 181 48 adaequat
1251 1694 181 48 obiectum
1386 1694 271 48 intelligibile,
1612 1694 121 48 ergo
1688 1694 121 48 spes
1763 1694 75 48 &
1778 1694 196 48 intellectio

1114 1727 107 50 non
1175 1727 214 50 differunt,
1343 1727 92 50 eo
1389 1727 122 50 quod
1465 1727 122 50 sint
1542 1727 122 50 vnus
1618 1727 76 50 &
1649 1727 245 50 indistinctus
1832 1727 153 50 effectus

1110 1766 161 44 obiecti
1227 1766 263 44 intelligibilis
1447 1766 132 44 Maior
1534 1766 146 44 patet,
1637 1766 117 44 quia
1710 1766 175 44 effectus
1827 1766 146 44 adaequa-

1115 1809 111 43 tus
1179 1809 190 43 exhaurit
1321 1809 127 43 suam
1401 1809 175 43 causam,
1528 1809 79 43 &
1559 1809 111 43 per
1623 1809 222 43 consequens
1797 1809 111 43 non
1845 1809 127 43 potest

1106 1850 246 45 multiplicari
1306 1850 169 45 Propter
1429 1850 123 45 quod
1505 1850 92 45 de
1552 1850 123 45 tali
1628 1850 169 45 effectu
1751 1850 169 45 loquens
1859 1850 123 45 Arist.

1115 1886 86 48 2.
1158 1886 143 48 Poste.
1257 1886 100 48 ait
1314 1886 128 48 vnius
1400 1886 143 48 causae
1500 1886 114 48 unus
1571 1886 71 48 e
1600 1886 185 48 effectus.
1742 1886 128 48 Patet
1828 1886 86 48 et
1871 1886 143 48 minor,

1118 1923 111 61 quia
1187 1923 111 61 tota
1257 1923 166 61 essentia
1381 1923 97 61 rei
1436 1923 249 61 intelligibilis
1644 1923 111 61 repr
1713 1923 194 61 aesentatur
1865 1923 83 61 pr
1893 1923 83 61 spem

1118 1974 131 41 rius,
1206 1974 73 41 &
1235 1974 87 41 et
1278 1974 189 41 clauditur
1423 1974 131 41 infra
1510 1974 174 41 terminos
1641 1974 116 41 suae
1699 1974 247 41 intellectionis,

1124 2003 79 51 S
1156 2003 221 51 Praeterea,
1330 2003 237 51 intellectus
1519 2003 158 51 noster
1630 2003 142 51 habet
1725 2003 95 51 se
1772 2003 126 51 pure
1836 2003 142 51 passiue

1115 2046 172 46 respectu
1243 2046 129 46 actus
1329 2046 243 46 intelligendi:
1530 2046 114 46 ergo
1601 2046 100 46 non
1658 2046 100 46 est
1716 2046 200 46 actiuatus,
1873 2046 100 46 vel
1916 2046 57 46 in

1106 2083 187 44 formatus
1246 2083 155 44 aliqua
1355 2083 155 44 specie
1464 2083 140 44 prius
1557 2083 124 44 quam
1635 2083 218 44 intelligat
1790 2083 187 44 consequen-

1107 2122 103 49 tia
1166 2122 147 49 patet,
1269 2122 118 49 quia
1342 2122 132 49 nulla
1430 2122 118 49 alia
1504 2122 162 49 apparet
1621 2122 206 49 necessitas
1783 2122 162 49 ponendi
1886 2122 88 49 spem

1122 2165 220 45 praecedentem
1301 2165 124 45 actum
1383 2165 233 45 intelligendi,
1575 2165 110 45 nisi
1644 2165 82 45 ut
1685 2165 206 45 intellectus
1850 2165 137 45 specie
1932 2165 55 45 in

1106 2204 188 43 formatus
1248 2204 157 43 actiue
1357 2204 157 43 possit
1467 2204 173 43 elicere
1593 2204 141 43 actum
1671 2204 220 43 intelligendi

1151 2237 102 53 Sed
1209 2237 203 53 antecedens
1368 2237 116 53 isti
1441 2237 116 53 pbat
1513 2237 261 53 multipliciter.
1731 2237 73 53 i
1760 2237 116 53 sic,
1818 2237 160 53 Intellige

1120 2285 76 47 e
1150 2285 106 47 est
1211 2285 167 47 quoddam
1332 2285 137 47 pati,
1423 2285 91 47 vt
1469 2285 182 47 diciturs
1606 2285 91 47 de
1651 2285 152 47 anima:
1757 2285 121 47 ergo
1818 2285 152 47 intelle-

1110 2325 133 36 ctus,
1199 2325 133 36 cuius
1287 2325 133 36 actus
1376 2325 103 36 est
1435 2325 133 36 ipsum
1524 2325 222 36 intelligere
1701 2325 103 36 est
1760 2325 192 36 tantummom
1893 2325 74 36 pa-

1107 2360 154 51 tiens,
1215 2360 77 51 &
1245 2360 139 51 nullo
1338 2360 123 51 modo
1415 2360 154 51 actiue
1523 2360 93 51 se
1570 2360 170 51 habens:
1693 2360 108 51 sed
1755 2360 139 51 solum
1832 2360 139 51 intelle

1108 2397 169 60 ctionem
1231 2397 169 60 passiue
1338 2397 185 60 recipiens.

1156 2438 114 49 Sceo
1227 2438 114 49 sic.
1298 2438 128 49 vnum,
1383 2438 71 49 &
1412 2438 114 49 idem
1483 2438 142 49 respum
1582 2438 156 49 eiusdem
1696 2438 100 49 non
1753 2438 100 49 pot
1810 2438 85 49 se
1852 2438 114 49 here
1909 2438 57 49 a-

1124 2477 117 63 tiue,
1202 2477 65 63 &
1228 2477 156 63 passiue:
1345 2477 91 63 sed
1396 2477 195 63 intellectus
1552 2477 78 63 se
1591 2477 117 63 habet
1669 2477 143 63 passiue
1772 2477 78 63 in
1811 2477 91 63 eo,
1863 2477 104 63 quod
1915 2477 52 63 in

1121 2521 207 49 ellectione
1284 2521 192 49 pficitur,
1432 2521 74 49 &
1461 2521 133 49 ipsam
1550 2521 177 49 recipit:
1683 2521 118 49 ergo
1757 2521 177 49 respectu
1875 2521 89 49 eius

1110 2564 107 48 dem
1171 2564 275 48 intellectionis
1400 2564 107 48 non
1461 2564 107 48 pot
1522 2564 92 48 se
1567 2564 153 48 habere
1674 2564 168 48 actiue.
1796 2564 92 48 Et
1827 2564 153 48 confirma

1113 2605 110 43 tur,
1182 2605 110 43 quia
1250 2605 151 43 actiuum
1360 2605 68 43 &
1387 2605 164 43 passiuum
1510 2605 151 43 fundant
1620 2605 192 43 relationes
1770 2605 192 43 appositas,
1907 2605 55 43 qu

1113 2638 89 48 in
1158 2638 193 48 creaturis
1306 2638 104 48 non
1365 2638 163 48 possunt
1484 2638 163 48 fundari
1602 2638 133 48 super
1691 2638 133 48 eodem
1765 2638 208 48 indiuisibili

1119 2674 201 54 undamento.
1276 2674 143 54 Tertio
1377 2674 115 54 sic,
1448 2674 129 54 Sicut
1534 2674 86 54 se
1578 2674 129 54 habet
1664 2674 186 54 intelligi
1807 2674 86 54 ad
1836 2674 143 54 obiectum

1128 2714 81 57 ic
1168 2714 81 57 se
1208 2714 121 57 habet
1289 2714 201 57 intelligere
1450 2714 81 57 ad
1490 2714 201 57 intellectu,
1651 2714 94 57 sed
1705 2714 134 57 quauis
1799 2714 161 57 obiectum
1906 2714 67 57 di-

1117 2762 130 47 catur
1203 2762 188 47 intelligi
1347 2762 115 47 voce
1419 2762 173 47 passiua,
1549 2762 130 47 tamen
1636 2762 173 47 respectu
1751 2762 231 47 intellectionis

1120 2804 97 52 non
1175 2804 83 52 se
1217 2804 124 52 habet
1299 2804 165 52 passiue,
1424 2804 97 52 sed
1479 2804 124 52 solum
1561 2804 152 52 actiue.
1672 2804 110 52 ergo
1741 2804 152 52 quamuis
1837 2804 138 52 intelle-

1114 2838 115 50 ctus
1185 2838 158 50 dicatur
1300 2838 216 50 intelligere
1473 2838 115 50 voce
1545 2838 158 50 actiua,
1660 2838 129 50 tamen
1746 2838 144 50 respum
1832 2838 144 50 intelle-

1124 2872 132 52 tionis
1216 2872 93 52 non
1269 2872 79 52 se
1309 2872 119 52 habet
1388 2872 145 52 actiue,
1494 2872 93 52 sed
1547 2872 119 52 solum
1626 2872 159 52 passiue.
1745 2872 132 52 Quarto
1838 2872 93 52 sic
1877 2872 93 52 Intel

1111 2916 139 50 lectus
1208 2916 97 50 non
1264 2916 153 50 dicitur
1375 2916 222 50 intelligens,
1556 2916 83 50 eo
1598 2916 111 50 quod
1667 2916 139 50 causet
1751 2916 222 50 intellectionem

1120 2956 83 44 ed
1162 2956 125 44 solum
1245 2956 97 44 pro
1301 2956 139 44 tanto,
1398 2956 111 44 quia
1468 2956 153 44 recipit
1579 2956 264 44 intellectionem:
1801 2956 111 44 ergo
1857 2956 111 44 respe-

1113 2991 101 60 ctu
1170 2991 274 60 intellectionis,
1401 2991 101 60 non
1459 2991 130 60 habet
1546 2991 87 60 se
1589 2991 159 60 actiue,
1705 2991 101 60 sed
1762 2991 130 60 solum
1835 2991 144 60 passiue-

1106 3036 257 53 consequentia
1315 3036 161 53 patet,
1427 3036 128 53 quia
1507 3036 241 53 vnumquodque
1700 3036 96 53 se
1748 3036 145 53 habet
1828 3036 145 53 passiue

1112 3075 176 41 respectu
1245 3075 162 41 illius,
1362 3075 176 41 respectu
1495 3075 132 41 cuius
1583 3075 88 41 se
1627 3075 132 41 habet
1701 3075 176 41 receptiue:

1160 3110 211 56 Antecedens
1325 3110 195 56 probatur:
1476 3110 120 56 quia
1551 3110 90 56 si
1596 3110 90 56 ex
1641 3110 105 56 hoc
1701 3110 165 56 aliquod
1822 3110 135 56 esset
1897 3110 75 56 in-

1110 3151 206 59 telligens:
1272 3151 118 59 quia
1346 3151 103 59 est
1405 3151 133 59 causa
1494 3151 280 59 intellectionis,
1729 3151 118 59 tunc
1788 3151 192 59 intellectus
