2427 3580
382 287 206 76 turalium,
540 287 127 76 quas
619 287 174 76 habuit,
746 287 158 76 quando
857 287 127 76 erat
936 287 221 76 coniuncta:
1110 287 127 76 ergo
1173 287 79 76 non

375 349 195 50 quaelibet
525 349 135 50 anima
616 349 180 50 separata
751 349 135 50 habet
841 349 165 50 species
961 349 120 50 sibi
1037 349 210 50 impressas:
1187 349 60 50 im

380 395 167 47 mediate
501 395 91 47 ab
547 395 152 47 idaeis
654 395 183 47 diuinis.
791 395 213 47 Antecedens
958 395 198 47 probatur,
1110 395 122 47 quia
1171 395 76 47 se-

380 433 164 51 cundum
494 433 180 51 Doetium
625 433 82 51 i
658 433 98 51 de
707 433 278 51 consolatione,
936 433 196 51 receptum
1083 433 115 51 est
1149 433 98 51 in
1182 433 65 51 re

371 471 193 52 cipiente
516 471 113 52 per
580 471 145 52 modum
677 471 258 52 recipientis,
886 471 113 52 sed
950 471 241 52 intellectus
1127 471 113 52 anima

382 512 199 48 coniunctae
538 512 157 48 recipit
652 512 157 48 species
766 512 270 48 intelligibiles,
994 512 85 48 vt
1037 512 128 48 patet
1122 512 71 48 3
1150 512 85 48 de
1179 512 71 48 ani

372 550 110 54 ma,
435 550 110 54 vbi
498 550 188 54 dicitur,
639 550 125 54 quod
717 550 141 54 anima
812 550 110 54 est
874 550 141 54 locus
968 550 204 54 specierum
1125 550 110 54 non
1172 550 63 54 to

379 590 96 50 ta,
434 590 96 50 sed
489 590 219 50 intellectus,
667 590 68 50 &
694 590 109 50 iste
762 590 205 50 intellectus
926 590 96 50 est
981 590 274 50 incorruptibilis,
1200 590 41 50 u

373 629 142 57 patet
468 629 174 57 ibidem,
594 629 126 57 ergo
673 629 205 57 huiusmodi
831 629 174 57 species
957 629 126 57 sunt
1036 629 95 57 in
1068 629 189 57 intellectu

372 672 136 46 modo
457 672 305 46 incorruptibili
711 672 85 46 &
745 672 119 46 per
813 672 237 46 consequens
999 672 169 46 manent
1117 672 102 46 in
1151 672 102 46 ani-

368 710 93 46 ma
415 710 202 46 separata.
570 710 140 46 lstud
664 710 140 46 etiam
757 710 140 46 patet
850 710 233 46 auctoritate
1037 710 155 46 Hier7.
1145 710 93 46 in
1176 710 78 46 pro

375 751 113 51 logo
446 751 170 51 bibliae,
573 751 99 51 vbi
630 751 113 51 ait.
701 751 170 51 Discamus
829 751 85 51 in
871 751 156 51 terris,
985 751 142 51 quorum
1084 751 128 51 cobis
1155 751 85 51 scie

365 787 110 52 tia
428 787 205 52 remanebit
586 787 95 52 in
634 787 174 52 coelis,
760 787 142 52 Patet
854 787 142 52 etiam
949 787 268 52 consemnentia,
1154 787 95 52 quia

372 828 98 43 si
421 828 147 43 datur
519 828 229 43 oppositum,
699 828 131 43 tunc
781 828 147 43 plura
879 828 229 43 accidenti;
1059 828 131 43 solo
1125 828 131 43 numero

376 868 228 49 differentia
559 868 152 49 essent
665 868 137 49 simul
757 868 91 49 in
802 868 137 49 eodem
894 868 244 49 iadiuisibili
1076 868 168 49 subiecto,

374 911 125 53 puta
453 911 172 53 species
578 911 172 53 lapidis
703 911 110 53 hic
766 911 219 53 acquisita,
938 911 78 53 &
969 911 172 53 species
1079 911 156 53 lapidis:

369 948 134 46 idaea
459 948 164 46 lapidis
578 948 194 46 impressa,
727 948 75 46 &
757 948 105 46 sic
817 948 239 46 consimiliter
1011 948 90 46 de
1056 948 179 46 specieb.
1175 948 75 46 Ta-

368 987 187 54 liarum
480 987 131 54 rerum

378 1014 90 53 3
414 1014 253 53 Praeterea,
613 1014 180 53 contra
739 1014 217 53 secundum
901 1014 162 53 modum
1009 1014 108 53 de
1046 1014 198 53 receptio-

366 1069 97 50 ne
414 1069 209 50 specierum
575 1069 97 50 ab
623 1069 145 50 ipsis
720 1069 145 50 rebus
817 1069 241 50 naturalibus
1010 1069 161 50 opinio
1106 1069 129 50 opposi

367 1106 95 46 ta
415 1106 158 46 arguit
525 1106 126 46 sic.
604 1106 158 46 Semper
714 1106 142 46 inter
809 1106 221 46 recipiens,
983 1106 79 46 &
1014 1106 189 46 receptum
1141 1106 110 46 debet

377 1144 128 41 esse
457 1144 272 41 conuenientia:
681 1144 112 41 sed
745 1144 240 41 intellectus
936 1144 112 41 non
1000 1144 144 41 habet
1080 1144 176 41 conuenien

376 1185 123 55 tiam
452 1185 107 55 cum
514 1185 138 55 rebus
606 1185 138 55 extra
698 1185 261 55 existentibus:
913 1185 123 55 ergo
989 1185 138 55 nihil
1081 1185 169 55 recipit
1189 1185 61 55 im

374 1227 169 49 mediate
497 1227 77 49 a
528 1227 169 49 talibus
651 1227 154 49 rebus.
758 1227 139 49 Maior
851 1227 154 49 patet.
959 1227 139 49 Minor
1051 1227 231 49 declaratur,

372 1267 143 50 quia
461 1267 196 50 quamuis
604 1267 179 50 medium
729 1267 232 50 conueniat
908 1267 125 50 cum
979 1267 196 50 vtroque
1104 1267 143 50 extre-

371 1307 124 47 mo,
442 1307 159 47 tamen
548 1307 212 47 extremum
707 1307 124 47 non
778 1307 212 47 conuenit
937 1307 124 47 cum
1008 1307 212 47 extremo.
1150 1307 88 47 Ser

375 1341 164 48 sensus
490 1341 115 48 est
555 1341 148 48 quasi
654 1341 181 48 quoddam
785 1341 164 48 medium
900 1341 148 48 inter
999 1341 115 48 rem
1048 1341 197 48 sensibilem

365 1381 73 44 &
395 1381 233 44 intellectum.
584 1381 116 44 lsta
656 1381 146 44 patet,
758 1381 116 44 quia
831 1381 160 44 species
947 1381 87 44 in
991 1381 87 44 re
1035 1381 189 44 sensibili
1166 1381 87 44 sunt

379 1418 113 47 cum
443 1418 193 47 materia,
588 1418 80 47 &
620 1418 113 47 cum
684 1418 257 47 materialibus
893 1418 289 47 conditionibus.
1134 1418 96 47 In
1167 1418 80 47 in-

364 1461 195 42 tellectu
510 1461 130 42 vero
592 1461 130 42 sunt
673 1461 163 42 absque
787 1461 195 42 materia,
934 1461 81 42 &
966 1461 163 42 absque
1064 1461 179 42 condition

376 1502 105 41 bus
436 1502 194 41 materiae,
585 1502 119 41 puta
660 1502 119 41 sunt
734 1502 209 41 abstractae
899 1502 90 41 ab
943 1502 119 41 hic,
1018 1502 75 41 &
1048 1502 119 41 nunc
1123 1502 90 41 in
1152 1502 105 41 sensu

380 1538 124 53 vero
457 1538 124 53 sunt
534 1538 139 53 medio
627 1538 139 53 modo,
720 1538 124 53 quia
797 1538 155 53 sensus
906 1538 108 53 est
967 1538 217 53 receptiuus
1122 1538 124 53 specis

374 1583 109 39 rum
437 1583 124 39 sine
514 1583 186 39 materia,
654 1583 93 39 vt
701 1583 171 39 dicitur
825 1583 93 39 2.
871 1583 93 39 de
918 1583 155 39 anima,
1027 1583 78 39 &
1058 1583 140 39 tamen
1135 1583 109 39 reci-

369 1620 108 56 pit
430 1620 108 56 eas
492 1620 108 56 cum
554 1620 262 56 conditionibus
769 1620 262 56 materialibus:
985 1620 123 56 quia
1062 1620 170 56 sensus,
1170 1620 77 56 nec

375 1656 206 48 abstrahit
534 1656 95 48 ab
581 1656 127 48 hic,
660 1656 111 48 nec
724 1656 79 48 a
756 1656 127 48 nunc
835 1656 111 48 Per
898 1656 159 48 primum
1009 1656 174 48 istorum
1120 1656 127 48 sensus

365 1700 206 46 conuenit
519 1700 120 46 cum
588 1700 257 46 intellectu,
794 1700 120 46 per
862 1700 206 46 secundum
1017 1700 137 46 vero
1085 1700 172 46 conuenit

377 1741 99 39 cum
434 1741 113 39 ipsa
504 1741 85 39 re
547 1741 198 39 sensibili:
703 1741 113 39 ideo
774 1741 156 39 ratione
887 1741 142 39 istius
986 1741 241 39 conuenientiae
1170 1741 71 39 sei

369 1769 107 48 sus
430 1769 153 48 potest
537 1769 199 48 immediate
690 1769 168 48 speciem
812 1769 183 48 recipere
950 1769 76 48 a
980 1769 92 48 re
1026 1769 214 48 sensibili,
1179 1769 61 48 qu

369 1815 229 44 intellectus
552 1815 92 44 ab
598 1815 122 44 ipso
675 1815 153 44 sensu,
782 1815 168 44 quamuis
904 1815 229 44 intellectus
1088 1815 107 44 non
1134 1815 122 44 possit

368 1857 204 48 ammediate
525 1857 188 48 recipere
666 1857 94 48 ab
714 1857 157 48 ipsare
823 1857 220 48 sensibili:
996 1857 110 48 eo,
1059 1857 126 48 quod
1137 1857 94 48 de
1169 1857 78 48 ex.

368 1894 145 56 tremo
464 1894 96 56 ad
513 1894 193 56 extremum
657 1894 113 56 non
722 1894 161 56 possit
834 1894 129 56 esse
914 1894 193 56 trasitus
1059 1894 129 56 nisi
1139 1894 113 56 per
1188 1894 64 56 me

371 1940 132 48 dium
453 1940 115 48 Cum
519 1940 165 48 igitur
634 1940 148 48 anima
733 1940 198 48 separata
881 1940 165 48 careat
997 1940 214 48 sensibus,
1145 1940 99 48 sequ

369 1982 123 46 tur,
445 1982 123 46 quod
522 1982 123 46 eius
599 1982 230 46 intellectus
783 1982 138 46 nihil
875 1982 153 46 possit
982 1982 184 46 recipere
1120 1982 77 46 a
1136 1982 107 46 rebus

359 2013 210 48 sensibilibus

407 2042 114 58 Sed
472 2042 131 58 ista
554 2042 114 58 non
619 2042 245 58 concludunt.
815 2042 163 58 lgitur
930 2042 98 58 ad
979 2042 163 58 primum
1077 2042 163 58 dicendum

374 2092 128 56 quod
454 2092 144 56 anima
550 2092 224 56 dupliciter
726 2092 160 56 potest
838 2092 256 56 considerari.
1046 2092 112 56 Vno
1110 2092 128 56 modo
1174 2092 64 56 si

369 2143 153 40 cundum
476 2143 107 40 se;
537 2143 122 40 Alio
613 2143 122 40 modo
689 2143 92 40 vt
735 2143 107 40 est
796 2143 198 40 informata
948 2143 259 40 intelligibili
1147 2143 92 40 spe-

366 2176 108 43 cie
427 2176 139 43 Primo
520 2176 139 43 modo,
612 2176 139 43 minor
705 2176 108 43 est
766 2176 139 43 vera,
859 2176 123 43 quia
936 2176 123 43 sola
1013 2176 185 43 essentia
1136 2176 108 43 diui-

366 2217 89 49 na
411 2217 104 49 est
470 2217 163 49 similis
589 2217 163 49 omnibus
708 2217 148 49 rebus,
812 2217 89 49 eo
856 2217 104 49 que
915 2217 119 49 ipsa
990 2217 119 49 sola
1064 2217 104 49 sit
1108 2217 134 49 exeplai

367 2255 307 53 expressissimum
623 2255 170 53 omnium
742 2255 273 53 creaturarum.
963 2255 187 53 Propter
1100 2255 136 53 quod
1168 2255 68 53 si

376 2293 108 41 lus
437 2293 123 41 Deus
514 2293 108 41 per
576 2293 200 41 essentiam
730 2293 123 41 suam
807 2293 200 41 immediate
961 2293 139 41 nullo
1053 2293 123 41 alio
1115 2293 123 41 requi-

357 2335 137 47 sito
442 2335 222 47 cognoscit
613 2335 154 47 omnes
716 2335 222 47 creaturas
886 2335 120 47 Sed
955 2335 188 47 secundo
1091 2335 137 47 modo
1160 2335 85 47 mi-

369 2372 106 49 nor
430 2372 106 49 est
490 2372 137 49 falsa
582 2372 122 49 quia
657 2372 106 49 dum
718 2372 228 49 intellectus
901 2372 106 49 est
961 2372 213 49 informatus
1113 2372 137 49 specie-

368 2412 108 40 bus
429 2412 77 40 &
460 2412 293 40 similitudinibus
707 2412 139 40 rerum
800 2412 231 40 naturalium,
985 2412 123 40 tunc
1062 2412 108 40 est
1108 2412 139 40 similis

369 2451 137 44 rebus
460 2451 244 44 naturalibus,
658 2451 107 44 non
719 2451 198 44 obstante,
871 2451 122 44 quod
948 2451 228 44 intellectus
1130 2451 107 44 sit
1176 2451 61 44 im

370 2491 226 42 materialis,
550 2491 75 42 &
581 2491 105 42 res
641 2491 196 42 naturalis
791 2491 105 42 sit
851 2491 226 42 materialis.
1032 2491 120 42 ideo
1092 2491 60 42 &c

395 2526 112 52 Ad
451 2526 225 52 secundum
620 2526 150 52 nego
714 2526 262 52 antecedens
920 2526 131 52 Nam
995 2526 225 52 daemones
1144 2526 94 52 ha-

368 2564 138 46 bent
454 2564 173 46 omnium
575 2564 242 46 naturalium
765 2564 173 46 saltem
886 2564 207 46 notitiam
1025 2564 207 46 habitualem

365 2610 186 48 quamuis
500 2610 101 48 ab
551 2610 186 48 actuali
686 2610 304 48 consideratione
940 2610 101 48 qu
990 2610 169 48 ndoque
1092 2610 152 48 impedia

373 2649 109 41 tur
436 2649 172 41 ratione
561 2649 125 41 suae
639 2649 266 41 intensissimae
858 2649 141 41 poene
952 2649 94 41 Ad
999 2649 234 41 probationem
1170 2649 63 41 at

366 2688 170 42 ductam
485 2688 102 42 ex
536 2688 255 42 auctoritate
740 2688 153 42 Augu.
843 2688 221 42 dicendum,
1013 2688 136 42 quod
1081 2688 153 42 secundi

369 2725 90 56 P.
414 2725 120 56 Aug.
489 2725 180 56 daemones
625 2725 105 56 res
685 2725 210 56 exteriores
850 2725 226 56 tripliciter
1031 2725 210 56 cognoscere
1181 2725 60 56 so

362 2763 140 57 sent,
456 2763 186 57 secundum
595 2763 124 57 quod
673 2763 140 57 istae
766 2763 124 57 tres
843 2763 233 57 tripliciter
1029 2763 93 57 se
1076 2763 155 57 habent
1169 2763 62 57 Ne

371 2807 157 58 quaedam
485 2807 114 58 sunt
556 2807 157 58 secreta
671 2807 100 58 Dei
728 2807 186 58 mysteria,
871 2807 129 58 sicut
957 2807 129 58 illa,
1042 2807 114 58 quae
1099 2807 129 58 spectam

368 2846 97 46 ad
416 2846 209 46 Christum,
577 2846 81 46 &
610 2846 226 46 ecclesiam,
787 2846 81 46 &
819 2846 129 46 ista
900 2846 209 46 quandoque
1045 2846 193 46 cognoscunt

365 2885 223 46 daemones
532 2885 130 46 per
607 2885 204 46 bonorum
755 2885 241 46 angelorum
922 2885 315 46 denuntiationem,

360 2922 150 49 quibus
465 2922 135 49 talia
555 2922 120 49 Deus
631 2922 195 49 reuclauit
781 2922 180 49 vlterius
916 2922 210 49 reuelanda.
1082 2922 120 49 Alia
1142 2922 90 49 Sunt

353 2968 142 47 entia
448 2968 236 47 naturaliter
637 2968 205 47 scibilia,
795 2968 79 47 &
826 2968 126 47 haec
905 2968 189 47 secundum
1047 2968 126 47 Aug.
1110 2968 126 47 daemo-

364 3001 109 47 nes
427 3001 218 47 cognoscunt
598 3001 172 47 acumine
723 3001 109 47 sui
786 3001 203 47 naturalis
942 3001 187 47 ingenii.
1082 3001 156 47 Aliqua
1176 3001 62 47 Ve

362 3040 97 55 ro
410 3040 130 55 sunt
491 3040 162 55 futura
605 3040 275 55 contingentia,
831 3040 81 55 &
864 3040 178 55 quantum
993 3040 97 55 ad
1042 3040 130 55 haec
1106 3040 130 55 quado-

363 3083 111 48 que
427 3083 190 48 daemones
569 3083 238 48 aliqualiter
759 3083 222 48 proficiunt
933 3083 143 48 longi
1028 3083 190 48 temporis
1155 3083 79 48 ex-

361 3125 209 44 perientia,
525 3125 268 44 coniecturando,
749 3125 164 44 similia
868 3125 89 44 ex
913 3125 209 44 similibus.
1077 3125 89 44 Et
1122 3125 89 44 ad
1151 3125 75 44 hus

359 3166 154 59 sensum
467 3166 139 59 etiam
559 3166 185 59 videntur
698 3166 108 59 ire
760 3166 139 59 verba
853 3166 139 59 lsid,
946 3166 124 59 quia
1023 3166 108 59 non
1085 3166 139 59 dicit
1162 3166 77 59 sim

1282 291 159 73 pliciter
1401 291 186 73 scientiae,
1547 291 93 73 sed
1587 291 212 73 praescientiae.

1312 349 103 41 Ad
1363 349 190 41 tertium
1501 349 224 41 dicendum,
1674 349 138 41 quod
1760 349 241 41 antecedens
1949 349 121 41 non
2018 349 121 41 esi
2070 349 86 41 ve-

1284 387 130 50 rum,
1365 387 228 50 supposito,
1545 387 130 50 quod
1626 387 147 50 anima
1724 387 196 50 separata
1871 387 114 50 non
1936 387 228 50 impediatur
2099 387 49 50 p

1273 426 209 42 accidens,
1434 426 129 42 puta
1515 426 177 42 propter
1643 426 129 42 eius
1724 426 177 42 poenam,
1853 426 113 42 vel
1917 426 177 42 propter
2030 426 129 42 nimiam

1273 465 261 48 indiuiduorum
1485 465 228 48 distantiam
1664 465 98 48 ab
1713 465 131 48 ipsa
1795 465 163 48 anima:
1909 465 114 48 vel
1974 465 147 48 etiam
2056 465 98 48 quan

1289 506 93 44 do
1335 506 124 44 actu
1412 506 217 44 considerat
1583 506 93 44 de
1629 506 124 44 vno,
1707 506 124 44 tunc
1784 506 108 44 per
1846 506 186 44 accidens
1986 506 155 44 potest
2079 506 77 44 im-

1289 540 176 58 pediri,
1417 540 96 58 ne
1465 540 224 58 consideret
1641 540 96 58 de
1689 540 176 58 altero.
1818 540 96 58 Ad
1866 540 240 58 probationem
2042 540 112 58 dicen

1270 597 127 35 dum,
1349 597 127 35 quod
1429 597 174 35 quamuis
1555 597 206 35 indiuidua
1714 597 127 35 sint
1793 597 190 35 potentia
1935 597 206 35 infinita,
2078 597 79 35 ta-

1273 628 116 47 men
1340 628 133 47 actu
1423 628 183 47 numquam
1556 628 149 47 erunt
1655 628 216 47 infinita:
1821 628 133 47 ideo
1904 628 183 47 possunt
2020 628 133 47 cogno-

1273 663 102 53 sci
1332 663 73 53 a
1361 663 146 53 finito
1463 663 219 53 intellectu,
1639 663 131 53 etiam
1726 663 131 53 Plato
1814 663 131 53 iubet
1902 663 190 53 quiescere
2048 663 88 53 in
2077 663 73 53 spo

1287 706 92 46 ci
1333 706 214 46 alissimis,
1500 706 107 46 non
1562 706 107 46 pro
1623 706 153 46 tanto,
1730 706 122 46 quod
1806 706 229 46 intellectus
1989 706 107 46 non
2035 706 122 46 possit

1272 751 221 40 cognoscere
1446 751 221 40 indiuidua,
1619 751 110 40 sed
1683 751 110 40 pro
1746 751 158 40 tanto,
1856 751 126 40 quia
1935 751 95 40 de
1967 751 189 40 indiuiduis

1278 788 103 53 no:
1337 788 147 53 potest
1440 788 118 53 esse
1514 788 191 53 scientia:
1661 788 103 53 eo,
1720 788 118 53 quod
1794 788 118 53 sint
1867 788 295 53 incorruptibilia,
2118 788 74 53 &

1253 826 165 54 iacerta

1313 854 93 60 Ad
1359 854 170 60 quartum
1483 854 139 60 patet
1576 854 108 60 per
1638 854 108 60 ea,
1700 854 124 60 quae
1777 854 139 60 dicta
1870 854 124 60 sunt
1947 854 108 60 di.
1994 854 77 60 45.

1325 903 104 53 Ad
1377 903 191 53 quintum
1515 903 225 53 dicendum,
1688 903 139 53 quod
1775 903 208 53 concessa
1931 903 191 53 maiori,
2069 903 87 53 &
2087 903 69 53 mi

1288 937 128 54 nori,
1373 937 100 54 non
1430 937 114 54 plus
1501 937 157 54 habetur
1615 937 128 54 nisi,
1701 937 114 54 quod
1772 937 185 54 actiuatio
1914 937 228 54 intellectus,
2085 937 71 54 qua

1281 984 185 42 actiuatur
1423 984 100 42 per
1480 984 157 42 species
1594 984 171 42 influxas
1722 984 85 42 ab
1765 984 142 42 idaeis
1864 984 171 42 diuinis,
1992 984 100 42 non
2049 984 100 42 sit
2092 984 57 42 ni

1280 1023 180 44 turalis,
1415 1023 105 44 sed
1475 1023 150 44 possit
1580 1023 120 44 dici
1655 1023 285 44 supernaturalis.
1895 1023 90 44 Ex
1940 1023 105 44 hoc
2000 1023 135 44 tamen
2075 1023 75 44 non

1281 1063 180 43 sequitur
1416 1063 210 43 conclusio,
1581 1063 120 43 quae
1656 1063 180 43 infertur
1792 1063 195 43 scilicet,
1942 1063 120 43 quod
2002 1063 150 43 cognitio

1289 1104 190 44 secundum
1432 1104 143 44 tales
1527 1104 174 44 species
1654 1104 317 44 supernaturaliter
1923 1104 206 44 impressas
2082 1104 111 44 non

1286 1145 102 43 sit
1345 1145 205 43 naturalis.
1506 1145 102 43 Nam
1564 1145 131 43 sicut
1652 1145 88 43 si
1695 1145 161 43 aliquis
1812 1145 131 43 cecus
1900 1145 73 43 a
1929 1145 102 43 Deo
1988 1145 175 43 recipiat
2105 1145 58 43 vi

1286 1184 129 50 sum,
1366 1184 177 50 quamuis
1495 1184 129 50 tale
1576 1184 145 50 donum
1673 1184 113 50 sit
1737 1184 290 50 supernaturale,
1979 1184 145 50 tamen
2059 1184 97 50 poss

1286 1223 125 54 quam
1364 1223 171 54 recepit
1489 1223 156 54 visum,
1598 1223 125 54 tunc
1676 1223 109 54 non
1738 1223 93 54 mi
1785 1223 109 54 nus
1847 1223 234 54 naturaliter
2034 1223 156 54 videt,

1290 1271 116 45 quam
1363 1271 131 45 ille,
1450 1271 102 45 qui
1508 1271 131 45 natus
1596 1271 102 45 est
1654 1271 160 45 videns.
1770 1271 102 45 Sic
1828 1271 131 45 dato,
1915 1271 116 45 quod
1988 1271 160 45 infusio
2089 1271 73 45 spe

1283 1299 158 52 cierum
1394 1299 95 52 ab
1441 1299 142 52 ideis
1536 1299 174 52 dicatur
1663 1299 300 52 supernaturalis,
1916 1299 142 52 tamen
1995 1299 158 52 cognitio

1286 1345 180 45 secundum
1421 1345 135 45 illas
1511 1345 180 45 species,
1646 1345 120 45 quae
1721 1345 255 45 repraesentant
1931 1345 105 45 res
1976 1345 180 45 naturales;

1286 1384 107 43 non
1347 1384 138 43 minus
1439 1384 107 43 est
1500 1384 230 43 intellectui
1684 1384 215 43 naturalis,
1853 1384 123 43 quam
1930 1384 92 43 si
1961 1384 199 43 intellectus

1283 1421 235 50 cognosceret
1471 1421 110 50 per
1534 1421 172 50 species
1660 1421 220 50 abstractas
1832 1421 78 50 a
1863 1421 110 50 reb
1910 1421 220 50 naturalibus.

1326 1462 110 45 Ad
1381 1462 201 45 sextum,
1527 1462 146 45 nego
1618 1462 329 45 consequentiam.
1892 1462 110 45 Ad
1929 1462 237 45 probationem

1280 1500 198 47 dicendum,
1432 1500 122 47 quod
1508 1500 213 47 substantia
1675 1500 289 47 intellectualis,
1919 1500 122 47 quae
1995 1500 167 47 dicitur
2101 1500 61 47 pu

1282 1546 94 44 ra
1329 1546 188 44 potentia
1470 1546 94 44 in
1517 1546 157 44 genere
1627 1546 297 44 intelligibilium
1877 1546 157 44 potest
1971 1546 188 44 dupliciter

1285 1585 253 40 considerari,
1491 1585 111 40 vno
1554 1585 142 40 modo,
1649 1585 95 40 vt
1696 1585 111 40 est
1760 1585 221 40 actualiter
1934 1585 206 40 coniuncta
2076 1585 95 40 cor-

1298 1619 122 49 pori
1374 1619 107 49 pro
1435 1619 137 49 statu
1527 1619 214 49 praesentis
1695 1619 153 49 vitae,
1802 1619 76 49 &
1832 1619 107 49 sic
1893 1619 137 49 habet
1985 1619 137 49 alium
2061 1619 107 49 modum

1285 1661 204 52 recipiendi
1446 1661 160 52 species
1562 1661 204 52 intelligib
1722 1661 116 52 iles
1795 1661 116 52 quam
1868 1661 262 52 intelligentia:
2072 1661 87 52 quia

1284 1701 96 45 vt
1332 1701 128 45 sic,
1412 1701 128 45 suas
1492 1701 176 45 species
1621 1701 208 45 abstrahit
1781 1701 80 45 a
1813 1701 241 45 phantasmate
2006 1701 144 45 tamen
2086 1701 80 45 put

1283 1741 104 47 est
1342 1741 178 47 separata
1476 1741 74 47 a
1506 1741 178 47 corpore,
1639 1741 133 47 quia,
1728 1741 89 47 vt
1772 1741 104 47 sic
1832 1741 148 47 aliquo
1936 1741 119 47 modo
2010 1741 133 47 habet
2084 1741 74 47 mo-

1277 1779 110 47 dum
1340 1779 173 47 essendi
1466 1779 300 47 intelligentiae:
1719 1779 126 47 ideo
1797 1779 189 47 congruum
1939 1779 126 47 esse
2002 1779 158 47 videtur,

1281 1818 101 58 vt
1332 1818 151 58 etiam
1433 1818 168 58 aliquo
1550 1818 135 58 modo
1634 1818 168 58 habeat
1752 1818 151 58 modum
1853 1818 236 58 recipiendi
2021 1818 135 58 ipsius

1269 1860 233 50 intelligentiae

1310 1898 113 47 Ad
1367 1898 226 47 septimum
1537 1898 151 47 nego
1631 1898 340 47 consequentiam.
1914 1898 113 47 Ad
1952 1898 208 47 probatio-

1283 1938 135 43 nem,
1367 1938 168 43 iterum
1485 1938 135 43 nego
1569 1938 303 43 consequentiam,
1822 1938 135 43 quia
1906 1938 151 43 nulla
2007 1938 151 43 anima
2091 1938 67 43 ab

1277 1978 109 50 hac
1340 1978 124 50 vita
1417 1978 109 50 ita
1479 1978 186 50 pertecta
1619 1978 186 50 decedit,
1759 1978 124 50 quod
1836 1978 155 50 habeat
1945 1978 93 50 in
1991 1978 93 50 se
2022 1978 140 50 species

1280 2020 165 45 omnium
1395 2020 247 45 naturalium.
1592 2020 165 45 Multae
1708 2020 132 45 enim
1790 2020 132 45 sunt
1872 2020 230 45 mirabiles,
2053 2020 82 45 &
2070 2020 82 45 stu

1291 2058 144 40 pendae
1392 2058 188 40 creaturae
1536 2058 87 40 in
1579 2058 130 40 mari,
1666 2058 72 40 &
1694 2058 87 40 in
1738 2058 173 40 abyssis,
1868 2058 87 40 ac
1911 2058 87 40 in
1954 2058 188 40 regionibs
2084 2058 72 40 de-

1277 2099 173 48 sertis,
1403 2099 126 48 quas
1481 2099 141 48 raro,
1575 2099 110 48 vel
1638 2099 173 48 numquam
1764 2099 141 48 vidit
1858 2099 173 48 aliquis
1983 2099 141 48 homo,
2062 2099 94 48 qua-

1271 2138 113 49 rum
1335 2138 177 49 species
1464 2138 161 49 potest
1577 2138 193 49 recipere
1722 2138 161 49 anima,
1835 2138 193 49 postquam
1980 2138 97 49 ab
2028 2138 113 49 hac
2076 2138 81 49 vi-

1280 2181 90 40 ta
1325 2181 194 40 decessit,
1474 2181 134 40 dato,
1564 2181 119 40 quod
1638 2181 119 40 tunc
1713 2181 105 40 non
1773 2181 179 40 recipiat
1907 2181 90 40 de
1952 2181 119 40 nouo
2012 2181 134 40 illarum

1269 2214 140 47 rerum
1363 2214 187 47 species,
1503 2214 124 47 quas
1581 2214 93 47 in
1627 2214 109 47 hac
1690 2214 124 47 vita
1752 2214 171 47 cognouit.

1317 2257 104 52 Ad
1369 2257 191 52 octauum
1507 2257 225 52 dicendum,
1680 2257 139 52 quod
1767 2257 225 52 concessis
1940 2257 191 52 ambabus
2061 2257 87 52 pre

1283 2300 166 53 missis,
1403 2300 105 53 non
1464 2300 120 53 plus
1539 2300 166 53 habetur
1659 2300 90 53 si
1704 2300 151 53 debite
1810 2300 241 53 concluditur,
2005 2300 120 53 nisi
2066 2300 90 53 quod

1265 2333 226 48 intellectus
1445 2333 105 48 non
1506 2333 180 48 recipiat
1641 2333 195 48 immediate
1791 2333 135 48 ipsas
1881 2333 105 48 res
1942 2333 135 48 extra
2017 2333 135 48 existen

1284 2374 121 54 tes,
1359 2374 106 54 quo
1420 2374 181 54 concesso
1555 2374 106 54 non
1616 2374 181 54 sequitur
1752 2374 196 54 conclusio
1903 2374 106 54 qua
1963 2374 196 54 infertur,
2099 2374 60 54 si

1281 2419 124 48 quod
1358 2419 232 48 intellectus
1544 2419 139 48 nihil
1636 2419 186 48 recipiat
1776 2419 201 48 immediate
1930 2419 77 48 a
1961 2419 139 48 rebus
2039 2419 108 48 extra

1268 2458 272 44 existentibus.
1492 2458 96 44 Et
1540 2458 160 44 quando
1652 2458 176 44 additur
1779 2458 96 44 in
1827 2458 240 44 probatione,
2019 2458 128 44 quod
2083 2458 64 44 de

1270 2497 177 46 extremo
1399 2497 97 46 ad
1447 2497 194 46 extremum
1592 2497 113 46 non
1657 2497 113 46 fit
1722 2497 210 46 transitus
1883 2497 129 46 nisi
1963 2497 113 46 per
2012 2497 145 46 medium,

1276 2538 187 49 dicerent
1417 2538 141 49 forte
1511 2538 125 49 illi
1589 2538 94 49 de
1636 2538 187 49 opposita
1776 2538 187 49 opinione
1917 2538 125 49 quod
1995 2538 141 49 istud
2073 2538 78 49 non

1276 2578 113 47 est
1340 2578 145 47 verum
1437 2578 177 47 sublato
1566 2578 161 47 medio,
1679 2578 129 47 quod
1759 2578 129 47 fuit
1840 2578 145 47 inter
1937 2578 209 47 huiusmodi
2082 2578 64 47 ex

1271 2613 158 46 trema.
1382 2613 111 46 Sed
1445 2613 174 46 quamuis
1571 2613 95 46 in
1619 2613 111 46 hac
1682 2613 126 46 vita
1761 2613 158 46 sensus
1871 2613 158 46 mediet
1982 2613 142 46 inter
2061 2613 79 46 res

1271 2655 237 47 sensibiles,
1461 2655 79 47 &
1492 2655 237 47 intellectum
1682 2655 221 47 existentem
1856 2655 95 47 in
1903 2655 142 47 anima
1982 2655 158 47 coniucta

1266 2698 201 41 corpori,
1417 2698 151 41 tamen
1518 2698 101 41 in
1568 2698 134 41 hora
1652 2698 168 41 mortis
1770 2698 201 41 aufertur
1921 2698 151 41 istud
2005 2698 134 41 medium

1263 2736 165 46 quando
1379 2736 165 46 sensus
1495 2736 265 46 corrumpitur,
1710 2736 83 46 &
1743 2736 149 46 anima
1842 2736 83 46 a
1875 2736 182 46 corpore
1991 2736 149 46 separa-

1269 2784 120 41 tur.
1344 2784 90 41 Et
1389 2784 120 41 ideo
1463 2784 120 41 nisi
1538 2784 135 41 aliud
1628 2784 179 41 dicatur,
1762 2784 90 41 ex
1807 2784 105 41 his
1867 2784 164 41 motiuis
1987 2784 105 41 non
2031 2784 120 41 conuin

1269 2817 146 49 citur,
1372 2817 117 49 quin
1445 2817 219 49 intellectus
1620 2817 205 49 possibilis
1781 2817 190 49 separatus
1928 2817 88 49 in
1971 2817 161 49 virtute
2074 2817 73 49 in-

1304 2859 198 45 tellectus
1456 2859 167 45 agentis
1577 2859 122 45 sibi
1653 2859 198 45 coniuncti
1805 2859 152 45 possit
1912 2859 198 45 immediate
2048 2859 61 45 re

1371 2896 147 47 cipere
1474 2896 162 47 speciem
1592 2896 265 47 intelligibilem
1813 2896 74 47 a
1842 2896 88 47 re
1871 2896 177 47 sensibili-

1404 2934 135 58 Dico
1488 2934 152 58 autem
1589 2934 202 58 notanter
1741 2934 135 58 nisi
1825 2934 152 58 aliud
1909 2934 118 58 dica-

1464 2972 141 52 tur,
1552 2972 141 52 quia
1641 2972 159 52 utrum
1746 2972 141 52 ille
1817 2972 123 52 modus

1508 3008 171 60 ponendi
1633 3008 109 60 sit
1680 3008 218 60 rationabilis

1542 3049 119 58 vel
1610 3049 136 58 non,
1695 3049 102 58 ad
1730 3049 119 58 prae-

1583 3087 122 54 sens
1644 3087 168 54 discutere

1614 3129 107 50 non
1660 3129 107 50 inten

1637 3169 103 64 do.
