2081 3510
352 242 116 65 lsta
424 242 130 65 patet
511 242 101 65 per
569 242 232 65 sufficientem
757 242 217 65 diuisionem,
931 242 116 65 quia
1004 242 87 65 si
1047 242 130 65 detur
1120 242 101 65 quar-

353 294 116 52 tum
420 294 199 52 membrum.
569 294 166 52 s.quod
685 294 216 52 cognoscat
851 294 116 52 eas
918 294 116 52 per
984 294 216 52 essentiam
1133 294 100 52 diui

349 344 123 42 nam,
425 344 123 42 tunc
502 344 138 42 talis
594 344 184 42 cognitio
732 344 107 42 non
793 344 138 42 esset
885 344 215 42 naturalis,
1053 344 107 42 sed
1099 344 123 42 potius

350 383 202 48 beatifica,
508 383 72 48 &
537 383 202 48 supernatur
695 383 130 48 alis.

391 422 114 46 Sed
456 422 163 46 primum
570 422 131 46 dari
652 422 114 46 non
717 422 180 46 potest,
848 422 131 46 quia
929 422 147 46 solus
1027 422 131 46 Deus
1092 422 131 46 cogno-

349 455 116 50 scit
421 455 101 50 ea,
479 455 116 50 quae
551 455 116 50 sunt
623 455 130 50 extra
710 455 87 50 se
753 455 101 50 per
811 455 188 50 essentiam
956 455 130 50 suam:
1043 455 101 50 eo,
1100 455 116 50 quod
1158 455 58 50 si

347 497 94 46 la
394 497 157 46 diuina
504 497 188 46 essentia
645 497 110 46 sit
708 497 204 46 foecundum
865 497 188 46 exemplar
1006 497 141 46 omnia
1100 497 94 46 in
1132 497 94 46 sei-

353 532 112 59 pso
417 532 272 59 expressissime
641 532 272 59 representans.
864 532 112 59 Nec
928 532 192 59 secundum
1072 532 128 59 quia
1136 532 80 59 li-

348 576 102 51 cet
407 576 102 51 res
465 576 161 51 cognita
582 576 88 51 in
626 576 102 51 suo
684 576 117 51 esse
757 576 131 51 reali
845 576 102 51 non
904 576 102 51 sit
962 576 146 51 semper
1064 576 161 51 presens
1167 576 58 51 in

350 613 197 48 tellectui
501 613 243 48 cognoscenti:
699 613 136 48 tamen
790 613 152 48 illud,
896 613 121 48 quod
971 613 106 48 est
1032 613 136 48 ratio
1108 613 106 48 cogno

351 651 162 50 scendi,
469 651 103 50 seu
528 651 103 50 per
587 651 118 50 quod
660 651 118 50 ipsa
734 651 103 50 res
793 651 235 50 cognoscitur,
984 651 162 50 oportet
1101 651 118 50 esse
1160 651 59 50 in

339 696 188 51 intellectu.

390 732 102 55 Sed
449 732 117 55 sola
522 732 175 55 essentia
653 732 161 55 diuina,
770 732 73 55 &
799 732 131 55 nulla
887 732 117 55 alia
960 732 205 55 substantia
1106 732 117 55 separa

350 768 85 51 ta
392 768 142 51 potest
492 768 113 51 esse
562 768 99 51 per
619 768 85 51 se
662 768 128 51 ipsam
747 768 170 51 praesens
874 768 85 51 in
916 768 198 51 intellectu
1072 768 142 51 animae
1157 768 57 51 ra

355 811 188 49 tionalis:
499 811 116 49 quia
572 811 130 49 nulla
659 811 145 49 creata
760 811 203 49 substantia
920 811 145 49 potest
1021 811 145 49 illabi
1108 811 116 49 animae

342 849 212 45 rationali,
508 849 106 45 sed
569 849 136 45 solus
660 849 136 45 Deus,
751 849 106 45 qui
811 849 167 45 creauit
932 849 121 45 eam,
1008 849 91 45 vt
1053 849 106 45 ait
1099 849 121 45 beatus

345 891 132 50 Aug.
427 891 132 50 ergo
509 891 148 50 anima
608 891 230 50 rationalis
789 891 164 50 nullam
904 891 247 50 substantiam
1084 891 132 50 potess

353 932 227 47 cognoscere
531 932 113 47 per
596 932 211 47 essentiam
758 932 211 47 huiusmodi
903 932 211 47 substantiae

394 971 106 48 Nec
455 971 152 48 potest
561 971 122 48 dari
637 971 182 48 tertium,
774 971 122 48 quia
849 971 167 48 quamuis
971 971 106 48 pro
1032 971 137 48 statu
1108 971 106 48 prae-

352 1009 144 46 sentis
452 1009 129 46 vitae
538 1009 129 46 anima
625 1009 201 46 rationalis
783 1009 144 46 possit
883 1009 259 46 intelligibiles
1085 1009 129 46 species

346 1057 217 39 abstrahere
517 1057 78 39 a
548 1057 140 39 rebus
641 1057 264 39 materialibus,
859 1057 140 39 tamen
952 1057 109 39 nec
1014 1057 93 39 in
1061 1057 140 39 vita,
1138 1057 78 39 nec

351 1091 89 48 in
396 1091 118 48 alia
470 1091 118 48 vita
544 1091 148 48 potest
647 1091 192 48 huiusmodi
795 1091 163 48 species
914 1091 207 48 abstrahere
1077 1091 74 48 a
1092 1091 118 48 substi

359 1127 126 52 tiis
438 1127 220 52 separatis:
611 1127 110 52 nam
673 1127 110 52 cum
736 1127 188 52 secundum
878 1127 126 52 suum
956 1127 126 52 esse
1035 1127 141 52 reale
1113 1127 110 52 tales

343 1165 224 54 substantiae
522 1165 119 54 sint
597 1165 224 54 abstractae;
776 1165 119 54 ideo
851 1165 179 54 vlterius
985 1165 105 54 non
1045 1165 164 54 possunt
1149 1165 60 54 ab

346 1212 157 49 strahi
456 1212 189 49 secundum
598 1212 126 49 suum
677 1212 126 49 esse
740 1212 236 49 intelligibile

360 1243 80 44 2
392 1243 225 44 Praeterea,
569 1243 96 44 si
617 1243 145 44 anima
713 1243 193 44 separata
858 1243 241 44 cognosceret
1034 1243 193 44 intelligen

345 1284 131 50 tias:
433 1284 102 50 aut
491 1284 219 50 cognosceret
667 1284 102 50 eas
725 1284 205 50 cognitione
886 1284 205 50 sensitiua;
1047 1284 102 50 aut
1091 1284 131 50 intelle

353 1328 161 39 ctiua.
466 1328 113 39 Non
530 1328 145 39 primo
627 1328 145 39 modo,
723 1328 129 39 quia
804 1328 242 39 substantiae
997 1328 209 39 separatae
1142 1328 81 39 non

346 1365 210 51 sensibiles,
514 1365 98 51 pro
570 1365 126 51 tanto
654 1365 98 51 nim
710 1365 168 51 dicuntur
835 1365 210 51 substantiae
1003 1365 196 51 separatae,
1143 1365 70 51 qui

356 1403 128 41 sunt
436 1403 80 41 a
468 1403 176 41 materia
596 1403 208 41 sensibili
756 1403 272 41 sequestratae.
980 1403 112 41 Nec
1044 1403 176 41 secundo
1156 1403 64 41 mo

345 1445 108 45 do,
406 1445 123 45 quia
483 1445 185 45 cognitio
622 1445 247 45 intellectiua
822 1445 200 45 abstrahit
976 1445 77 45 a
1007 1445 216 45 singularib
1161 1445 62 45 na

351 1482 226 46 intellectus
532 1482 106 46 est
592 1482 256 46 vniuersalium,
804 1482 151 46 sensus
909 1482 121 46 vero
985 1482 241 46 singularium,
1166 1482 60 46 vt

349 1524 146 51 patet
446 1524 81 51 t
479 1524 243 51 posteriorum
673 1524 81 51 &
706 1524 97 51 i.
755 1524 227 51 Physicorum
933 1524 114 51 Sed
998 1524 211 51 quaelibet
1144 1524 65 51 in

353 1566 211 44 telligentia
522 1566 84 44 de
564 1566 84 44 se
606 1566 99 44 est
663 1566 127 44 haec,
747 1566 70 44 &
761 1566 169 44 singularis

361 1599 77 49 3
391 1599 216 49 Praeterea,
561 1599 92 49 si
607 1599 139 49 anima
700 1599 185 49 separata
838 1599 231 49 cognosceret
1008 1599 200 49 substantias

352 1637 117 56 quas
425 1637 117 56 voca
499 1637 102 56 mus
557 1637 175 56 angelos,
689 1637 102 56 vel
747 1637 278 56 intelligentias,
981 1637 102 56 vel
1040 1637 132 56 talis
1113 1637 102 56 cogni

346 1684 98 41 tio
402 1684 126 41 esset
486 1684 70 41 a
514 1684 154 41 priori,
626 1684 98 41 vel
682 1684 70 41 a
710 1684 210 41 posteriori.
878 1684 112 41 lsta
948 1684 182 41 probatur,
1088 1684 112 41 quia
1144 1684 70 41 om-

348 1720 107 40 nis
409 1720 198 40 cognitio,
561 1720 107 40 vel
622 1720 183 40 procedit
759 1720 91 40 ex
804 1720 213 40 notioribus
972 1720 137 40 nobis
1063 1720 91 40 ad
1093 1720 122 40 notio-

337 1759 88 46 ra
381 1759 175 46 naturae,
513 1759 73 46 &
542 1759 117 46 tunc
615 1759 102 46 est
673 1759 73 46 a
702 1759 219 46 posteriori;
877 1759 102 46 vel
936 1759 88 46 ex
980 1759 204 46 notioribus
1125 1759 88 46 natu

352 1800 98 39 rae
408 1800 84 39 ad
450 1800 154 39 notiora
562 1800 140 39 nobis,
660 1800 70 39 &
688 1800 112 39 tunc
758 1800 98 39 est
815 1800 70 39 a
843 1800 154 39 priori.
955 1800 112 39 lsta
1025 1800 140 39 patent
1123 1800 84 39 1.
1151 1800 56 39 po

338 1838 225 41 steriorum,
515 1838 80 41 &
547 1838 209 41 similiter
708 1838 257 41 .physicorum.
917 1838 113 41 Sed
981 1838 113 41 non
1045 1838 161 41 potest
1142 1838 64 41 da

343 1878 98 45 ri
392 1878 180 45 primum.
522 1878 131 45 Quia
604 1878 147 45 nihil
702 1878 114 45 est
767 1878 147 45 magis
865 1878 147 45 notum
963 1878 131 45 quam
1045 1878 163 45 diuina
1143 1878 65 45 es

345 1916 150 47 sentia
450 1916 150 47 igitur
555 1916 90 47 si
601 1916 135 47 anima
691 1916 75 47 a
721 1916 150 47 priori
826 1916 226 47 cognosceret
1007 1916 150 47 agelos
1097 1916 105 47 cogni

347 1958 141 46 tione
441 1958 203 46 naturali,
598 1958 125 46 tunc
676 1958 188 46 naturali
817 1958 219 46 cognitione
989 1958 235 46 cognosceret
1161 1958 47 46 d

342 1994 136 51 uinam
433 1994 212 51 essentiam,
600 1994 91 51 in
645 1994 136 51 tuius
736 1994 212 51 cognitione
903 1994 197 51 consistit
1054 1994 121 51 vita
1115 1994 91 51 eter

338 2036 115 45 na,
403 2036 99 45 vt
453 2036 148 45 patet
551 2036 132 45 soan
634 2036 115 45 is.
699 2036 115 45 Hoc
765 2036 148 45 autem
864 2036 115 45 est
929 2036 164 45 contra
1028 2036 181 45 catholici

338 2075 218 47 veritatem,
510 2075 125 47 quia
587 2075 156 47 gratia
696 2075 109 47 Dei
759 2075 125 47 vita
836 2075 187 47 aeterna,
977 2075 140 47 sicut
1070 2075 109 47 ait
1117 2075 93 47 Apo

335 2110 108 51 stolu

380 2149 119 54 Nec
448 2149 220 54 secundum,
617 2149 136 54 quia
702 2149 153 54 talis
804 2149 153 54 modus
906 2149 254 54 cognoscendi
1092 2149 119 54 compe

338 2196 112 47 tit
402 2196 145 47 nobis
499 2196 209 47 secundum,
659 2196 128 47 quod
739 2196 241 47 mediantibus
932 2196 225 47 virtutibus
1093 2196 112 47 sensi

344 2236 155 43 tiuis,
453 2236 233 43 cognitionem
639 2236 233 43 acquirimus,
826 2236 109 43 sed
888 2236 140 43 anima
981 2236 186 43 separata
1105 2236 109 43 caret

348 2272 198 48 huiusmodi
500 2272 214 48 virtutibus
668 2272 229 48 sensitiuis:
851 2272 122 48 ergo
912 2272 61 48 &c

360 2313 81 46 4
392 2313 211 46 Preterea,
554 2313 146 46 sicut
651 2313 97 46 se
700 2313 146 46 habet
797 2313 194 46 voluntas
943 2313 97 46 ad
991 2313 146 46 bonum
1089 2313 113 46 sic
1137 2313 65 46 in

345 2347 196 55 tellectus
496 2347 90 55 ad
541 2347 151 55 verum.
646 2347 105 55 Sed
707 2347 166 55 aliquae
827 2347 151 55 animae
933 2347 196 55 separatae
1083 2347 105 55 ita
1129 2347 90 55 sunt

352 2390 217 49 obstinatae
522 2390 93 49 in
568 2390 139 49 malo,
661 2390 124 49 quod
738 2390 108 49 non
800 2390 170 49 possunt
924 2390 139 49 velle
1017 2390 155 49 bonum,
1110 2390 108 49 sicut

347 2429 174 46 apparet
473 2429 95 46 in
521 2429 205 46 damnatis:
679 2429 126 46 ergo
757 2429 158 46 eaedem
868 2429 158 46 animae
978 2429 110 46 non
1041 2429 174 46 possunt
1152 2429 63 46 in

345 2475 193 43 telligere
494 2475 223 43 substantias
672 2475 208 43 separatas,
836 2475 119 43 quae
910 2475 134 43 sicut
1000 2475 193 43 excellunt
1134 2475 74 43 cor

347 2511 170 44 porales
470 2511 232 44 substantias
655 2511 93 44 in
702 2511 201 44 entitate,
856 2511 108 44 sic
918 2511 139 44 etiam
1010 2511 201 44 excellunt
1149 2511 62 44 in

341 2544 156 51 Veritate,

433 2583 207 47 praeterea,
596 2583 133 47 sicut
684 2583 103 47 iam
743 2583 148 47 dictum
847 2583 103 47 est
906 2583 192 47 naturalis
1054 2583 148 47 animae
1142 2583 74 47 bea

349 2630 151 46 titudo
454 2630 196 46 consistit
605 2630 90 46 in
650 2630 211 46 cognitione
816 2630 256 46 substantiarum
1011 2630 196 46 separatarum

340 2664 109 46 Sed
403 2664 155 46 multae
511 2664 124 46 sunt
589 2664 155 46 animae
698 2664 217 46 separatae,
868 2664 124 46 quae
946 2664 155 46 carent
1055 2664 124 46 omni
1117 2664 93 46 beat

345 2707 168 53 tudine:
467 2707 122 53 ergo
543 2707 153 53 saltem
650 2707 137 53 tales
742 2707 153 53 animae
849 2707 107 53 non
910 2707 214 53 cognoscunt
1062 2707 153 53 substam.

360 2744 116 48 tias
419 2744 174 48 separatas.

429 2784 209 53 Praeterea,
593 2784 149 53 quanto
698 2784 134 53 anima
787 2784 104 53 est
847 2784 224 53 perfectior,
1026 2784 134 53 tanto
1101 2784 119 53 potest

341 2823 96 51 in
389 2823 241 51 cognitionem
582 2823 225 51 nobilioris
758 2823 177 51 obiecti
887 2823 112 51 Sed
951 2823 145 51 anima
1031 2823 177 51 coniunct.

342 2865 106 51 est
402 2865 227 51 perfectior,
584 2865 121 51 quam
660 2865 136 51 anima
751 2865 212 51 separatas:
917 2865 76 51 &
948 2865 197 51 coniuncta
1099 2865 106 51 non
1144 2865 61 51 po

354 2905 121 43 test
430 2905 213 43 cognoscere
597 2905 228 43 substantias
779 2905 197 43 separata:
931 2905 121 43 ergo
1007 2905 106 43 nec
1052 2905 152 43 separata

390 2939 137 54 Maior
481 2939 137 54 patet
573 2939 137 54 ratio
664 2939 92 54 ne
710 2939 259 54 proportionis,
924 2939 122 54 quae
1000 2939 214 54 attenditur
1153 2939 61 54 in

346 2977 116 55 ter
413 2977 99 55 co
462 2977 199 55 noscens,
612 2977 83 55 &
645 2977 215 55 cognitum.
810 2977 149 55 Minor
910 2977 149 55 etiam
1009 2977 149 55 patet
1092 2977 116 55 quan-

358 3025 108 44 tum
419 3025 93 44 ad
466 3025 154 44 primam
574 3025 170 44 partem,
697 3025 123 44 quia
774 3025 123 44 pars
851 3025 108 44 est
913 3025 216 44 perfectior
1067 3025 139 44 existen

344 3057 98 54 su
393 3057 131 54 toto
474 3057 131 54 quam
556 3057 98 54 se
605 3057 163 54 parata
720 3057 98 54 ab
769 3057 98 54 eo
818 3057 114 54 sed
883 3057 147 54 anima
981 3057 114 54 est
1047 3057 131 54 pars
1112 3057 98 54 esse

354 3092 163 67 tialis
468 3092 179 67 hominis
598 3092 130 67 ergo
663 3092 65 67 &c

1277 236 145 64 Patet
1373 236 145 64 etiam
1470 236 177 64 quantum
1599 236 97 64 ad
1647 236 193 64 secundam
1792 236 177 64 partem:
1904 236 129 64 quiali

1264 288 104 49 cet
1324 288 134 49 anima
1413 288 193 49 coniuncta
1562 288 149 49 possit
1666 288 208 49 cognoscere
1830 288 89 49 de
1859 288 179 49 substantis

1248 339 217 45 separatis,
1418 339 124 45 quia
1495 339 139 45 sunt:
1588 339 139 45 tamen
1681 339 108 45 non
1743 339 155 45 potest
1836 339 201 45 cognoscert,

1253 370 132 56 quid
1318 370 99 56 sunt

1246 418 105 38 Ad
1298 418 175 38 primum
1421 418 140 38 nego
1508 418 193 38 minorem
1648 418 193 38 quantum
1788 418 105 38 ad
1841 418 193 38 tertiam
1963 418 70 38 po

1247 458 127 45 tem.
1327 458 95 45 Ad
1374 458 238 45 probationem
1565 458 206 45 dicendum,
1724 458 127 45 quod
1803 458 191 45 speties,
1930 458 127 45 quibus

1256 492 129 45 anima
1342 492 115 45 post
1414 492 115 45 hanc
1486 492 129 45 vitam
1572 492 201 45 intelligit
1730 492 216 45 substantias
1888 492 158 45 separata,

1246 527 94 48 non
1299 527 108 48 sunt
1367 527 202 48 abstractae,
1528 527 94 48 sed
1582 527 94 48 vel
1636 527 108 48 sunt
1703 527 67 48 a
1730 527 94 48 Deo
1784 527 162 48 creatae,
1905 527 94 48 vel
1959 527 81 48 ab
1986 527 54 48 in

1252 572 93 47 sis
1305 572 199 47 substantiis
1464 572 172 47 separatis
1596 572 185 47 deriuatae,
1742 572 66 47 &
1768 572 106 47 ipsi
1834 572 132 47 animae
1927 572 132 47 ratior

1259 609 80 47 li
1285 609 134 47 influxae

1287 646 102 47 Ad
1338 646 203 47 secundum
1490 646 220 47 dicendum,
1660 646 135 47 quod
1744 646 152 47 anima
1846 646 169 47 humana
1947 646 102 47 poss

1247 691 122 46 hanc
1323 691 137 46 vitam
1415 691 198 46 cognoscit
1567 691 229 46 substantias
1750 691 198 46 separatas
1887 691 153 46 cogntion

1244 728 275 42 intellectiua.
1470 728 97 42 Ad
1519 728 243 42 probationem
1713 728 210 42 dicendum,
1874 728 129 42 quod
1939 728 97 42 quai

1255 765 100 54 uis
1312 765 143 54 aliquo
1412 765 114 54 modo
1483 765 214 54 intellectus
1654 765 185 54 abstrahat
1797 765 71 54 a
1825 765 185 54 singulari
1953 765 86 54 mati

1249 805 149 42 riali,
1353 805 194 42 inquantum
1502 805 194 42 abstrahit
1652 805 75 42 a
1681 805 164 42 materia
1801 805 134 42 tamen
1890 805 104 42 non
1935 805 104 42 absr,

1254 842 101 46 hit
1311 842 72 46 a
1340 842 115 46 tali
1412 842 202 46 singulari,
1571 842 115 46 quod
1643 842 144 46 immune
1743 842 101 46 est
1801 842 72 46 a
1830 842 173 46 materia,
1945 842 101 46 quali

1248 882 193 53 singularia
1400 882 110 53 sunt
1469 882 124 53 ipsae
1552 882 207 53 substantiae
1718 882 193 53 separatae:
1870 882 83 53 Si
1911 882 110 53 enim
1966 882 83 53 imma

1253 924 111 51 teri
1322 924 97 51 ale
1378 924 180 51 singulare
1516 924 208 51 intellectus
1682 924 138 51 noster
1779 924 97 51 non
1834 924 138 51 posset
1917 924 125 51 cognosi

1256 964 108 44 re,
1317 964 123 44 tunc
1394 964 170 44 numquam
1518 964 154 44 posset
1626 964 216 44 cognoscere
1795 964 170 44 diuinam
1903 964 139 44 essenti

1249 1004 113 52 quae
1320 1004 141 52 seipsa
1419 1004 99 52 est
1461 1004 184 52 singularis.

1252 1040 105 57 Nec
1312 1040 135 57 etiam
1402 1040 224 57 intellectus
1581 1040 150 57 noster
1686 1040 180 57 priuatur
1821 1040 120 57 omni
1880 1040 180 57 cognitione

1249 1077 211 50 singularium
1418 1077 225 50 materialium,
1601 1077 127 50 prout
1686 1077 183 50 declarare
1827 1077 155 50 propono
1939 1077 127 50 infia
2010 1077 42 50 i

1247 1118 73 55 3
1277 1118 147 55 artic.
1379 1118 73 55 &
1409 1118 147 55 ibidem
1512 1118 176 55 patebit,
1644 1118 162 55 quomodo
1761 1118 235 55 auctoritates
1938 1118 117 55 aliqus

1250 1171 126 43 modo
1329 1171 205 43 oppositum
1486 1171 189 43 sonantes
1628 1171 126 43 sint
1691 1171 252 43 intelligendae-

1285 1197 90 48 Ad
1330 1197 165 48 tertium
1450 1197 195 48 dicendum,
1599 1197 120 48 quod
1674 1197 90 48 si
1719 1197 135 48 talis
1809 1197 195 48 cognitio,
1943 1197 135 48 quaali-

1254 1237 120 55 quid
1329 1237 226 55 cognoscitur
1510 1237 105 55 per
1570 1237 166 55 speciem
1691 1237 286 55 repraesentantem
1916 1237 136 55 essenti

1255 1285 98 40 rei
1311 1285 182 40 cognitae,
1451 1285 154 40 dicitur
1563 1285 70 40 a
1591 1285 154 40 priori,
1704 1285 112 40 tunc
1774 1285 112 40 post
1844 1285 98 40 hac
1900 1285 126 40 vitam
1970 1285 84 40 amma

1252 1320 118 51 quae
1326 1320 147 51 culpa,
1429 1320 103 51 vel
1488 1320 133 51 poena
1577 1320 103 51 non
1636 1320 206 51 impeditur,
1798 1320 192 51 cognoscit
1930 1320 133 51 substia

1255 1357 109 48 tias
1323 1357 177 48 separatas
1459 1357 68 48 a
1486 1357 149 48 priori,
1595 1357 109 48 quia
1663 1357 177 48 cognoscit
1799 1357 95 48 eas
1853 1357 95 48 per
1908 1357 149 48 speciet
2003 1357 54 48 mo

1250 1400 118 54 quo
1318 1400 118 54 iam
1385 1400 169 54 dictum
1487 1400 84 54 est

1286 1435 107 59 Ad
1340 1435 268 59 probationem
1554 1435 232 59 dicendum,
1733 1435 143 59 quod
1823 1435 125 59 non
1876 1435 179 59 sequitur

1247 1474 212 54 cognoscit
1410 1474 82 54 a
1443 1474 163 54 priori
1557 1474 82 54 :
1589 1474 131 54 ergo
1671 1474 212 54 cognoscit
1834 1474 114 54 per
1899 1474 163 54 omnino
1997 1474 82 54 pi-

1252 1522 135 44 mum.
1336 1522 101 44 Ad
1387 1522 118 44 hoc
1454 1522 152 44 enim,
1555 1522 135 44 quod
1639 1522 118 44 res
1707 1522 185 44 dicatur
1841 1522 219 44 cognoscia
1993 1522 84 44 pio

1240 1552 100 52 ri,
1297 1552 185 52 sufficit,
1439 1552 114 52 quod
1511 1552 214 52 cognoscatur
1682 1552 228 52 diffinitiue,
1867 1552 100 52 seu
1924 1552 100 52 per
1967 1552 114 52 specen

1248 1597 184 52 propriam,
1390 1597 85 52 in
1432 1597 99 52 qua
1489 1597 156 52 relucet
1602 1597 213 52 diffinitio,
1773 1597 99 52 vel
1829 1597 199 52 descriptio
1971 1597 71 52 ter

1285 1631 135 50 Etiam
1375 1631 195 50 quaelibet
1525 1631 135 50 anima
1615 1631 180 50 separata
1751 1631 150 50 potest
1856 1631 180 50 naturali
1976 1631 75 50 cog

1245 1666 139 50 tione
1337 1666 155 50 videre
1446 1666 124 50 Deum
1523 1666 124 50 esse
1600 1666 217 50 creatorem,
1771 1666 77 50 &
1802 1666 155 50 causam
1894 1666 186 50 cuiuslibes

1252 1713 262 58 intelligentiae
1471 1713 160 58 praeter
1587 1713 116 58 hoc,
1660 1713 116 58 quod
1733 1713 160 58 diuinam
1849 1713 189 58 essentiam
1980 1713 102 58 viden

1240 1760 199 48 beatifice.
1396 1760 128 48 Etiam
1482 1760 142 48 potest
1581 1760 100 48 eas
1638 1760 199 48 cognoscere
1795 1760 71 48 a
1823 1760 199 48 posterion,
1966 1760 85 48 quod

1245 1793 151 47 multos
1351 1793 181 47 effectus
1486 1793 302 47 intelligentiarum
1743 1793 151 47 potest
1849 1793 136 47 anima
1924 1793 136 47 separit

1248 1830 155 55 videre,
1361 1830 85 55 ex
1403 1830 141 55 quibus
1502 1830 226 55 sufficienter
1685 1830 169 55 argueret
1812 1830 254 55 intelligentias
2010 1830 56 55 es

1240 1872 104 65 se,
1299 1872 133 65 dato,
1388 1872 118 65 quod
1462 1872 133 65 ipsas
1551 1872 178 65 propriis
1684 1872 118 65 suis
1758 1872 192 65 speciebus
1906 1872 104 65 non
1950 1872 104 65 cogni

1245 1916 148 43 sceret
1349 1916 252 43 quidditatiue,
1556 1916 104 43 seu
1600 1916 178 43 intuitiue-

1278 1956 97 59 Ad
1326 1956 179 59 quartum
1456 1956 130 59 nego
1538 1956 195 59 minorem,
1684 1956 130 59 quia
1765 1956 211 59 quaelibet
1911 1956 146 59 volunta

1243 1990 168 47 damnata
1365 1990 153 47 potest
1472 1990 153 47 velle,
1579 1990 76 47 &
1610 1990 92 47 de
1656 1990 138 47 facto
1747 1990 122 47 vult
1809 1990 229 47 beatitudinem,

1241 2031 121 59 est
1310 2031 172 59 summum
1430 2031 172 59 bonum,
1551 2031 189 59 quamuis
1689 2031 121 59 non
1757 2031 155 59 velit
1861 2031 155 59 istud
1947 2031 86 59 bos

1236 2076 131 53 bene,
1324 2076 102 53 seu
1382 2076 190 53 ordinate,
1528 2076 102 53 vel
1587 2076 204 53 meritorie,
1747 2076 131 53 sicut
1835 2076 146 53 dictum
1937 2076 102 53 est
1981 2076 73 53 sup

1247 2112 107 56 rius
1313 2112 120 56 dist.
1380 2112 40 56 4

1269 2158 110 44 Ad
1324 2158 201 44 quintum
1470 2158 219 44 dicendum
1634 2158 110 44 ad
1689 2158 219 44 maiorem,
1854 2158 146 44 quod
1927 2158 128 44 nonqu

1236 2193 104 55 bet
1296 2193 178 55 cognitio
1429 2193 253 55 substantiarum
1638 2193 223 55 separatarum
1816 2193 104 55 est
1876 2193 104 55 sic
1920 2193 134 55 beatino

1248 2227 116 59 quod
1320 2227 87 59 in
1363 2227 116 59 ipsa
1435 2227 188 59 consistat
1580 2227 130 59 summa
1666 2227 188 59 felicitas
1811 2227 202 59 possibilis
1955 2227 87 59 honm

1249 2279 102 46 per
1308 2279 174 46 naturam,
1438 2279 102 46 sed
1496 2279 131 46 solum
1583 2279 131 46 talis
1671 2279 189 46 cognitio,
1816 2279 116 46 quae
1888 2279 102 46 est
1932 2279 116 46 actus)

1243 2309 204 53 bilissimae
1404 2309 189 53 potentiae
1549 2309 189 53 perfectae
1695 2309 146 53 habitu
1797 2309 233 53 nobilissimo,
1972 2309 73 53 qui

1241 2354 177 53 habitum
1370 2354 241 53 philosophus
1563 2354 97 53 in
1611 2354 177 53 ethicis
1740 2354 193 53 appellat
1868 2354 161 53 habitum;

1243 2385 132 60 tiae:
1331 2385 88 60 Et
1375 2385 117 60 quia
1449 2385 161 60 damnati
1566 2385 103 60 non
1624 2385 117 60 sunt
1698 2385 147 60 habitu
1800 2385 205 60 sapientiae
1947 2385 117 60 perrem

1235 2428 111 52 sed
1299 2428 127 52 sunt
1378 2428 175 52 maculis
1505 2428 159 52 suorum
1616 2428 222 52 peccatorum
1791 2428 175 52 infecti
1918 2428 127 52 ideo
1982 2428 79 52 dad

1241 2469 127 50 quod
1320 2469 222 50 cognoscant
1494 2469 174 50 aliquas
1621 2469 237 50 substantias
1811 2469 222 50 separatas,
1969 2469 111 50 tamem

1245 2513 124 43 hoc
1316 2513 124 43 non
1387 2513 176 43 habent
1510 2513 282 43 beatitudinem
1739 2513 247 43 naturalem.
1916 2513 141 43 Etiamm

1238 2549 113 56 test
1308 2549 127 56 dici,
1393 2549 113 56 quod
1464 2549 127 56 illae
1549 2549 212 56 substantiae
1718 2549 198 56 separatae,
1873 2549 141 56 quarum
1958 2549 99 56 damni

1236 2585 113 52 tae
1300 2585 161 52 animae
1413 2585 258 52 determinatam
1623 2585 161 52 habent
1736 2585 210 52 notitiam,
1897 2585 113 52 non
1945 2585 113 52 sunto

1247 2627 87 51 ni
1290 2627 159 51 angeli,
1406 2627 101 51 sed
1463 2627 130 51 mali,
1550 2627 101 51 seu
1608 2627 188 51 daemones:
1753 2627 145 51 quorum
1854 2627 174 51 aspectus
1970 2627 72 51 est

1239 2669 206 51 deformis,
1398 2669 79 51 &
1430 2669 238 51 horribilis,
1620 2669 127 51 quod
1700 2669 206 51 nequaquam
1858 2669 111 51 est
1906 2669 143 51 beatitm

1242 2707 74 48 &
1272 2707 253 48 delectabilis,
1480 2707 104 48 sed
1539 2707 178 48 plurimum
1673 2707 238 48 afflictiuus.
1867 2707 134 48 Sicut
1941 2707 104 48 enimo

1234 2752 122 51 mus
1303 2752 104 51 in
1355 2752 174 51 natura
1477 2752 192 51 humana,
1617 2752 139 51 quod
1704 2752 174 51 quanto
1826 2752 139 51 homo
1913 2752 157 51 sanis
2000 2752 52 51 d

1245 2785 200 44 formosior,
1402 2785 129 44 tanto
1488 2785 86 44 si
1531 2785 171 44 leprosus
1659 2785 200 44 efficitur,
1816 2785 114 44 erit
1874 2785 171 44 deformioil

1251 2828 159 47 quanto
1362 2828 159 47 angeli
1473 2828 95 47 in
1521 2828 127 47 suis
1600 2828 238 47 naturalibus
1791 2828 127 47 ante
1870 2828 191 47 peccatum

1244 2863 252 51 pulchriores,
1449 2863 79 51 &
1480 2863 94 51 ad
1527 2863 173 51 videdum
1653 2863 142 51 magis
1748 2863 252 51 delectabiles
1936 2863 79 51 sol

1233 2904 126 45 quam
1312 2904 141 45 lepra
1406 2904 173 45 peccati
1532 2904 141 45 erant
1626 2904 189 45 infecti,
1768 2904 79 45 &
1799 2904 204 45 maculati,
1940 2904 79 45 fac

1236 2944 266 47 deformiores,
1453 2944 83 47 &
1486 2944 100 47 ad
1536 2944 200 47 videndum
1685 2944 150 47 magis
1785 2944 233 47 horribiles
1951 2944 100 47 Soid

1236 2983 125 56 rum
1307 2983 160 56 autem
1414 2983 231 56 angelorum
1592 2983 178 56 animae
1717 2983 214 56 damnatae
1877 2983 125 56 non
1930 2983 107 56 habo

1234 3018 312 62 determinatam,
1490 3018 92 62 &
1527 3018 238 62 perfectam
1710 3018 238 62 notitiam,
1893 3018 128 62 sed
1948 3018 92 62 soi

1231 3063 176 50 confus
1337 3063 70 50 am

1269 3087 124 81 Dato
1347 3087 155 81 etiam,
1456 3087 124 81 quod
1533 3087 171 81 habeant
1658 3087 93 81 in
1704 3087 93 81 se
1751 3087 186 81 species,
1890 3087 155 81 quibus
1983 3087 47 81 &
