2388 3557
425 279 198 78 perfectius
580 279 198 78 consistit,
736 279 99 78 uel
792 279 170 78 existit:
920 279 127 78 probo
1004 279 198 78 antecedens
1160 279 113 78 quia
1216 279 71 78 si-

427 342 102 55 tut
486 342 203 55 communiter
645 342 174 55 dicitur,
776 342 102 55 non
834 342 102 55 est
892 342 116 55 dare
965 342 116 55 duas
1037 342 102 55 res
1095 342 145 55 specie
1182 342 102 55 diffe

416 379 156 55 rentes,
530 379 114 55 quae
601 379 114 55 sint
672 379 171 55 aequalis
800 379 227 55 perfectionis
984 379 100 55 eo,
1041 379 114 55 quod
1112 379 100 55 non
1169 379 100 55 sit
1212 379 71 55 da-

413 433 88 40 re
457 433 117 40 duas
530 433 117 40 spes
603 433 204 40 aequaliter
763 433 190 40 distantes
909 433 73 40 a
939 433 146 40 primo,
1041 433 102 40 seu
1099 433 88 40 ab
1143 433 117 40 ipso
1201 433 73 40 Deo

412 465 97 47 Sed
468 465 125 47 actus
551 465 221 47 intellectus,
730 465 69 47 &
758 465 194 47 voluntatis
910 465 180 47 differunt
1049 465 166 47 speclie.
1173 465 83 47 Et
1201 465 69 47 com

423 504 182 43 firmatur
559 504 136 43 istud
650 504 227 43 antecedens:
831 504 121 43 quia
907 504 166 43 istorum
1028 504 151 43 actuum
1134 504 121 43 vnus
1194 504 76 43 or-

416 541 171 43 dinatur
541 541 93 43 ad
587 541 186 43 alterum:
727 541 124 43 ergo
805 541 109 43 est
867 541 248 43 impersectior
1069 541 109 43 eo.
1115 541 171 43 Consequen

417 580 102 52 tia
476 580 146 52 patet:
578 580 117 52 quia
651 580 117 52 quod
724 580 190 52 ordinatur
871 580 88 52 ad
914 580 161 52 alterum
1031 580 102 52 est
1075 580 205 52 imperfectius

410 614 110 60 eo,
473 614 95 60 ad
521 614 126 60 quod
599 614 221 60 ordinatur.
773 614 221 60 Antecedens
946 614 142 60 etiam
1041 614 158 60 patet:
1151 614 126 60 quia
1214 614 63 60 in

422 663 144 42 anima
518 663 144 42 beata
614 663 144 42 omnia
709 663 128 42 sunt
773 663 176 42 ordinata.

458 689 97 51 Ad
506 689 178 51 primum,
636 689 130 51 nego
717 689 194 51 maiorem:
863 689 130 51 quia
944 689 178 51 quamuis
1073 689 162 51 aliqui
1171 689 113 51 actus

416 743 213 43 aequaliter
583 743 91 43 se
629 743 167 43 habeant
751 743 91 43 ad
796 743 137 43 Deum,
887 743 107 43 seu
948 743 91 43 ad
994 743 198 43 obiectumi
1131 743 152 43 beatifi-

416 782 105 42 cum
476 782 120 42 sic,
551 782 120 42 quod
626 782 105 42 per
686 782 180 42 vtrumque
821 782 180 42 secundum
957 782 135 42 modum
1047 782 105 42 sui
1107 782 165 42 generis
1212 782 75 42 per

424 820 140 46 fecte
518 820 218 46 attingatur
689 820 140 46 illud
783 820 203 46 obiectum:
939 820 140 46 tamen
1033 820 94 46 si
1079 820 125 46 vnus
1142 820 140 46 illorum

417 859 156 45 actuum
526 859 187 45 secundum
666 859 124 45 suam
744 859 171 45 naturam
869 859 109 45 est
931 859 218 45 perfectior
1102 859 171 45 altero,
1211 859 62 45 in

415 892 115 55 illo
487 892 115 55 erit
559 892 202 55 perfectius
717 892 202 55 beatitudo;
876 892 101 55 sic
933 892 130 55 autem
1020 892 101 55 est
1077 892 86 55 in
1106 892 173 55 proposito,

423 932 89 54 vt
468 932 133 54 infra
541 932 148 54 patebit.

450 967 111 53 Ad
505 967 240 53 secundum,
689 967 147 53 nego
763 967 184 53 maiorem,

458 1010 108 51 Ad
512 1010 269 51 probationem
727 1010 233 51 dicendum,
906 1010 143 51 quod
996 1010 197 51 quamuis
1122 1010 161 51 fruamur

419 1051 197 46 cognitis,
570 1051 91 46 ex
616 1051 106 46 hoc
677 1051 136 46 tamen
768 1051 106 46 non
828 1051 182 46 habetur,
965 1051 121 46 quod
1040 1051 167 46 fruitio
1162 1051 106 46 sit
1207 1051 76 46 co-

425 1087 176 50 gnitio.
553 1087 208 50 Incognita
713 1087 128 50 enim
793 1087 208 50 nequaquam
954 1087 192 50 possumus
1098 1087 160 50 amare,
1194 1087 80 50 se-

419 1131 159 46 cundum
530 1131 127 46 quod
610 1131 143 46 dicit
705 1131 159 46 Augus:
816 1131 79 46 &
848 1131 143 46 tamen
943 1131 95 46 eo
990 1131 111 46 hoc
1054 1131 111 46 non
1117 1131 190 46 habetur,

417 1169 121 51 quod
493 1169 121 51 amot
569 1169 106 51 sit
629 1169 137 51 actus
720 1169 243 51 intellectus,
918 1169 167 51 quamuis
1039 1169 121 51 bene
1100 1169 167 51 habeatur.

417 1205 124 46 quod
495 1205 140 46 actus
588 1205 155 46 amoris
697 1205 248 46 praesupponat
899 1205 140 46 actum
992 1205 248 46 cognitionis.
1178 1205 93 46 Vnde

425 1249 116 40 frui
497 1249 101 40 est
555 1249 130 40 actus
641 1249 217 40 voluntatis,
815 1249 130 40 iuxta
901 1249 130 40 illud
988 1249 116 40 Aug.
1060 1249 116 40 Frui
1133 1249 101 40 est
1176 1249 101 40 amore

423 1285 198 47 inhaerere
575 1285 152 47 alicui
681 1285 167 47 propter
803 1285 183 47 seipsum,
940 1285 243 47 praesupponit
1138 1285 137 47 tamen
1214 1285 61 47 a-

427 1322 124 60 ctum
504 1322 248 60 intellectus:
706 1322 109 60 eo,
768 1322 124 60 quod
845 1322 140 60 bonum
938 1322 186 60 cognitum
1078 1322 109 60 sit
1124 1322 155 60 volunta-

411 1364 118 52 tis
462 1364 185 52 obiectum.

440 1392 89 54 Ad
485 1392 163 54 tertium
604 1392 193 54 dicendum,
752 1392 89 54 ad
797 1392 178 54 minorem,
930 1392 119 54 quod
1005 1392 163 54 quamuis
1123 1392 104 54 per
1168 1392 104 54 vtrum

413 1446 109 48 que
475 1446 140 48 actum
568 1446 171 48 vniamur
692 1446 124 48 deo,
769 1446 140 48 tamen
862 1446 202 48 huiusmodi
1017 1446 124 48 vnio
1079 1446 186 48 perfectio.

417 1485 89 46 ri
462 1485 118 46 modo
536 1485 104 46 fit
595 1485 104 46 per
654 1485 133 46 actum
743 1485 222 46 voluntatis,
921 1485 118 46 quam
995 1485 237 46 intellectus,
1187 1485 89 46 vt
1217 1485 59 46 pa

415 1520 101 56 tet
472 1520 86 56 ex
515 1520 144 56 dictis
616 1520 86 56 in
659 1520 72 56 t
688 1520 230 56 conclusione:
875 1520 72 56 &
903 1520 115 56 ideo
975 1520 216 56 perfectiori
1148 1520 115 56 modo
1205 1520 72 56 est

418 1556 195 57 beatitudo
568 1556 90 57 in
613 1556 120 57 actu
688 1556 225 57 voluntatis,
867 1556 120 57 quam
927 1556 210 57 intellectus.

455 1596 90 45 Ad
500 1596 90 45 4.
545 1596 195 45 dicendum,
695 1596 120 45 quod
770 1596 135 45 minor
860 1596 105 45 non
920 1596 135 45 vera,
1010 1596 120 45 quia
1085 1596 165 45 quamuis
1190 1596 90 45 amam

414 1635 106 50 do
467 1635 124 50 nos
538 1635 195 50 mouemur
680 1635 106 50 ad
733 1635 124 50 rem
804 1635 195 50 amatam,
946 1635 160 50 tamen
1035 1635 230 50 cognoscendo

413 1677 113 48 nos
478 1677 113 48 non
542 1677 178 48 mouemur
672 1677 97 48 ad
720 1677 113 48 res
785 1677 210 48 cognitas:
947 1677 113 48 sed
1011 1677 113 48 res
1076 1677 194 48 mouentur
1205 1677 65 48 ad

414 1722 117 44 nos,
487 1722 87 44 vt
531 1722 131 44 patet
618 1722 87 44 3.
662 1722 87 44 de
706 1722 146 44 anima.
808 1722 102 44 Vel
866 1722 189 44 dicendum,
1012 1722 117 44 quod
1085 1722 131 44 licet
1157 1722 117 44 aliquo

409 1759 136 44 modo
494 1759 170 44 posset
613 1759 187 44 concedi
750 1759 170 44 animam
869 1759 204 44 secundum
1022 1759 153 44 actum
1108 1759 153 44 volunta

416 1798 127 43 tis,
496 1798 79 43 &
527 1798 238 43 intellectus
718 1798 159 43 moueri
829 1798 95 43 ad
877 1798 143 43 deum,
972 1798 143 43 tamen
1067 1798 207 43 huiusmodi
1210 1798 64 43 mo

420 1844 106 38 tus
480 1844 212 38 perfectior
647 1844 106 38 est
708 1844 182 38 secundum
844 1844 136 38 actum
935 1844 227 38 voluntatis:
1117 1844 121 38 ideo
1177 1844 91 38 per-

404 1868 180 49 fectior
534 1868 131 49 erit
616 1868 147 49 etiam
714 1868 147 49 quies
812 1868 163 49 ipsius
926 1868 163 49 animae
1040 1868 98 49 in
1089 1868 114 49 deo
1138 1868 131 49 secun-

410 1912 110 49 dum
473 1912 142 49 actum
567 1912 236 49 voluntatis,
756 1912 79 49 &
788 1912 110 49 per
851 1912 220 49 consequens
1023 1912 220 49 perfectior
1181 1912 94 49 bea

408 1949 131 50 titudo.

451 1988 95 49 Ad
499 1988 174 49 quintum
625 1988 206 49 dicendum,
783 1988 127 49 quod
863 1988 142 49 licet
958 1988 206 49 voluntas,
1116 1988 79 49 &
1132 1988 142 49 intelle

420 2028 114 52 ctus
491 2028 157 52 possint
606 2028 114 52 dici
677 2028 186 52 aequales,
820 2028 72 52 &
849 2028 200 52 aequaliter
1006 2028 86 52 se
1049 2028 143 52 habere
1150 2028 86 52 ad
1178 2028 86 52 imag

418 2068 119 48 nem,
493 2068 164 48 quantum
612 2068 105 48 est
672 2068 90 48 ex
717 2068 134 48 parte
806 2068 269 48 abstractionis,
1030 2068 75 48 &
1060 2068 224 48 immunitatis
1224 2068 45 48 a

422 2111 175 43 materia:
554 2111 117 43 quia
627 2111 131 43 istae
714 2111 190 43 potentiae
860 2111 131 43 ambae
947 2111 190 43 fundantur
1093 2111 87 43 in
1122 2111 146 43 subiecto

406 2146 232 46 immateriali,
594 2146 116 46 puta
666 2146 87 46 in
710 2146 174 46 essentia
840 2146 145 46 animae
942 2146 261 46 intellectiuae,
1159 2146 72 46 &
1174 2146 101 46 ambae

411 2186 122 43 sunt
487 2186 138 43 super
579 2186 92 43 se
625 2186 214 43 aequaliter
793 2186 245 43 conuersiuae:
992 2186 138 43 tamen
1084 2186 168 43 quantum
1191 2186 77 43 ess

413 2227 91 49 ex
458 2227 136 49 parte
549 2227 242 49 perfectionis
745 2227 196 49 huiusmodi
896 2227 212 49 aequalitas
1063 2227 181 49 deficit:
1183 2227 91 49 quia

423 2268 173 46 voluntas
552 2268 101 46 est
610 2268 201 46 perfectior
768 2268 216 46 intellectu,
940 2268 72 46 &
969 2268 129 46 actus
1055 2268 201 46 voluntatis
1199 2268 72 46 por

411 2304 153 42 fectior
522 2304 97 42 est
578 2304 111 42 actu
647 2304 222 42 intellectus,
828 2304 125 42 sicut
912 2304 209 42 aliqualiter
1078 2304 97 42 iam
1134 2304 153 42 patuit,
1231 2304 42 42 &

412 2342 187 43 inferius
553 2342 141 43 magis
647 2342 219 43 apparebit.
818 2342 109 43 Cum
881 2342 156 43 igitur
990 2342 203 43 beatitudo
1131 2342 141 43 princi-

410 2380 177 54 palius,
538 2380 80 54 &
571 2380 225 54 perfectius
747 2380 209 54 conueniat
908 2380 209 54 potentiae
1052 2380 225 54 perfectiori:

413 2419 111 52 deo
477 2419 207 52 beatitudo
636 2419 111 52 non
699 2419 207 52 conueniet
858 2419 223 52 aequaliter
1033 2419 111 52 his
1097 2419 159 52 duabus
1192 2419 80 52 po

396 2458 140 52 tentijs

438 2498 140 50 Forte
532 2498 186 50 dicetur,
671 2498 124 50 quod
749 2498 124 50 ista
827 2498 171 50 solutio
951 2498 140 50 ponit
1044 2498 233 50 antecedens,
1230 2498 78 50 &

410 2537 140 45 negat
504 2537 233 45 consequens:
690 2537 124 45 quia
768 2537 109 45 cum
830 2537 156 45 semper
939 2537 233 45 abstractior
1110 2537 156 45 potentia

403 2575 102 51 sit
462 2575 218 51 perfectior.
636 2575 145 51 igitur
737 2575 203 51 aequaliter
897 2575 189 51 perfectum
1042 2575 102 51 est
1085 2575 189 51 necessarium

411 2620 213 47 consequens
578 2620 91 47 ad
624 2620 213 47 aequaliter
791 2620 228 47 abstractum,
973 2620 76 47 &
1003 2620 106 47 per
1064 2620 213 47 consequens
1216 2620 61 47 di

410 2656 125 45 cere,
493 2656 111 45 quod
563 2656 222 45 intellectus,
743 2656 69 45 &
770 2656 166 45 voluntas
895 2656 111 45 sint
964 2656 166 45 aequalis
1089 2656 208 45 abstractio

406 2697 111 42 nis,
476 2697 70 42 &
503 2697 97 42 non
559 2697 111 42 sint
629 2697 167 42 aequalis
754 2697 236 42 perfectionis,
948 2697 97 42 est
1004 2697 139 42 ponere
1101 2697 97 42 ant
1143 2697 125 42 ecedens

416 2731 78 45 &
448 2731 155 45 negare
556 2731 233 45 consequens.
742 2731 109 45 Est
804 2731 140 45 etiam
898 2731 155 45 ponere
1006 2731 233 45 antecedens,
1192 2731 78 45 &
1208 2731 62 45 ne

410 2772 125 50 gare
489 2772 235 50 antecedens:
676 2772 125 50 quia
755 2772 94 50 ad
802 2772 219 50 negationem
974 2772 250 50 consequentis
1161 2772 110 50 sequi

407 2817 110 42 tur
470 2817 173 42 negatio
596 2817 267 42 antecedentis:
815 2817 126 42 ergo
878 2817 63 42 &c

446 2845 225 48 Respondeo,
622 2845 128 48 quod
703 2845 128 48 ista
783 2845 144 48 solut
879 2845 96 48 io
927 2845 112 48 non
991 2845 144 48 negat
1072 2845 192 48 consequens

401 2887 200 56 ponendo
528 2887 218 56 antecedens

448 2917 88 63 Ad
492 2917 220 63 probationem
668 2917 190 63 dicendum,
814 2917 117 63 quod
887 2917 117 63 esse
961 2917 205 63 aequaliter
1107 2917 161 63 perfectum

400 2973 100 38 non
457 2973 100 38 est
514 2973 200 38 necessarit
671 2973 200 38 consequens
828 2973 86 38 ad
871 2973 114 38 esse
942 2973 200 38 aequaliter
1085 2973 171 38 abstractu.

406 3005 77 45 &
436 3005 153 45 maxime
544 3005 92 45 in
590 3005 169 45 talibus
713 3005 153 45 rebus,
820 3005 92 45 in
866 3005 153 45 quibus
973 3005 153 45 cetera
1081 3005 107 45 non
1142 3005 123 45 sunt
1204 3005 61 45 pa

413 3050 106 43 ria:
479 3050 119 43 sicut
559 3050 93 43 est
612 3050 80 43 in
651 3050 186 43 proposito:
797 3050 106 43 quia
863 3050 159 43 uoluntas
983 3050 80 43 ex
1022 3050 80 43 se
1062 3050 93 43 est
1115 3050 146 43 libera,
1221 3050 66 43 &

405 3090 146 46 potest
507 3090 218 46 intellectui
682 3090 189 46 imperare:
828 3090 73 46 &
857 3090 116 46 ideo
930 3090 160 46 quamuis
1046 3090 131 46 istae
1134 3090 116 46 duae
1192 3090 58 46 po

402 3126 165 60 tentiae
522 3126 120 60 sint
597 3126 180 60 aequalis
732 3126 270 60 abstractionis,
958 3126 135 60 tamen
1048 3126 120 60 quia
1108 3126 150 60 imperium

1311 280 153 71 totius
1418 280 138 71 regni
1510 280 153 71 animae
1618 280 215 71 rationalis
1786 280 169 71 residet
1909 280 123 71 apud
1971 280 199 71 voluntatem;

1318 338 95 54 deo
1373 338 95 54 non
1427 338 109 54 sunt
1496 338 191 54 aequaliter
1646 338 191 54 perfectae,
1796 338 123 54 dato,
1878 338 109 54 quod
1946 338 109 54 sint
2000 338 164 54 aequaliter

1312 380 229 52 abstractae.
1495 380 122 52 Vnde
1571 380 137 52 sicut
1662 380 91 52 in
1708 380 274 52 proportionibus
1936 380 229 52 geometricis
2104 380 61 52 si

1321 424 177 45 equalibus
1457 424 163 45 addantur
1580 424 204 45 inaequalia,
1743 424 95 45 ea,
1798 424 109 45 quae
1866 424 136 45 result
1961 424 109 45 ant,
2029 424 122 45 erunt
2097 424 68 45 ine

1315 454 142 55 qualia,
1419 454 91 55 sic
1470 454 78 55 in
1509 454 181 55 proposito,
1652 454 78 55 si
1691 454 104 55 his,
1755 454 104 55 quae
1820 454 104 55 sunt
1885 454 155 55 aequalis
2002 454 194 55 abstractio

1313 496 109 49 nis
1375 496 109 49 per
1437 496 171 49 diuinam
1561 496 217 49 potentiam,
1731 496 109 49 vel
1793 496 109 49 per
1855 496 171 49 naturam
1964 496 202 49 conditiones

1318 535 200 53 dignitatem
1475 535 214 53 importantes
1646 535 229 53 inaequaliter
1832 535 214 53 tribuuntur,
2004 535 129 53 talia
2075 535 100 53 quam-

1309 579 108 47 tum
1370 579 92 47 ad
1416 579 246 47 perfectiones
1616 579 138 47 erunt
1693 579 184 47 inaequalia

1347 599 146 72 Tertia
1449 599 102 72 est
1508 599 146 72 opinio
1610 599 146 72 contra
1712 599 175 72 vtramque
1843 599 248 72 conclusionem,
2047 599 117 72 quae
2106 599 58 72 po

1313 655 105 44 nit,
1378 655 105 44 quod
1444 655 170 44 beatitudo
1575 655 223 44 principaliter
1758 655 170 44 consistit
1889 655 79 44 in
1928 655 105 44 actu
1994 655 209 44 intellectus,

1311 693 75 49 &
1341 693 181 49 secundum
1477 693 136 49 quid,
1567 693 106 49 scu
1628 693 91 49 ex
1673 693 226 49 consequenti
1854 693 91 49 in
1899 693 121 49 actu
1975 693 226 49 voluntatis,

1314 735 152 50 Primum
1420 735 152 50 dictum
1527 735 122 50 isti
1603 735 167 50 probant
1710 735 91 50 sic-

1326 763 76 54 1
1356 763 91 54 In
1401 763 121 54 illa
1477 763 181 54 potentia
1613 763 106 54 est
1673 763 242 54 principalius
1870 763 212 54 beatitudo,
2036 763 121 54 quae
2096 763 76 54 ma-

1311 813 104 51 gis
1370 813 222 51 differenter
1548 813 89 51 se
1592 813 133 51 habet
1681 813 177 51 secundum
1814 813 148 51 statum
1918 813 133 51 viae,
2006 813 74 51 &
2021 813 148 51 patriae:

1317 849 106 53 ped
1378 849 228 53 intellectus
1560 849 106 53 est
1620 849 213 53 huiusmodi:
1787 849 121 53 ergo
1863 849 106 53 &c.
1924 849 137 53 Maior
2000 849 167 53 probatur;

1322 893 131 48 iuia
1403 893 164 48 maxima
1518 893 180 48 mutatio
1649 893 115 48 fit
1715 893 98 48 in
1764 893 164 48 anima,
1878 893 164 48 quando
1993 893 180 48 transit
2108 893 65 48 de

1305 931 143 43 statu
1400 931 127 43 viae
1480 931 95 43 ad
1528 931 159 43 statum
1639 931 191 43 patriae:
1782 931 175 43 mutatur
1909 931 127 43 enim
1988 931 95 43 de
2020 931 143 43 miseria

1295 971 111 45 ad
1351 971 186 45 summum
1481 971 223 45 gaudium;
1648 971 93 45 &
1685 971 130 45 per
1760 971 278 45 consequens,
1964 971 204 45 beatitudo

1324 1006 238 50 principalius
1517 1006 104 50 det
1577 1006 163 50 attendi
1696 1006 178 50 secundum
1829 1006 134 50 illam
1918 1006 208 50 potentiam,
2067 1006 104 50 secun

1319 1045 117 50 lum
1386 1045 134 50 quam
1470 1045 150 50 magis
1570 1045 184 50 mutatur
1703 1045 134 50 homo
1787 1045 100 50 in
1837 1045 217 50 huiusmodi
1987 1045 184 50 transitu,

1304 1090 145 44 Minor
1400 1090 145 44 etiam
1497 1090 161 44 patet,
1609 1090 128 44 quia
1689 1090 96 44 in
1737 1090 209 44 voluntate
1898 1090 145 44 manet
1994 1090 128 44 idem
2059 1090 112 44 habi-

1305 1128 108 58 tus,
1373 1128 108 58 puta
1441 1128 108 58 ipsa
1509 1128 162 58 caritas,
1630 1128 95 58 sed
1685 1128 81 58 in
1725 1128 190 58 intellectu
1874 1128 135 58 cessat
1969 1128 149 58 habitus
2064 1128 108 58 fidei,

1305 1163 75 55 &
1335 1163 211 55 acquiritur
1501 1163 136 55 lumen
1576 1163 151 55 gloriae.

1319 1199 76 51 2
1349 1199 212 51 Praeterea,
1515 1199 196 51 beatitudo
1666 1199 106 51 non
1727 1199 106 51 est
1787 1199 257 51 principaliter
1999 1199 91 51 in
2044 1199 121 51 actu
2105 1199 60 51 vo

1312 1250 174 44 untatis,
1442 1250 116 44 ergo
1514 1250 246 44 principaliter
1717 1250 116 44 erit
1789 1250 87 44 in
1832 1250 116 44 actu
1905 1250 231 44 intellectus.
2078 1250 87 44 Con-

1312 1281 179 44 sequentia
1450 1281 138 44 patet,
1547 1281 110 44 quia
1616 1281 83 44 in
1657 1281 124 44 nulla
1740 1281 110 44 alia
1809 1281 165 44 potentia
1933 1281 110 44 esse
2002 1281 152 44 potest,
2098 1281 69 44 ni-

1300 1321 84 48 si
1342 1321 84 48 in
1384 1321 98 48 vna
1440 1321 167 48 istarum,
1565 1321 167 48 probatur
1691 1321 209 48 antecedens,
1858 1321 112 48 quia
1928 1321 84 48 si
1970 1321 126 48 esset
2053 1321 84 48 in
2081 1321 84 48 actu

1304 1362 219 45 voluntatis,
1479 1362 102 45 vel
1538 1362 131 45 talis
1625 1362 131 45 actus
1713 1362 131 45 esset
1800 1362 117 45 amor
1873 1362 204 45 amicitiae,
2034 1362 102 45 vel
2077 1362 88 45 amor

1316 1401 286 42 toncupiscentiae.
1559 1401 100 42 Non
1616 1401 157 42 primum,
1731 1401 114 42 quia
1802 1401 86 42 in
1845 1401 114 42 illo
1917 1401 186 42 consistit
2046 1401 114 42 princi

1318 1443 143 45 aliter
1418 1443 200 45 beatitudo,
1575 1443 86 45 in
1618 1443 100 45 quo
1675 1443 100 45 per
1732 1443 100 45 se,
1789 1443 71 45 &
1817 1443 157 45 directe
1932 1443 186 45 consistit
2060 1443 100 45 ratio

1315 1479 159 44 meriti.
1430 1479 101 44 Sed
1488 1479 87 44 in
1531 1479 130 44 amore
1618 1479 188 44 amicitiae
1762 1479 101 44 per
1820 1479 101 44 se,
1877 1479 72 44 &
1906 1479 159 44 directe
2007 1479 159 44 consistit

1317 1519 115 50 atio
1389 1519 158 50 meriti.
1504 1519 129 50 Maior
1590 1519 144 50 patet,
1690 1519 115 50 quia
1762 1519 129 50 illa,
1849 1519 115 50 quae
1921 1519 86 50 se
1964 1519 144 50 habent
2064 1519 101 50 per
2107 1519 58 50 mo

1298 1558 112 47 dum
1362 1558 145 47 viae,
1459 1558 80 47 &
1491 1558 193 47 termini,
1635 1558 112 47 non
1699 1558 177 47 possunt
1828 1558 96 47 se
1876 1558 96 47 in
1924 1558 145 47 eodem
2004 1558 161 47 compati,

1317 1596 114 42 sed
1382 1596 179 42 meritum
1512 1596 98 42 se
1561 1596 147 42 habet
1659 1596 114 42 per
1725 1596 147 42 modum
1822 1596 131 42 vie,
1904 1596 82 42 &
1937 1596 163 42 premis
2051 1596 114 42 per
2100 1596 65 42 mo

1311 1634 109 56 dum
1374 1634 187 56 termini,
1514 1634 125 56 ergo
1592 1634 109 56 &c.
1654 1634 140 56 Minor
1748 1634 203 56 probatur,
1904 1634 125 56 quia
1982 1634 156 56 illud,
2075 1634 94 56 quod

1300 1674 100 59 sic
1357 1674 86 59 se
1400 1674 143 59 habet,
1499 1674 114 59 quod
1571 1674 100 59 per
1628 1674 86 59 se
1670 1674 114 59 sine
1742 1674 214 59 quibuscuque
1913 1674 128 59 alijs
1998 1674 171 59 sufficit
2112 1674 57 59 ad

1303 1719 182 37 meritum,
1439 1719 76 37 &
1470 1719 121 37 sine
1546 1719 121 37 quo,
1622 1719 243 37 quibuscunque
1819 1719 137 37 alijs
1910 1719 182 37 positis,
2047 1719 106 37 non
2092 1719 76 37 po-

1305 1754 135 45 nitur
1395 1754 180 45 meritum,
1530 1754 90 45 in
1574 1754 120 45 illo
1649 1754 105 45 per
1709 1754 105 45 se,
1769 1754 75 45 &
1799 1754 165 45 directe
1919 1754 195 45 consistit
2053 1754 105 45 ratio

1304 1793 169 41 meriti,
1426 1793 107 41 sed
1488 1793 123 41 amor
1564 1793 215 41 amicitiae,
1733 1793 107 41 quo
1794 1793 199 41 diligitur
1947 1793 123 41 Deus
2024 1793 92 41 ex
2055 1793 107 41 cari-

1311 1832 126 46 tate
1390 1832 174 46 propter
1517 1832 190 46 seipsum,
1659 1832 111 46 est
1722 1832 221 46 huiusmodi,
1896 1832 126 46 ergo
1974 1832 111 46 &c.
2038 1832 111 46 Nec
2085 1832 79 46 se-

1304 1876 180 40 cundum,
1434 1876 131 40 quia
1516 1876 180 40 primum,
1647 1876 82 40 &
1679 1876 114 40 per
1745 1876 98 40 se
1793 1876 294 40 concupiscibile
2038 1876 114 40 non
2087 1876 82 40 po-

1314 1918 103 45 est
1373 1918 205 45 consistere
1534 1918 88 45 in
1578 1918 117 45 actu
1652 1918 147 45 amoris
1754 1918 293 45 concupiscentiae.
2004 1918 103 45 Sed
2048 1918 117 45 beati-

1297 1950 136 47 tudo
1382 1950 119 47 est
1450 1950 187 47 primum,
1586 1950 102 47 ac
1637 1950 119 47 per
1705 1950 119 47 se,
1774 1950 85 47 &
1808 1950 170 47 summum
1910 1950 255 47 concupiscibi-

1299 1988 105 57 le,
1359 1988 120 57 ergo
1434 1988 105 57 &c.
1495 1988 135 57 Miior
1585 1988 151 57 patet,
1690 1988 120 57 quia
1766 1988 151 57 nullus
1871 1988 135 57 actus
1961 1988 151 57 potest
2067 1988 120 57 esse

1314 2035 178 49 primum,
1443 2035 81 49 &
1476 2035 113 49 per
1540 2035 97 49 se
1589 2035 194 49 obiectum
1734 2035 226 49 suiipsius.
1912 2035 146 49 Minor
2009 2035 146 49 etiam
2090 2035 81 49 pa-

1302 2068 109 44 tet
1365 2068 93 44 de
1396 2068 62 44 se

1374 2095 204 61 Praeterea,
1535 2095 146 61 actus,
1637 2095 102 61 qui
1695 2095 175 61 procedit
1827 2095 73 61 a
1856 2095 175 61 potentia
1987 2095 175 61 mediante
2104 2095 58 61 no

1305 2148 192 43 bilissimo
1453 2148 162 43 habitu,
1571 2148 103 43 est
1630 2148 280 43 perfectissimus,
1866 2148 74 43 &
1896 2148 103 43 per
1955 2148 207 43 consequens
2102 2148 74 43 bea

1312 2185 139 49 titudo
1409 2185 83 49 in
1451 2185 83 49 eo
1493 2185 222 49 principalius
1674 2185 195 49 consistit.
1826 2185 97 49 Sed
1882 2185 153 49 aliquis
1993 2185 125 49 actus
2063 2185 97 49 intel

1313 2227 138 52 ectus
1405 2227 107 52 est
1466 2227 215 52 huiusmodi:
1635 2227 123 52 ergo
1711 2227 107 52 &c.
1772 2227 138 52 Maior
1864 2227 153 52 patet,
1972 2227 184 52 probatio
2094 2227 77 52 mi-

1311 2270 142 45 noris,
1410 2270 113 45 quoa
1481 2270 156 45 aliquis
1594 2270 128 45 actus
1679 2270 170 45 elicitur
1807 2270 85 45 ab
1849 2270 198 45 intellectu
2005 2270 170 45 mediante
2118 2270 57 45 ha

1315 2301 104 50 itu
1375 2301 223 50 sapientiae,
1553 2301 104 50 qui
1613 2301 164 50 habitus
1732 2301 104 50 est
1792 2301 238 50 nobilissimus
1985 2301 134 50 inter
2060 2301 104 50 omnes

1301 2342 152 44 habitus
1412 2342 152 44 animae,
1522 2342 83 44 vt
1563 2342 124 44 patet
1646 2342 97 44 per
1701 2342 124 44 Aris.
1784 2342 83 44 1.
1825 2342 110 44 met.
1894 2342 69 44 &
1922 2342 83 44 8.
1963 2342 97 44 ac.
2019 2342 83 44 10
2046 2342 83 44 eth-

1326 2387 71 40 4
1354 2387 185 40 Preterea,
1496 2387 128 40 causa
1582 2387 185 40 aequiuoca
1724 2387 100 40 est
1781 2387 171 40 nobilior
1909 2387 100 40 suo
1966 2387 171 40 effectu.
2094 2387 100 40 Sed

1303 2419 130 57 actus
1389 2419 216 57 intellectus
1562 2419 101 57 est
1619 2419 130 57 causa
1706 2419 187 57 aequiuoca
1849 2419 130 57 actus
1936 2419 144 57 ipsius
2022 2419 144 57 volunta-

1293 2456 112 44 tis,
1363 2456 168 44 respectu
1489 2456 140 44 vltimi
1587 2456 126 44 finis
1671 2456 112 44 ergo
1742 2456 98 44 est
1798 2456 168 44 nobilior
1924 2456 98 44 eo,
1980 2456 70 44 &
2008 2456 98 44 per
2050 2456 112 44 conse-

1316 2502 127 51 uens,
1401 2502 226 51 principalius
1585 2502 184 51 consistit
1726 2502 85 51 in
1769 2502 85 51 eo
1811 2502 198 51 beatitudo.
1967 2502 127 51 Maior
2052 2502 142 51 patet,

1318 2545 104 45 uia
1377 2545 89 45 in
1422 2545 104 45 hoc
1481 2545 163 45 differt
1599 2545 133 45 causa
1688 2545 192 45 aequiuoca
1836 2545 74 45 a
1866 2545 133 45 causa
1955 2545 178 45 vniuoca:
2073 2545 89 45 quia

1295 2581 123 46 causa
1378 2581 151 46 vniuoca
1487 2581 96 46 est
1542 2581 192 46 formaliter
1693 2581 137 46 talis,
1789 2581 137 46 qualis
1885 2581 96 46 est
1940 2581 110 46 suus
2008 2581 178 46 effectus,

1294 2621 72 42 &
1322 2621 101 42 per
1380 2621 216 42 consequens,
1553 2621 101 42 non
1611 2621 101 42 est
1669 2621 188 42 nobilior,
1813 2621 130 42 licet
1899 2621 101 42 sit
1957 2621 130 42 aeque
2029 2621 130 42 nobilis

1301 2656 129 56 sicut
1387 2656 115 56 suus
1458 2656 186 56 effectus.
1602 2656 100 56 Sed
1659 2656 129 56 causa
1745 2656 186 56 aequiuoca
1888 2656 100 56 est
1946 2656 215 56 uirtualiter
2103 2656 72 56 ta-

1307 2704 98 39 is,
1363 2704 140 39 qualis
1461 2704 98 39 est
1517 2704 112 39 suus
1586 2704 182 39 effectus,
1726 2704 70 39 &
1754 2704 98 39 per
1810 2704 210 39 consequens,
1977 2704 98 39 est
2019 2704 140 39 nobilior

1297 2732 99 48 suo
1353 2732 169 48 esfectu,
1480 2732 113 48 quia
1551 2732 212 48 continentia
1720 2732 184 48 virtualis
1862 2732 99 48 est
1918 2732 212 48 eminentior,
2073 2732 85 48 quam

1293 2772 209 62 formalis.
1454 2772 145 62 Minor
1550 2772 193 62 probatur
1694 2772 112 62 quo
1759 2772 96 62 ad
1807 2772 145 62 ambas
1903 2772 177 62 partes,
2032 2772 128 62 quia
2096 2772 48 62 d

1304 2812 130 44 ictus
1390 2812 217 44 intellectus
1564 2812 101 44 sit
1622 2812 130 44 causa
1709 2812 130 44 actus
1796 2812 203 44 uoluntatis
1941 2812 217 44 respectuulti-

1295 2856 86 54 mi
1338 2856 129 54 finis
1424 2856 144 54 patet,
1524 2856 115 54 quia
1596 2856 144 54 posito
1697 2856 115 54 actu
1768 2856 215 54 intellectus
1941 2856 172 54 respectu
2056 2856 100 54 ulti-

1292 2896 90 54 mi
1337 2896 150 54 finis,
1442 2896 210 54 necessario
1606 2896 165 54 ponitur
1726 2896 135 54 actus
1816 2896 224 54 uoluntatis,
1995 2896 135 54 clare
2070 2896 90 54 enim

1311 2933 123 42 ppre
1387 2933 138 42 henso
1480 2933 154 42 ultimo
1587 2933 123 42 fine
1664 2933 108 42 per
1726 2933 246 42 intellectum,
1925 2933 215 42 necessario
2079 2933 77 42 uo-

1299 2970 132 56 luntas
1391 2970 145 56 diligit
1496 2970 158 56 ipsum:ut
1615 2970 118 56 patet
1694 2970 79 56 ex
1733 2970 132 56 dictis
1825 2970 118 56 dist.
1904 2970 79 56 1.
1944 2970 105 56 q.2.
2009 2970 118 56 Etiam
2088 2970 92 56 non

1300 3011 141 56 posito
1399 3011 113 56 actu
1469 3011 226 56 intellectus,
1653 3011 99 56 non
1710 3011 155 56 ponitur
1823 3011 127 56 actus
1908 3011 212 56 voluntatis,
2063 3011 85 56 quia

1300 3053 187 45 poluntas
1440 3053 109 45 non
1503 3053 156 45 potest
1612 3053 140 45 ferri
1705 3053 93 45 in
1752 3053 109 45 non
1814 3053 202 45 cognitum.
1969 3053 124 45 Quod
2047 3053 140 45 etiam

1295 3087 97 59 sit
1351 3087 111 59 eius
1420 3087 125 59 causa
1504 3087 195 59 aequiuoca,
1657 3087 139 59 patet,
1754 3087 111 59 quia
1823 3087 83 59 in
1865 3087 111 59 tali
1935 3087 195 59 causatione
2074 3087 83 59 effe

1300 3122 124 66 ctus,
1383 3122 69 66 &
1410 3122 124 66 causa
1493 3122 179 66 differunt
1616 3122 124 66 specie.
