2403 3527
238 255 105 62 men
298 255 105 62 quo
358 255 90 62 ad
403 255 210 62 naturalia.
568 255 150 62 Etiaml
673 255 90 62 in
717 255 135 62 ipsis
807 255 165 62 angelis
927 255 105 62 est
972 255 135 62 notitia

229 312 136 44 rerum
320 312 91 44 in
365 312 166 44 proprio
486 312 166 44 genere,
607 312 166 44 praeter
728 312 197 44 notitiam,
879 312 106 44 qua
940 312 106 44 res
985 312 106 44 cogno

231 349 138 51 scunt
323 349 92 51 in
369 349 154 51 verbo.
477 349 108 51 Nec
538 349 108 51 hoc
600 349 185 51 intendit
738 349 154 51 negare
846 349 185 51 Maximus:
984 349 108 51 sed
1030 349 62 51 so

227 392 117 43 lum
294 392 150 43 negat
394 392 183 43 angelos
527 392 217 43 huiusmodi
694 392 200 43 notitiam
844 392 167 43 habere
960 392 117 43 per
1010 392 100 43 spe-

237 429 124 44 cies
314 429 77 44 a
345 429 139 44 rebus
438 429 232 44 acquisitas:
623 429 124 44 quia
701 429 201 44 huiusmodi
855 429 186 44 notitiam
979 429 124 44 habent

232 466 101 63 per
289 466 159 63 species
405 466 115 63 sibi
462 466 188 63 concreatas.

273 503 171 47 Secunda
398 503 202 47 conclusio
553 503 124 47 est,
631 503 124 47 quod
709 503 109 47 non
771 503 109 47 est
833 503 171 47 necesse
942 503 155 47 Christum

237 540 198 56 huiusmodi
389 540 182 56 scibilia
526 540 152 56 creata
632 540 137 56 omnia
723 540 213 56 cognoscere
890 540 106 56 per
951 540 122 56 vnum
1012 540 76 56 ha-

235 585 150 45 bitum,
340 585 90 45 vt
385 585 150 45 quidam
491 585 165 45 dicunt:
611 585 105 45 sed
671 585 150 45 potest
776 585 165 45 diuersa
897 585 180 45 scibilia
1017 585 75 45 co-

236 629 188 50 gnoscere
377 629 109 50 per
440 629 188 50 diuersos
580 629 172 50 habitus
705 629 141 50 modo,
799 629 109 50 quo
862 629 78 50 a
893 629 172 50 ceteris
1002 629 94 50 homi

235 667 142 45 nibus
330 667 220 45 distinctis
503 667 204 45 habitibus
660 667 267 45 cognoscuntur.
880 667 126 45 Quia
959 667 142 45 omnis
1037 667 63 45 il

234 706 92 48 la
280 706 199 48 perfectio
433 706 168 48 ponenda
555 706 107 48 est
616 706 92 48 in
662 706 138 48 anima
754 706 168 48 Christi
877 706 168 48 quantum
999 706 92 48 ad
1030 706 61 48 re

232 745 120 40 rum
300 745 274 40 coonitionem,
523 745 137 40 quae
609 745 257 40 consequitur
814 745 154 40 modum
900 745 188 40 naturalem

227 786 159 38 animae
339 786 191 38 humanae:
482 786 127 38 quia
561 786 159 38 gratia
673 786 111 38 non
737 786 159 38 tollit
848 786 191 38 naturam,
976 786 111 38 quam-

230 817 114 55 uis
295 817 212 55 perficiat
458 817 131 55 eam:
540 817 114 55 sed
605 817 147 55 modus
703 817 245 55 cognoscendi
899 817 180 55 humanus
1013 817 82 55 est

242 862 109 54 per
305 862 172 54 species
430 862 141 54 minus
524 862 250 54 vniuersales,
727 862 125 54 quam
805 862 219 54 angelicus,
978 862 94 54 ex
1009 862 78 54 quo

235 910 93 34 in
282 910 140 34 nobis
375 910 171 34 plurium
500 910 202 34 scibilium
655 910 156 34 genere
764 910 171 34 scibili
873 910 218 34 distinctorum

236 942 158 51 habitus
350 942 215 51 scientifici
523 942 258 51 plurificantur.
738 942 115 51 Vnde
809 942 129 51 sicut
896 942 158 51 dicitur
996 942 86 51 pri-

234 976 87 51 mo
278 976 233 51 posteriorum,
468 976 117 51 quod
540 976 131 51 vnius
628 976 160 51 generis
744 976 175 51 subiecti
875 976 102 51 est
934 976 102 51 vna
977 976 117 51 scien-

231 1016 114 48 tia,
302 1016 100 48 sic
359 1016 185 48 econuerso
502 1016 143 48 potest
601 1016 128 48 dici,
687 1016 114 48 quod
758 1016 171 48 plurium,
886 1016 100 48 seu
929 1016 171 48 distincto-

233 1056 112 46 rum
297 1056 176 46 generum
425 1056 225 46 scibilium,
602 1056 128 46 siue
682 1056 241 46 subiectorum
874 1056 128 46 sunt
955 1056 176 46 plures,

234 1096 73 41 &
264 1096 204 41 distinctae
424 1096 204 41 scientiae.
584 1096 87 41 Et
627 1096 131 41 istam
715 1096 204 41 sententiam
875 1096 160 41 videtur
977 1096 116 41 appro-

234 1136 121 52 bare
309 1136 151 52 doctor
415 1136 181 52 communis
551 1136 91 52 in
596 1136 151 52 tertia
702 1136 151 52 parte.
807 1136 121 52 411.
883 1136 121 52 art.
958 1136 91 52 8.
988 1136 106 52 quam-

240 1180 101 50 uis
297 1180 187 50 oppositam
441 1180 230 50 conclusionem
628 1180 144 50 teneat
729 1180 86 50 in
772 1180 158 50 scripto
887 1180 86 50 3.
930 1180 129 50 libus
1002 1180 86 50 sen-

240 1213 192 54 tentiarum
388 1213 133 54 dist.
462 1213 59 54 14

280 1225 97 82 Et
328 1225 194 82 probatur
474 1225 97 82 ab
522 1225 210 82 aliquibus
683 1225 129 82 sic.
764 1225 81 82 1
796 1225 161 82 Angeli
909 1225 113 82 non
958 1225 129 82 habeni

228 1302 201 42 scientiam
382 1302 217 42 distinctam
553 1302 108 42 per
615 1302 186 42 habitus:
754 1302 124 42 ergo
832 1302 108 42 nec
894 1302 201 42 Christus.
1033 1302 62 42 An

233 1331 190 46 tecedens
376 1331 142 46 patet
471 1331 190 46 Probatur
613 1331 269 46 consequentia:
835 1331 127 46 quia
914 1331 158 46 quanto
1009 1331 79 46 lim

231 1371 148 56 pidior
335 1371 103 56 est
394 1371 236 56 intellectus,
585 1371 133 56 tanto
674 1371 89 56 ex
718 1371 221 56 paucioribus
895 1371 148 56 potest
984 1371 103 56 plur-

234 1404 227 57 cognoscere:
416 1404 106 57 sed
476 1404 197 57 limpidior
628 1404 106 57 est
688 1404 227 57 intellectus
870 1404 182 57 Christi,
1006 1404 121 57 quam

222 1443 236 60 intellectus
396 1443 173 60 angelicus

270 1471 76 68 2
300 1471 213 68 Praeterea,
467 1471 152 68 animae
574 1471 243 68 nobilissimae
772 1471 137 68 debet
863 1471 182 68 attribui
985 1471 106 68 nobi-

239 1524 195 56 lissimus
385 1524 146 56 modus
483 1524 260 56 cognoscendi:
694 1524 114 56 sed
759 1524 228 56 cognoscere
938 1524 146 56 omnia
1019 1524 81 56 per

231 1564 133 60 vnum
315 1564 183 60 habitum
448 1564 116 60 est
514 1564 200 60 nobilior
664 1564 166 60 modus,
780 1564 133 60 quam
863 1564 116 60 per
913 1564 133 60 plures

309 1603 216 47 Praeterea,
478 1603 231 47 oppositorum
663 1603 200 47 oppositae
817 1603 123 47 sunt
878 1603 216 47 condiciones;

238 1639 101 54 sed
295 1639 188 54 scientiae
440 1639 173 54 nostrae:
570 1639 116 54 quia
642 1639 188 54 causantur
787 1639 72 54 a
815 1639 130 54 rebus
888 1639 202 54 exterioribus

236 1679 125 50 ideo
315 1679 282 50 distinguuntur,
549 1679 141 50 iuxta
643 1679 266 50 distinctionem
862 1679 219 50 scibilium.
1019 1679 78 50 Nam

234 1726 212 51 scientiae
397 1726 195 51 secantur
543 1726 244 51 quemadmodum
739 1726 81 51 &
771 1726 130 51 res3
853 1726 98 51 de
902 1726 163 51 anima:
999 1726 98 51 ergo

245 1758 103 59 per
304 1758 191 59 oppositum
451 1758 176 59 scientia
583 1758 176 59 Christi,
715 1758 103 59 cum
774 1758 103 59 non
833 1758 103 59 sit
891 1758 103 59 per
950 1758 176 59 acquisi

244 1795 166 66 tionem
361 1795 83 66 a
394 1795 166 66 rebus:
510 1795 116 66 sed
576 1795 116 66 per
643 1795 232 66 infusionem
825 1795 83 66 a
859 1795 133 66 Deo:
942 1795 133 66 ideo
1008 1795 83 66 non

247 1842 229 59 distinguitur
433 1842 229 59 distinctione
605 1842 172 59 scibilium,

263 1854 80 81 4
295 1854 223 81 Praeterea,
470 1854 111 81 ars
533 1854 239 81 regulatiua,
724 1854 80 81 &
756 1854 286 81 architectonica
979 1854 111 81 manet

240 1919 124 57 vna,
317 1919 170 57 quamuis
441 1919 139 57 artes
534 1919 263 57 subseruientes
750 1919 294 57 multiplicentur:
983 1919 108 57 sicui

239 1948 106 58 ars
299 1948 197 58 militaris
451 1948 136 58 manet
541 1948 106 58 vna
602 1948 166 58 quamuis
723 1948 212 58 equestris,
874 1948 227 58 frenefactiua,

241 1991 229 57 sellefactiua,
430 1991 230 57 scutifactiua,
619 1991 68 57 &
646 1991 95 57 sic
700 1991 81 57 de
740 1991 135 57 aliis,
835 1991 108 57 quae
902 1991 162 57 militari
1010 1991 81 57 sub-

241 2042 165 43 seruiunt
365 2042 110 43 sint
433 2042 124 43 valde
516 2042 151 43 multae:
626 2042 96 43 sed
681 2042 165 43 scientia
804 2042 151 43 Christi
914 2042 96 43 est
969 2042 124 43 quasi
1037 2042 69 43 ar-

234 2067 240 61 chitectonica
429 2067 180 61 respectu
564 2067 225 61 scientiarum
743 2067 150 61 omnium
848 2067 165 61 hominu:
968 2067 120 61 ergo
1028 2067 60 61 &c

257 2108 81 57 3
289 2108 226 57 Praeterea,
466 2108 97 57 in
515 2108 193 57 Commento
660 2108 113 57 17.
724 2108 258 57 propositonis
934 2108 97 57 de
966 2108 129 57 causis

233 2162 190 50 dicitur,
375 2162 126 50 quod
455 2162 158 50 virtus
565 2162 158 50 quanto
676 2162 142 50 magis
771 2162 253 50 approximatur
976 2162 111 50 vni
1024 2162 63 50 pu

233 2190 104 49 ro,
293 2190 74 49 &
322 2190 134 49 vero,
411 2190 134 49 tanto
501 2190 104 49 fit
560 2190 223 49 vehementior
738 2190 119 49 eius
813 2190 163 49 vnitas,
931 2190 104 49 sed
976 2190 104 49 scien

236 2230 106 55 tia
296 2230 166 55 Christi
417 2230 151 55 maxime
522 2230 241 55 appropinquat
718 2230 196 55 scientiae
869 2230 151 55 verbi,
974 2230 121 55 quae
1035 2230 60 55 es

231 2283 114 54 Vna
296 2283 147 54 pura,
394 2283 82 54 &
410 2283 98 54 vera

278 2307 97 67 Ad
326 2307 162 67 primum
439 2307 210 67 dicendum,
601 2307 129 67 quod
682 2307 178 67 quamuis
811 2307 194 67 scientia
940 2307 162 67 Christi,

247 2355 129 63 quam
328 2355 145 63 habet
424 2355 97 63 de
473 2355 145 63 rebus
570 2355 97 63 in
618 2355 177 63 proprio
747 2355 161 63 genere
860 2355 177 63 quantum
989 2355 97 63 ad
1021 2355 81 63 il-

240 2393 116 60 lud,
313 2393 116 60 quod
386 2393 87 60 in
429 2393 87 60 ea
473 2393 232 60 consideratur
661 2393 87 60 ex
705 2393 131 60 parte
792 2393 218 60 influentis,
952 2393 145 60 excederi

242 2439 153 64 possit
349 2439 199 64 scientiam
502 2439 153 64 omnium
609 2439 214 64 angelorum:
778 2439 122 64 quia
854 2439 199 64 nobilius,
1007 2439 77 64 &
1022 2439 77 64 lim

238 2478 158 63 pidius
349 2478 127 63 Deus
428 2478 174 63 influit
554 2478 142 63 talem
649 2478 206 63 scientiam
808 2478 95 63 in
855 2478 158 63 animam
950 2478 158 63 Christi,

249 2510 129 67 quam
329 2510 96 67 in
378 2510 225 67 quemcunque
554 2510 225 67 angelorum:
731 2510 113 67 est
796 2510 145 67 tamen
892 2510 145 67 infra
972 2510 129 67 scien-

250 2552 114 57 tiam
321 2552 185 57 angelorum
463 2552 156 57 quantum
577 2552 85 57 ad
620 2552 128 57 modum
705 2552 228 57 recipientis;
890 2552 71 57 &
918 2552 114 57 ideo
975 2552 128 57 ratione

254 2590 198 60 recipientis
412 2590 119 60 talis
492 2590 159 60 scientia
611 2590 93 60 pot
664 2590 106 60 esse
730 2590 93 60 per
783 2590 159 60 diuersos
902 2590 145 60 habitus
994 2590 106 60 distin

238 2632 134 53 cta.
322 2632 101 53 Ad
372 2632 201 53 secundum
523 2632 218 53 dicendum,
691 2632 134 53 quod
775 2632 268 53 nobilissimae
977 2632 117 53 anima

248 2667 141 63 debet
342 2667 188 63 attribui
483 2667 251 63 nobilissimus
687 2667 141 63 modus
781 2667 251 63 cognoscendi:
984 2667 110 63 sic
1031 2667 63 63 ta

245 2706 125 59 men,
323 2706 125 59 quod
401 2706 109 59 sit
464 2706 141 59 modus
558 2706 234 59 cognoscendi
745 2706 203 59 animarum,
901 2706 78 59 &
932 2706 109 59 non
979 2706 125 59 trahat

244 2747 178 63 animam
369 2747 160 63 extra
476 2747 232 63 communem,
654 2747 89 63 &
690 2747 285 63 connaturalem
922 2747 160 63 modum
1011 2747 89 63 con

240 2792 230 60 gnoscendi
417 2792 230 60 animarum.
594 2792 141 60 Vnde
682 2792 124 60 per
753 2792 177 60 eundem
876 2792 159 60 modum
965 2792 141 60 arguen

239 2824 85 57 di
281 2824 142 57 posset
381 2824 170 57 probari,
508 2824 113 57 quod
579 2824 128 57 anima
664 2824 213 57 cognosceret
835 2824 99 57 per
891 2824 184 57 essentiam
1019 2824 85 57 suam

247 2864 114 64 qui
312 2864 114 64 est
377 2864 164 64 omnium
492 2864 180 64 modorum
623 2864 196 64 nobilior
770 2864 98 64 in
819 2864 262 64 cognoscendo:
1015 2864 82 64 sec

243 2913 234 53 cognoscere
427 2913 150 53 omnia
528 2913 117 53 per
594 2913 134 53 vnum
678 2913 184 53 habitum
812 2913 117 53 non
879 2913 117 53 est
946 2913 150 53 modus
1029 2913 67 53 co

250 2950 211 60 gnoscendi
412 2950 179 60 humanae
542 2950 179 60 animae:
672 2950 130 60 ergo
737 2950 81 60 &c.

295 2979 94 56 Ad
342 2979 172 56 tertium
467 2979 187 56 dicendum
608 2979 109 56 que
670 2979 109 56 ibi
732 2979 203 56 accipitur
888 2979 109 56 non
951 2979 140 56 causa
1029 2979 78 56 pro

241 3033 144 48 causa:
341 3033 115 48 quia
413 3033 101 48 est
471 3033 173 48 infusum;
600 3033 101 48 vel
658 3033 201 48 acquisitum
816 3033 101 48 non
874 3033 130 48 facit
960 3033 86 48 ad
989 3033 115 48 diuer-

239 3061 170 66 sitate,
362 3061 108 66 vel
424 3061 170 66 vnitate
548 3061 201 66 habituum,
703 3061 108 66 sed
765 3061 108 66 hoc
827 3061 186 66 prouenit
967 3061 93 66 ex
998 3061 108 66 natu-

240 3095 122 69 tali
316 3095 122 69 modo
392 3095 107 69 rei
453 3095 259 69 cognoscentis:
667 3095 122 69 sin,
743 3095 122 69 esse
819 3095 168 69 infusum
941 3095 168 69 faceret
1048 3095 61 69 ad

1134 272 183 49 vnitatem
1271 272 183 49 habitus,
1408 272 122 49 tunc
1484 272 137 49 omnes
1576 272 168 49 habitus
1698 272 152 49 insusi
1804 272 152 49 essent
1896 272 91 49 vnus

1126 315 170 49 habitus.
1253 315 127 49 Vnde,
1338 315 155 49 ceteris
1451 315 170 49 paribus,
1578 315 99 49 non
1635 315 113 49 plus
1705 315 155 49 differt
1818 315 155 49 habitus
1917 315 71 49 in-

1123 357 153 47 fusus,
1230 357 77 47 &
1261 357 169 47 habitus
1384 357 77 47 a
1414 357 138 47 rebus
1506 357 230 47 acquisitus,
1690 357 123 47 quam
1767 357 123 47 homo
1829 357 153 47 superna-

1122 403 198 39 turaliter
1274 403 183 39 creatus,
1412 403 76 39 &
1442 403 122 39 homo
1518 403 229 39 naturaliter
1686 403 107 39 natus

1114 429 85 55 Ad
1156 429 156 55 quartum
1270 429 184 55 dicendum,
1411 429 113 55 quod
1482 429 156 55 posito,
1596 429 113 55 quod
1666 429 170 55 scientia
1794 429 156 55 Christi
1893 429 85 55 fue-

1120 471 116 45 rit
1187 471 166 45 regula
1303 471 166 45 omnisi
1420 471 216 45 ceterorum
1586 471 200 45 habituum
1736 471 233 45 humanorum:
1902 471 83 45 ta-

1127 515 110 45 men
1190 515 174 45 propter
1317 515 110 45 hoc
1380 515 110 45 non
1443 515 142 45 esset
1537 515 95 45 in
1585 515 174 45 Christo
1711 515 126 45 vnus
1790 515 142 45 solus
1869 515 110 45 habi-

1132 556 124 42 tus:
1209 556 109 42 sed
1271 556 186 42 supremus
1411 556 140 42 inter
1504 556 140 42 omnes
1597 556 171 42 ceteros
1721 556 171 42 habitus
1829 556 155 42 scienti-

1123 593 129 42 sicos
1209 593 172 42 Christi,
1337 593 129 42 puta,
1423 593 229 42 theologicus,
1609 593 100 42 vel
1666 593 229 42 metaphysicus
1852 593 129 42 esset
1924 593 57 42 hu

1115 631 180 50 iusmodi
1245 631 196 50 mensura,
1393 631 114 50 seu
1458 631 164 50 regula
1556 631 180 50 ceterorum

1138 671 91 48 Ad
1183 671 167 48 quintum
1305 671 197 48 dicendum,
1456 671 106 48 qud
1517 671 121 48 illa
1593 671 197 48 proposito
1745 671 182 48 intendit
1866 671 106 48 probi

1125 713 91 49 re
1170 713 167 49 maiorem
1292 713 182 49 vnitatem
1428 713 121 49 esse
1504 713 91 49 in
1549 713 182 49 scientia
1686 713 258 49 substantiarum
1883 713 91 49 sep-

1129 751 181 39 ratarum,
1265 751 121 39 quam
1340 751 91 39 in
1386 751 166 39 nostra,
1507 751 76 39 &
1537 751 106 39 hoc
1597 751 181 39 concedo,
1733 751 106 39 nec
1794 751 121 39 illa
1854 751 121 39 propo-

1123 790 135 51 sitio
1213 790 105 51 est
1273 790 90 51 ad
1318 790 226 51 propositum:
1499 790 120 51 quia
1574 790 195 51 proposito
1724 790 180 51 loquitur
1860 790 90 51 de
1890 790 90 51 pro-

1126 825 255 51 pinquitate
1326 825 218 51 secundum
1490 825 164 51 modum
1599 825 255 51 naturalem:
1799 825 127 51 sed
1854 825 127 51 anima

1129 866 170 47 Christi
1252 866 108 47 non
1314 866 108 47 est
1376 866 155 47 natura
1485 866 232 47 propinquior
1670 866 124 47 puro
1748 866 139 47 vero,
1841 866 124 47 quam
1903 866 77 47 an-

1119 903 143 56 gelus:
1219 903 100 56 sed
1276 903 100 56 hoc
1333 903 114 56 sibi
1404 903 171 56 conuenit
1533 903 86 56 ex
1575 903 114 56 sola
1633 903 128 56 gratia.

1167 934 181 54 Conclusio
1306 934 153 54 tertia,
1418 934 111 54 quod
1488 934 153 54 praeter
1599 934 153 54 habitus
1710 934 195 54 praedictos
1864 934 167 54 infusos,

1121 976 151 51 quibus
1227 976 182 51 Christus
1363 976 106 51 res
1423 976 182 51 perfecte
1560 976 182 51 cognouit
1696 976 91 51 in
1741 976 166 51 proprio
1847 976 136 51 gencre,

1118 1024 113 45 esse
1189 1024 198 45 potuerunt,
1345 1024 85 45 &,
1387 1024 85 45 vt
1430 1024 128 45 puto,
1515 1024 156 45 fuerunt
1628 1024 85 45 in
1670 1024 156 45 Christo
1784 1024 156 45 habitus
1883 1024 99 45 scien

1127 1057 137 48 tifici
1223 1057 68 48 a
1250 1057 109 48 reb,
1319 1057 191 48 acquisiti.
1469 1057 68 48 1
1496 1057 123 48 Quia,
1578 1057 96 48 aut
1633 1057 164 48 Christus
1756 1057 164 48 vtebatur
1865 1057 123 48 abstra-

1123 1103 140 38 ctione
1221 1103 223 38 phantasmatum
1402 1103 154 38 virtute
1514 1103 154 38 luminis
1626 1103 210 38 intellectus
1793 1103 168 38 agentis,
1905 1103 70 38 aui

1121 1142 119 45 non.
1196 1142 90 45 Si
1241 1142 119 45 sic,
1315 1142 119 45 tunc
1390 1142 105 45 per
1449 1142 194 45 huiusmodi
1599 1142 254 45 abstractionem
1808 1142 149 45 potuit
1897 1142 75 45 ha-

1131 1180 138 49 bere,
1223 1180 108 49 seu
1284 1180 200 49 acquirere
1438 1180 169 49 habitum
1561 1180 230 49 discursiuum
1745 1180 77 49 a
1776 1180 215 49 praemissis
1930 1180 61 49 ad

1124 1217 284 51 conclusionem,
1358 1217 84 51 &
1392 1217 117 51 per
1458 1217 234 51 consequens
1642 1217 134 51 modo
1726 1217 167 51 humano
1842 1217 167 51 acqui

1131 1253 123 46 siuit
1213 1253 191 46 scientiam.
1363 1253 82 46 Si
1404 1253 109 46 non,
1472 1253 95 46 tuc
1526 1253 150 46 frustra
1635 1253 163 46 fuissent
1758 1253 82 46 in
1799 1253 150 46 Christo
1894 1253 82 46 phan

1129 1295 139 47 tasia,
1226 1295 69 47 &
1254 1295 139 47 ceteri
1351 1295 139 47 sensus
1448 1295 208 47 interiores,
1615 1295 83 47 ac
1657 1295 125 47 lumen
1740 1295 208 47 intellectus
1893 1295 83 47 age-

1131 1333 126 50 tis,
1210 1333 126 50 quae
1288 1333 141 50 omnia
1382 1333 94 50 in
1430 1333 157 50 homine
1539 1333 94 50 ad
1587 1333 110 50 hoc
1649 1333 204 50 ponuntur,
1806 1333 94 50 vt
1853 1333 78 50 a
1869 1333 110 50 rebus

1123 1374 183 50 acquirat
1260 1374 168 50 aliquos
1382 1374 168 50 habitus
1489 1374 199 50 cognitiuos,

1142 1413 70 49 2
1170 1413 197 49 Praeterea,
1325 1413 127 49 Ambr.
1410 1413 85 49 3.
1452 1413 127 49 libro
1536 1413 85 49 de
1579 1413 155 49 spiritu
1691 1413 141 49 sancto
1790 1413 169 49 tractans
1903 1413 70 49 il-

1122 1453 102 50 lud
1181 1453 204 50 euangelij.
1341 1453 131 50 Tesus
1429 1453 131 50 autem
1516 1453 219 50 proficiebat
1691 1453 204 50 sapientia,
1852 1453 73 50 &
1866 1453 117 50 aetate

1129 1494 114 43 apud
1200 1494 142 43 Deusm,
1300 1494 71 43 &
1328 1494 171 43 homines;
1456 1494 142 43 dicit,
1556 1494 171 43 Christus
1684 1494 214 43 proficiebat
1841 1494 142 43 secundum

1130 1530 156 46 humanum
1243 1530 156 46 sensum:
1357 1530 99 46 sed
1413 1530 99 46 non
1470 1530 213 46 proficiebat
1640 1530 170 46 secundum
1767 1530 184 46 scientiam
1895 1530 85 46 diui

1130 1570 109 42 nam,
1199 1570 96 42 nec
1253 1570 164 42 secundum
1376 1570 178 42 scientiam
1513 1570 164 42 infusam,
1636 1570 82 42 vt
1677 1570 137 42 ibidem
1772 1570 96 42 ait
1827 1570 123 42 Ambr.
1895 1570 82 42 quia

1127 1610 131 56 illam
1215 1610 73 56 a
1244 1610 190 56 principio
1390 1610 117 56 suae
1463 1610 233 56 conceptionis
1653 1610 175 56 perfecta
1784 1610 146 56 habuit
1886 1610 73 56 :
1900 1610 88 56 ergo

1133 1657 168 44 prosecit
1259 1657 154 44 quantum
1372 1657 84 44 ad
1414 1657 182 44 scientiam
1554 1657 70 44 a
1582 1657 126 44 rebus
1666 1657 210 44 acquisitam.
1835 1657 98 44 Sed
1877 1657 126 44 contra-

1127 1700 119 39 rium
1201 1700 149 39 istius
1305 1700 149 39 tenent
1410 1700 149 39 quidam
1514 1700 134 39 magni
1603 1700 193 39 doctores,
1751 1700 119 39 quod
1826 1700 163 39 probant
1930 1700 74 39 sic

1153 1725 72 51 1
1181 1725 86 51 Si
1224 1725 172 51 Christus
1354 1725 144 51 habuit
1454 1725 187 51 scientiam
1598 1725 216 51 acquisitam,
1770 1725 101 51 aut
1828 1725 144 51 habuit
1914 1725 72 51 cam

1130 1765 107 56 per
1191 1765 215 56 doctrinam,
1360 1765 107 56 aut
1421 1765 107 56 per
1482 1765 184 56 propriam
1620 1765 261 56 experientiam.
1835 1765 107 56 Non
1881 1765 92 56 pri-

1137 1810 100 48 mo
1187 1810 150 48 modo:
1288 1810 134 48 quia
1371 1810 234 48 mrrabantur
1555 1810 167 48 ludaei
1672 1810 217 48 dicentes,
1822 1810 150 48 Quomodo

1127 1841 113 50 scit
1198 1841 99 50 hic
1254 1841 184 50 litteras,
1396 1841 99 50 cum
1452 1841 99 50 non
1509 1841 184 50 didicerit
1650 1841 113 50 eas:
1721 1841 85 50 vt
1764 1841 156 50 habetur
1877 1841 85 50 in
1905 1841 85 50 euam

1135 1890 148 46 gelio.
1239 1890 104 46 Nec
1298 1890 163 46 secundo
1417 1890 134 46 modo:
1506 1890 119 46 quia
1580 1890 193 46 scientia,
1729 1890 119 46 quae
1803 1890 104 46 est
1862 1890 104 46 per
1907 1890 74 46 ex-

1146 1922 208 51 perientiam
1310 1922 134 51 vnius
1399 1922 178 51 hominis,
1533 1922 104 51 est
1592 1922 134 51 valde
1682 1922 223 51 imperfecta.
1845 1922 134 51 Imperfe

1135 1959 105 50 cta
1195 1959 135 50 autem
1285 1959 180 50 scientia
1420 1959 105 50 non
1481 1959 135 50 debet
1571 1959 120 50 poni
1646 1959 90 50 in
1676 1959 135 50 Christo

1139 1981 73 70 2
1169 1981 189 70 Praeterea
1314 1981 160 70 frustra
1430 1981 203 70 acquiritur
1589 1981 160 70 habitus
1705 1981 203 70 scientiae,
1865 1981 102 70 qui
1908 1981 73 70 iam

1128 2039 177 47 habetur
1257 2039 81 47 :
1289 2039 113 47 sed
1354 2039 194 47 Christus
1499 2039 97 47 ab
1547 2039 161 47 initio
1660 2039 161 47 habuit
1773 2039 161 47 omnium
1870 2039 113 47 rerum

1138 2077 182 50 scientiam
1278 2077 98 50 per
1334 2077 210 50 infusionem,
1503 2077 84 50 vt
1545 2077 84 50 in
1587 2077 140 50 dictis
1671 2077 126 50 patuit.

1137 2111 80 56 3
1169 2111 223 56 Praeterea,
1344 2111 112 56 duo
1408 2111 223 56 accidentia
1583 2111 143 56 solum
1679 2111 159 56 numero
1775 2111 207 56 differentia

1128 2152 146 50 essent
1230 2152 131 50 simul
1318 2152 87 50 in
1362 2152 131 50 eodem
1449 2152 190 50 subiecto:
1595 2152 117 50 quia
1668 2152 131 50 tumet
1755 2152 160 50 dixisti
1872 2152 87 50 in
1901 2152 73 50 com

1131 2203 160 39 clusione
1250 2203 213 39 praecedenti,
1423 2203 106 39 quod
1490 2203 146 39 habitus
1596 2203 160 39 infusus,
1716 2203 67 39 &
1743 2203 186 39 acquisitus
1876 2203 106 39 esseni

1136 2235 165 47 eiusdem
1256 2235 195 47 rationis,
1406 2235 135 47 sicut
1496 2235 120 47 homo
1570 2235 180 47 creatus,
1705 2235 75 47 &
1735 2235 120 47 homo
1795 2235 165 47 generatus

1141 2275 72 50 2
1169 2275 202 50 Praeterea,
1328 2275 130 50 sicut
1415 2275 87 50 in
1458 2275 159 50 Christo
1574 2275 159 50 negatur
1689 2275 202 50 acquisitio
1834 2275 144 50 scientia

1140 2313 107 50 per
1201 2313 214 50 doctrinam,
1369 2313 92 50 ne
1415 2313 184 50 Christus
1553 2313 168 50 dicatur
1676 2313 92 50 ab
1722 2313 153 50 aliquo
1829 2313 153 50 homine
1921 2313 61 50 de

1139 2350 169 55 pendere,
1266 2350 99 55 sic
1322 2350 155 55 neganda
1435 2350 99 55 est
1492 2350 85 55 ab
1534 2350 85 55 eo
1577 2350 184 55 scientiae
1718 2350 198 55 acquisitio
1873 2350 99 55 per
1915 2350 71 55 ex-

1143 2401 199 43 perientiam
1299 2401 71 43 a
1327 2401 142 43 rebus,
1427 2401 85 43 ne
1470 2401 156 43 dicatur
1583 2401 85 43 ab
1626 2401 99 43 his
1683 2401 142 43 rebus,
1782 2401 114 43 quae
1839 2401 142 43 indignio

1125 2430 116 48 res
1192 2430 133 48 sunt
1275 2430 182 48 homine,
1407 2430 232 48 dependere.
1590 2430 116 48 Sed
1656 2430 133 48 ista
1739 2430 116 48 non
1789 2430 199 48 eoncludunt

1135 2467 152 47 lgitur
1241 2467 91 47 ad
1286 2467 152 47 primum
1393 2467 197 47 dicendum,
1544 2467 121 47 quod
1620 2467 152 47 potuit
1726 2467 197 47 scientiam
1863 2467 121 47 habere

1128 2510 104 50 per
1187 2510 252 50 experientiam.
1395 2510 89 50 Ad
1439 2510 222 50 probationem
1617 2510 133 50 dico,
1706 2510 119 50 quod
1780 2510 163 50 quamuis
1884 2510 104 50 scien

1138 2549 107 49 tia
1199 2549 153 49 habita
1306 2549 107 49 per
1368 2549 245 49 experientiam
1567 2549 138 49 vnius
1659 2549 184 49 hominis,
1797 2549 107 49 qui
1843 2549 138 49 debilem

1133 2586 170 48 haberet
1256 2586 232 48 phantasiam,
1441 2586 77 48 &
1472 2586 170 48 hebetem
1596 2586 247 48 intellectum,
1797 2586 139 48 esset
1874 2586 108 48 imper

1133 2625 143 50 secta:
1233 2625 128 50 tamen
1318 2625 128 50 illa,
1404 2625 114 50 quae
1475 2625 185 50 haberetur
1617 2625 100 50 per
1674 2625 228 50 experientiam
1860 2625 128 50 vnius
1931 2625 57 50 ho

1127 2672 150 44 minis,
1232 2672 105 44 qui
1292 2672 285 44 ordinatissimam,
1532 2672 75 44 &
1562 2672 255 44 stabilissimam
1771 2672 165 44 haberet
1876 2672 105 44 phan-

1139 2708 154 42 tasiam,
1251 2708 70 42 &
1279 2708 239 42 subtilissimum
1476 2708 211 42 intellectu,
1644 2708 112 42 illa
1714 2708 140 42 posset
1813 2708 112 42 esse
1869 2708 112 42 perfe-

1127 2741 148 52 ctior,
1231 2741 119 52 quam
1305 2741 104 52 ea,
1365 2741 119 52 quae
1439 2741 193 52 haberetur
1587 2741 104 52 per
1647 2741 237 52 experientias
1840 2741 134 52 mille
1914 2741 74 52 ce-

1136 2782 181 45 terorum
1267 2782 197 45 hominum:
1415 2782 115 45 sed
1481 2782 197 45 Christus
1629 2782 164 45 habuit
1727 2782 263 45 ordinatissimam

1152 2819 211 53 hantasiam,
1318 2819 75 53 &
1348 2819 257 53 subtilissimum
1559 2819 241 53 intellectum,
1756 2819 106 53 cum
1816 2819 121 53 ipse
1876 2819 121 53 fuerit

1134 2859 125 54 prae
1212 2859 172 54 cunctis
1337 2859 203 54 hominibus
1493 2859 203 54 melioris,
1650 2859 78 54 &
1681 2859 187 54 purioris
1806 2859 187 54 complexio-

1135 2896 111 50 nis:
1205 2896 111 50 ideo
1274 2896 84 50 si
1316 2896 167 50 Christus
1441 2896 125 50 suis,
1525 2896 125 50 puris
1608 2896 209 50 naturalibus
1775 2896 153 50 fuisset
1873 2896 125 50 dereli-

1129 2934 129 45 ctus,
1215 2934 129 45 adhuc
1301 2934 86 45 ex
1344 2934 101 45 sua
1402 2934 158 45 propria
1517 2934 216 45 experientia
1689 2934 187 45 potuisset
1833 2934 129 45 etiam
1905 2934 86 45 sub-

1136 2973 194 53 tilissimas
1289 2973 180 53 scientias
1427 2973 235 53 perfectissime
1621 2973 194 53 tradidisse
1773 2973 111 53 sine
1829 2973 152 53 cuiuscun-

1135 3023 123 46 que
1205 3023 210 46 alterius
1362 3023 193 46 hominis
1502 3023 263 46 adminiculo.
1712 3023 105 46 Ad
1765 3023 210 46 secundum
1905 3023 88 46 di-

1139 3063 174 45 cendum,
1266 3063 126 45 quod
1345 3063 142 45 maior
1439 3063 111 45 est
1502 3063 142 45 vera,
1597 3063 95 45 si
1645 3063 126 45 idem
1724 3063 174 45 habitus
1834 3063 158 45 acquiri-

1137 3088 115 66 tur
1202 3088 82 66 &
1235 3088 148 66 eodem
1334 3088 148 66 modo,
1432 3088 148 66 sicut
1531 3088 197 66 habetur.
1679 3088 99 66 Et
1728 3088 115 66 sic
1777 3088 214 66 modificando
