2412 3551
259 277 95 71 Et
307 277 126 71 idem
386 277 126 71 ordo
465 277 221 71 infinuatur
639 277 142 71 extra
733 277 95 71 de
781 277 142 71 summa
876 277 221 71 Trinitate,
1050 277 79 71 &

217 343 124 40 fide
295 343 202 40 catholica
450 343 186 40 capitulo
590 343 186 40 Firmiter
729 343 202 40 credimus.
884 343 93 40 Et
931 343 93 40 in
962 343 124 40 tribus

225 382 196 51 svmbolis,
376 382 151 51 quibus
481 382 181 51 articuli
617 382 226 51 Christianae
798 382 136 51 fidei
874 382 211 51 exprimuntur,

216 422 200 45 scilicet
366 422 100 45 in
416 422 183 45 svmbolo
549 422 266 45 Apostolorum,
766 422 83 45 &
799 422 100 45 in
849 422 183 45 svmbolo
965 422 117 45 Nicen

223 459 213 43 concilii,
386 459 82 43 &
419 459 98 43 in
468 459 180 43 svmbolo
599 459 213 43 Athanasi:
762 459 98 43 In
811 459 180 43 omnibus
942 459 131 43 enim
1007 459 82 43 his

232 496 141 62 prius
326 496 219 62 exprimitur
498 496 203 62 articulus
654 496 141 62 fidei
748 496 94 62 de
794 496 203 62 mortuorum
935 496 156 62 resurre-

219 544 170 48 ctione,
342 544 124 48 quam
419 544 216 48 exprimatur
589 544 201 48 articulus
744 544 93 48 de
790 544 124 48 vita
868 544 185 48 aeterna,
991 544 93 48 quae

221 579 216 44 consistit
387 579 100 44 in
437 579 116 44 Dei
504 579 183 44 visione
637 579 83 44 :
670 579 133 44 Ergo
753 579 100 44 de
803 579 133 44 lege
886 579 183 44 communi
1002 579 83 44 non

216 617 229 42 habebitur
393 617 124 42 Dei
463 617 176 42 visio,
587 617 141 42 nisi
675 617 212 42 precedat
834 617 229 42 mortuorum
993 617 88 42 re

207 653 176 48 futrectio.

239 693 103 60 xo
290 693 223 60 Preterea,
462 693 120 60 ait
531 693 240 60 Apostolus,
719 693 137 60 Quid
805 693 137 60 mihi
891 693 206 60 prodest,
1028 693 69 60 si

229 727 167 57 mortui
346 727 117 57 non
413 727 234 57 resurgunt)
597 727 134 57 ergo
681 727 201 57 secundum
831 727 251 57 intentionem
1015 727 67 57 A-

233 777 173 50 postoli
359 777 126 50 sine
438 777 268 50 resurrectione
659 777 205 50 mortuorum
816 777 110 50 non
879 777 158 50 potest
989 777 126 50 esse

229 814 213 46 peatitudo
392 814 229 46 sanctorum,
572 814 98 46 ex
621 814 114 46 quo
686 814 163 46 nullum
801 814 213 46 profectum
948 814 147 46 reputat

215 859 154 47 sine
311 859 251 47 mortuprum
485 859 308 47 resurrectione.

237 893 93 51 2I
283 893 217 51 Praeterea,
453 893 139 51 super
546 893 124 51 illo
624 893 155 51 verbo,
732 893 139 51 Pater
825 893 124 51 quos
902 893 170 51 dedisti
1011 893 77 51 mi-

227 928 87 53 hi
270 928 130 53 volo,
357 928 87 53 vt
400 928 101 53 vbi
458 928 101 53 ego
516 928 116 53 sum,
589 928 72 53 &
618 928 116 53 illi
690 928 116 53 sint
762 928 145 53 mecum,
864 928 87 53 vt
907 928 159 53 videant
1009 928 72 53 cla

224 974 190 43 ritatem,
366 974 126 43 quam
446 974 174 43 dedisti
572 974 142 43 mihi.
667 974 142 43 Dicit
762 974 142 43 glosa
857 974 174 43 August.
967 974 111 43 Quan-

228 1011 93 45 do
274 1011 139 45 illam
367 1011 217 45 claritatem
537 1011 217 45 videbimus,
707 1011 124 45 tunc
785 1011 124 45 fiet
862 1011 186 45 indicium
986 1011 93 45 viuo

221 1052 129 53 rum,
301 1052 81 53 &
334 1052 226 53 mortuorum,
511 1052 129 53 tunc
591 1052 129 53 enim
672 1052 193 53 tolletur
817 1052 177 53 impius,
946 1052 97 53 ne
978 1052 113 53 vide-

221 1091 97 42 at
269 1091 227 42 claritatem
448 1091 130 42 Dei:
529 1091 130 42 ergo
610 1091 179 42 videtur
740 1091 195 42 secundum
870 1091 211 42 intentionem

219 1130 229 47 Augustini,
398 1130 131 47 quod
480 1130 180 47 electi,
611 1130 98 47 de
660 1130 163 47 quibus
774 1130 114 47 ibi
840 1130 196 47 loquitur
971 1130 114 47 Chri-

211 1170 142 45 stus,
306 1170 110 45 non
369 1170 173 45 videant
495 1170 220 45 claritetem
668 1170 110 45 Dei
731 1170 126 45 ante
809 1170 126 45 diem
872 1170 142 45 iudicij

236 1206 97 47 22
284 1206 211 47 Ptaeterea
446 1206 97 47 in
495 1206 162 47 Matth.
608 1206 227 47 scribitur.
786 1206 130 47 Voca
867 1206 227 47 operarios,
1045 1206 81 47 &

203 1249 142 53 redde
298 1249 142 53 illis
392 1249 189 53 mercedem
534 1249 142 53 suam,
628 1249 205 53 incipiens
786 1249 79 53 a
817 1249 220 53 nouissimis
975 1249 110 53 vsque

215 1283 96 47 ad
263 1283 177 47 primos,
392 1283 128 47 ergo
472 1283 145 47 primi
568 1283 112 47 non
632 1283 209 47 accipient
793 1283 209 47 mercedem:
954 1283 128 47 nisi
1018 1283 64 47 e-

219 1326 128 56 tiam
299 1326 208 56 accipiant
458 1326 176 56 vltimi,
586 1326 80 56 &
618 1326 112 56 per
682 1326 223 56 consequens
858 1326 96 56 in
905 1326 112 56 dic
953 1326 128 56 iudici

224 1371 148 49 omnes
322 1371 214 49 accipient
470 1371 115 49 simul

238 1400 92 61 23
284 1400 214 61 Praeterea,
452 1400 92 61 in
498 1400 138 61 lacob
590 1400 184 61 dicitur,
727 1400 122 61 quod
804 1400 138 61 sicut
895 1400 184 61 agricola
1018 1400 61 61 ex

222 1444 175 49 spectat
349 1444 175 49 fructum
476 1444 206 49 preciosum
635 1444 143 49 terre
730 1444 111 49 suo
793 1444 175 49 tempore
905 1444 190 49 restituen-

219 1487 130 43 dum,
300 1487 82 43 &
333 1487 114 43 sic
398 1487 82 43 &
431 1487 114 43 nos
496 1487 147 43 vsque
594 1487 98 43 ad
643 1487 196 43 aduentum
789 1487 163 43 domini
904 1487 163 43 nostri
1001 1487 82 43 le-

220 1525 87 42 su
264 1525 160 42 Christi
381 1525 160 42 fructum
497 1525 131 42 vitae
584 1525 175 42 aeternae
715 1525 189 42 patienter
861 1525 204 42 exspectare
1006 1525 73 42 de-

218 1559 158 55 bemus.
329 1559 95 55 Et
377 1559 127 55 idem
456 1559 127 55 habe
535 1559 111 55 tir
598 1559 95 55 ad
646 1559 158 55 Titum,
757 1559 111 55 vbi
820 1559 143 55 dicit
899 1559 190 55 Apostolus.

215 1603 175 46 Sobrie,
342 1603 159 46 iuste,
454 1603 80 46 &
486 1603 111 46 pie
550 1603 175 46 viuamus
677 1603 96 46 in
725 1603 111 46 hoc
788 1603 175 46 saeculo
900 1603 191 46 exspectan-

212 1641 113 49 tes
277 1641 162 49 beatam
390 1641 146 49 spem,
487 1641 81 49 &
520 1641 194 49 aduentum
666 1641 178 49 gloriae
795 1641 146 49 magni
893 1641 130 49 Dei,
974 1641 81 49 &
990 1641 97 49 sal-

207 1680 165 50 uatoris
327 1680 150 50 nostri
432 1680 120 50 sesu
492 1680 135 50 Christi

236 1713 96 54 22
284 1713 208 54 Praeterea
444 1713 96 54 in
492 1713 160 54 Matth.
604 1713 192 54 Saluator
747 1713 176 54 loquens
875 1713 96 54 de
923 1713 112 54 die
971 1713 112 54 iudi-

222 1759 124 46 tii,
299 1759 201 46 promittit
454 1759 217 46 Apostolis,
624 1759 124 46 quod
702 1759 155 46 sedere
810 1759 170 46 debeant
934 1759 139 46 super
1012 1759 77 46 se-

215 1800 108 47 des
276 1800 201 47 duodecim,
431 1800 139 47 iudit
524 1800 139 47 antes
617 1800 186 47 duodecim
756 1800 155 47 tribus
864 1800 170 47 lsrael.
988 1800 93 47 Et
1019 1800 77 47 ibi

214 1841 118 50 dem
282 1841 236 50 promittit,
467 1841 135 50 quod
551 1841 219 50 quicumque
720 1841 236 50 reliquerit
906 1841 169 50 domum,
1007 1841 84 50 aut

227 1883 177 49 fratres
355 1883 96 49 &c
404 1883 209 49 centuplum
564 1883 209 49 accipiet,
725 1883 80 49 &
757 1883 145 49 vitam
853 1883 177 49 eternam
966 1883 128 49 possi-

213 1918 159 44 debit:
324 1918 127 44 ergo
404 1918 143 44 vitam
499 1918 190 44 aeternam
642 1918 111 44 non
705 1918 190 44 habebunt
848 1918 175 44 fideles
975 1918 95 44 de
1007 1918 79 44 le-

216 1957 99 57 ge
266 1957 182 57 communi
399 1957 132 57 ante
481 1957 132 57 diem
547 1957 166 57 iudicij-

236 1988 98 60 23
285 1988 228 60 Praeterea,
464 1988 147 60 super
562 1988 131 60 illo
644 1988 147 60 verbo
741 1988 196 60 Apostoli
888 1988 147 60 Sonum
970 1988 114 60 certa

217 2047 110 38 men
280 2047 174 38 certaui
407 2047 110 38 &c.
470 2047 142 38 Dicit
564 2047 110 38 glo
627 2047 126 38 quod
706 2047 158 38 iustus
817 2047 142 38 iudex
911 2047 174 38 tempore
1022 2047 63 38 iu

215 2081 139 47 dicii
307 2081 123 47 cum,
384 2081 201 47 scilicet,
539 2081 201 47 Apostolum
693 2081 216 47 coronabit:
863 2081 108 47 sed
925 2081 139 47 visio
1002 2081 77 47 Der

222 2113 210 57 beatifica
383 2113 113 57 non
448 2113 210 57 praecedet
610 2113 210 57 huiusmodi
771 2113 275 57 coronationem,
981 2113 97 57 ergo

220 2159 98 49 &c.
276 2159 140 49 Multae
374 2159 112 49 sunt
443 2159 126 49 aliae
527 2159 237 49 auctoritates,
722 2159 112 49 quas
792 2159 84 49 de
834 2159 126 49 textu
918 2159 140 49 sacrae
1001 2159 84 49 scri

232 2194 168 51 pturae,
354 2194 76 51 &
384 2194 92 51 de
430 2194 244 51 originalibus
628 2194 198 51 sanctorum
781 2194 122 51 isti
857 2194 183 51 doctores
979 2194 107 51 addu-

222 2241 141 51 cunt,
316 2241 125 51 quas
394 2241 110 51 hic
457 2241 110 51 non
520 2241 141 51 pono,
614 2241 125 51 quii
692 2241 156 51 nullam
801 2241 266 51 difficultatem
1005 2241 78 51 im-

223 2273 167 57 plicant
344 2273 137 57 aliam
435 2273 76 57 a
466 2273 228 57 praemissis:
648 2273 76 57 &
678 2273 121 57 ideo
754 2273 91 57 ex
800 2273 243 57 solutionibus
982 2273 106 57 ista-

227 2311 108 57 rum
288 2311 185 57 rationum
427 2311 169 57 patebit
550 2311 169 57 illarum
673 2311 169 57 solutio
796 2311 185 57 cuilibet
920 2311 169 57 intuenti.

264 2353 104 59 Ad
316 2353 173 59 primum
437 2353 173 59 igitur
559 2353 278 59 respondendo,
784 2353 139 59 nego
871 2353 191 59 minorem
992 2353 87 59 Cau

195 2403 78 52 s
227 2403 93 52 sa
273 2403 140 52 autem
367 2403 218 52 negationis
538 2403 140 52 patet
631 2403 93 52 in
678 2403 140 52 prima
771 2403 187 52 ratione,
911 2403 124 52 quam
973 2403 109 52 supe-

218 2429 123 55 rius
295 2429 154 55 adduxi
402 2429 108 55 pro
464 2429 138 55 parte
556 2429 200 55 opposita,
710 2429 108 55 vbi
771 2429 200 55 oppositum
925 2429 154 55 istius
1017 2429 77 55 mi-

219 2474 134 50 noris
309 2474 164 50 ostendi
428 2474 105 50 tam
488 2474 224 50 auctoritate
667 2474 149 50 sacrae
771 2474 224 50 scripturae,
951 2474 119 50 quam
1010 2474 75 50 au-

243 2515 193 55 ctoritate
392 2515 119 55 Oreg
451 2515 119 55 Papae-

266 2544 104 59 Ad
318 2544 261 59 probationem
526 2544 226 59 dicendum,
700 2544 139 59 quod
787 2544 122 59 non
856 2544 122 59 est
908 2544 174 59 intentio

230 2591 143 54 beati
325 2591 159 54 Petri,
436 2591 127 54 quod
516 2591 190 54 daemones
659 2591 111 54 pro
722 2591 127 54 nunc
801 2591 111 54 non
865 2591 206 54 patiantur
1008 2591 79 54 poe

233 2629 109 53 nam
296 2629 233 53 damnationis
482 2629 202 53 aeternae,
637 2629 78 53 &
668 2629 233 53 reseruentur
854 2629 140 53 vsque
947 2629 93 53 ad
994 2629 124 53 diem

229 2666 163 61 udicii
343 2666 179 61 quantum
473 2666 98 61 ad
522 2666 212 61 huiusmodi
684 2666 163 61 poenam
798 2666 260 61 inlligendam:
1010 2666 114 61 sed

233 2708 110 53 est
296 2708 110 53 sua
359 2708 204 53 intentio,
515 2708 125 53 quod
594 2708 235 53 reseruentur
781 2708 172 53 quantum
907 2708 94 53 ad
938 2708 141 53 huiusmo

225 2747 100 52 di
275 2747 166 52 poenam
391 2747 282 52 augmentandam,
624 2747 83 52 &
657 2747 299 52 manifestandam,
906 2747 133 52 quia
972 2747 116 52 quam-

232 2782 116 60 uis
299 2782 132 60 modo
381 2782 215 60 patiantur
546 2782 165 60 magnam
662 2782 182 60 poenam,
794 2782 149 60 tamen
893 2782 132 60 tunc
959 2782 132 60 patien

224 2825 109 65 tur
287 2825 186 65 minorem.
426 2825 93 65 Et
473 2825 140 65 licet
566 2825 109 65 pro
628 2825 124 65 nunc
706 2825 140 65 eorum
799 2825 140 65 poena
892 2825 140 65 nobis
985 2825 109 65 sit
1032 2825 62 65 oc

221 2868 160 49 culta,
333 2868 144 49 tamen
429 2868 128 49 tunc
509 2868 128 49 erit
590 2868 176 49 omnibus
702 2868 176 49 manifesta

274 2903 99 54 Ad
323 2903 214 54 secundum,
487 2903 131 54 nego
569 2903 296 54 consequentiam.
816 2903 99 54 Ex
865 2903 131 54 illo
947 2903 131 54 enim
1013 2903 82 54 an-

230 2943 204 54 tecedente
387 2943 110 54 non
450 2943 157 54 potest
560 2943 188 54 legitime
701 2943 173 54 inferri
827 2943 204 54 huiusmodi
968 2943 126 54 conse-

242 2987 136 61 uens:
333 2987 106 61 nam
393 2987 106 61 per
454 2987 136 61 verba
545 2987 136 61 illa,
636 2987 121 61 quae
712 2987 212 61 assumuntur
879 2987 91 61 in
909 2987 182 61 anteceden-

231 3022 108 63 te,
292 3022 108 63 non
354 3022 123 63 vult
431 3022 216 63 Apostolus,
601 3022 123 63 nisi
678 3022 123 63 quod
755 3022 154 63 animae
863 3022 200 63 electorum
1001 3022 93 63 vere

226 3061 112 60 ris
290 3061 225 60 testamenti
467 3061 112 60 non
531 3061 225 60 acceperunt
708 3061 241 60 repromissam
884 3061 209 60 hereditaten

231 3097 199 59 daelestis
384 3097 169 59 patrie,
507 3097 199 59 priusquam
660 3097 199 59 huiusmodi
814 3097 230 59 hereditatem
983 3097 107 59 reci-

235 3143 161 70 perent
347 3143 161 70 animae
460 3143 209 70 electorum
621 3143 129 70 noui
685 3143 209 70 testamenti.

1121 286 147 64 Anima.
1224 286 88 64 n.
1268 286 191 64 latronis,
1415 286 103 64 qui
1474 286 147 64 passus
1577 286 118 64 fuit
1650 286 103 64 cum
1709 286 176 64 Christo,
1841 286 132 64 aeque
1915 286 73 64 ci-

1124 346 95 62 to
1172 346 189 62 percepit
1313 346 205 62 huiusmodi
1471 346 252 62 haereditatem
1676 346 142 62 sicut
1770 346 189 62 quicuque
1896 346 79 62 pa-

1127 383 116 44 trum
1200 383 160 44 veteris
1316 383 218 44 testamenti.
1490 383 87 44 Et
1534 383 116 44 quod
1607 383 116 44 ista
1679 383 102 44 sit
1737 383 174 44 intentio
1853 383 131 44 Aposto-

1124 426 95 47 si,
1179 426 122 47 patet
1260 426 95 47 per
1314 426 95 47 gl.
1368 426 108 47 quae
1436 426 108 47 illa
1503 426 122 47 verba
1584 426 162 47 Apostoli
1706 426 176 47 exponems,
1841 426 122 47 dicit
1909 426 81 47 sic-

1112 465 123 58 illi
1188 465 169 58 priores
1311 465 107 58 non
1372 465 215 58 acceperunt
1541 465 153 58 statim
1648 465 291 58 repromissionem,
1878 465 107 58 idest

1114 505 256 44 repromissam
1318 505 153 44 vitam
1421 505 153 44 vsque
1523 505 102 44 ad
1574 505 204 44 Christum
1727 505 119 44 Deo
1779 505 204 44 prouidente

1131 539 106 57 pro
1191 539 136 57 nobis
1282 539 166 57 aliquid
1403 539 166 57 melius,
1524 539 151 57 idest,
1629 539 91 57 vt
1675 539 166 57 naturam
1796 539 166 57 nostram
1901 539 76 57 as-

1115 587 206 43 sumeret,
1269 587 86 43 &
1304 587 241 43 gloriosius
1493 587 120 43 eos
1562 587 206 43 nobiscum
1716 587 223 43 exaltaret
1871 587 103 43 Vnde

1122 618 148 48 addit,
1226 618 89 48 vt
1270 618 104 48 non
1329 618 252 48 consumarentur
1537 618 118 48 sine
1611 618 148 48 nobis,
1714 618 148 48 idest,
1818 618 163 48 requie,
1937 618 74 48 &

1118 658 160 61 visione
1235 658 102 61 Dei
1293 658 204 61 fruerentur
1454 658 87 61 Et
1497 658 87 61 si
1541 658 117 61 illi
1614 658 189 61 tenuerunt
1759 658 146 61 fidem,
1861 658 102 61 qui
1905 658 73 61 tam

1124 702 126 43 dliu
1203 702 283 43 exspectauerunt
1439 702 189 43 requiem,
1580 702 141 43 multo
1674 702 141 43 magis
1769 702 110 43 nos
1816 702 157 43 teneamus

1131 743 107 57 qui
1192 743 152 57 statim
1298 743 213 57 accipimus.
1466 743 137 57 Exhis
1558 743 152 57 igitur
1664 743 152 57 verbis
1771 743 152 57 istius
1862 743 107 57 glosa

1140 779 143 56 atet,
1236 779 128 56 quod
1315 779 112 56 tam
1379 779 175 56 veteris
1507 779 239 56 testamenti,
1698 779 128 56 quam
1778 779 128 56 noui
1842 779 143 56 homines

1116 818 168 53 sancti,
1238 818 107 53 qui
1299 818 92 53 ab
1345 818 107 53 hac
1406 818 122 53 vita
1482 818 107 53 iam
1543 818 244 53 decesserunt,
1742 818 198 53 promissam
1879 818 107 53 haere

1123 858 174 66 ditatem
1250 858 142 66 vitae
1345 858 190 66 aeternae
1487 858 174 66 quantum
1613 858 95 66 ad
1661 858 253 66 beatitudinem
1851 858 126 66 animae

1107 897 220 52 teceperunt.

1144 932 99 53 Ad
1194 932 182 53 tertium
1327 932 215 53 dicendum,
1492 932 132 53 quod
1575 932 99 53 de
1624 932 199 53 naturali
1757 932 215 53 perfectione

1115 975 173 50 animae
1236 975 208 50 possumus
1392 975 242 50 dupliciter
1582 975 173 50 loqui.
1703 975 121 50 Vno
1772 975 156 50 modo,
1859 975 121 50 prout

1116 1020 142 45 anima
1211 1020 111 45 est
1274 1020 158 45 quedam
1385 1020 221 45 substantia
1559 1020 253 45 spiritualis.
1765 1020 127 45 Alio
1844 1020 142 45 modo,
1923 1020 63 45 vt

1126 1053 87 57 de
1169 1053 87 57 se
1212 1053 101 57 non
1270 1053 101 57 est
1328 1053 188 57 perfectum
1473 1053 217 57 suppositum,
1646 1053 101 57 sed
1704 1053 101 57 est
1762 1053 116 57 pars
1820 1053 159 57 principa-

1127 1093 97 44 is
1175 1093 211 44 suppositi
1337 1093 194 44 perfecti
1483 1093 146 44 Primo
1580 1093 146 44 modo,
1677 1093 194 44 loquendo
1823 1093 97 44 de
1855 1093 130 44 natura

1119 1133 93 43 li
1166 1133 233 43 perfectione
1353 1133 171 43 animae,
1477 1133 140 43 minor
1571 1133 109 43 non
1633 1133 109 43 est
1695 1133 140 43 vera,
1788 1133 124 43 quia
1851 1133 124 43 animam

1118 1173 215 41 rationalis
1287 1173 77 41 a
1317 1173 169 41 corpore
1440 1173 184 41 separata
1579 1173 108 41 non
1640 1173 138 41 caret
1732 1173 184 41 naturali
1855 1173 123 41 perfe-

1131 1211 139 48 ctione
1228 1211 111 48 sibi
1298 1211 208 48 competente,
1464 1211 125 48 prout
1548 1211 97 48 est
1603 1211 194 48 substantia
1756 1211 222 48 spiritualis,
1936 1211 69 48 &

1132 1255 89 56 er
1177 1255 208 56 consequens
1340 1255 133 56 etiam
1429 1255 133 56 capax
1518 1255 104 56 est
1577 1255 237 56 beatitudinis
1770 1255 237 56 spiritualis,

1130 1291 114 49 uae
1195 1291 180 49 quantum
1326 1291 98 49 ad
1375 1291 213 49 naturales
1538 1291 262 49 perfectiones
1751 1291 164 49 animae
1866 1291 98 49 de
1898 1291 82 49 ne-

1127 1326 186 46 cessitate
1270 1326 100 46 non
1327 1326 229 46 praesupponit
1513 1326 114 46 nisi
1584 1326 186 46 naturalem
1728 1326 229 46 persectionem
1899 1326 86 46 ani-

1115 1369 116 41 mae,
1187 1369 116 41 quae
1260 1369 116 41 sibi
1332 1369 189 41 conuenit,
1477 1369 131 41 prout
1564 1369 203 41 substantia
1724 1369 218 41 spititualis
1883 1369 87 41 est.

1129 1407 128 56 etiam
1214 1407 99 56 cum
1271 1407 170 56 dicitur,
1398 1407 156 56 suprema
1512 1407 184 56 perfectio
1654 1407 255 56 supernaturalis
1867 1407 99 56 &c.
1909 1407 57 56 ly

1118 1447 168 42 suprema
1240 1447 107 42 pot
1301 1447 229 42 tripliciter
1484 1447 198 42 intelligr
1637 1447 107 42 vno
1698 1447 137 42 modo,
1790 1447 92 42 vt
1835 1447 137 42 dicit
1912 1447 76 42 ex-

1127 1488 213 51 cessentiam
1294 1488 168 51 secudum
1416 1488 152 51 gradum
1523 1488 183 51 generis,
1660 1488 137 51 sicut
1751 1488 152 51 albedo
1843 1488 137 51 dicitur

1116 1529 170 54 suprema
1239 1529 201 54 perfectio
1394 1529 93 54 de
1441 1529 155 54 genere
1549 1529 186 54 colorum,
1689 1529 124 54 quia
1766 1529 170 54 excedit
1875 1529 108 54 omnes

1112 1562 138 50 alias
1204 1562 169 50 species
1327 1562 185 50 colorum.
1465 1562 92 50 Et
1512 1562 123 50 isto
1588 1562 123 50 modo
1665 1562 185 50 quicquid
1804 1562 108 50 est
1850 1562 123 50 album,

1120 1605 103 66 hoc
1179 1605 162 66 dicitur
1297 1605 117 66 esse
1370 1605 191 66 perfectum
1517 1605 176 66 secundum
1649 1605 176 66 supremam
1766 1605 206 66 perfectionem

1101 1640 170 48 colorum,

1152 1678 144 57 Alio
1242 1678 162 57 modo,
1350 1678 162 57 dicit
1458 1678 288 57 excellentiam
1691 1678 216 57 secundum
1835 1678 144 57 gradum

1117 1724 170 44 speciei:
1244 1724 85 44 Et
1286 1724 99 44 sic
1343 1724 127 44 solum
1428 1724 141 44 illud,
1527 1724 113 44 quod
1597 1724 212 44 simpliciter
1767 1724 99 44 est
1809 1724 170 44 albissimum

1124 1765 162 40 dititur
1242 1765 118 40 esse
1315 1765 191 40 perfectum
1462 1765 162 40 suprema
1580 1765 221 40 perfectione
1756 1765 191 40 colorali.
1889 1765 88 40 Ter-

1118 1800 109 53 tio
1181 1800 141 53 modo,
1275 1800 141 53 dicit
1368 1800 172 53 quandam
1493 1800 250 53 excellentiam
1696 1800 265 53 indiuidualem,
1899 1800 78 53 seu

1115 1840 193 55 secundum
1260 1840 161 55 gradum
1373 1840 226 55 indiuidui.
1550 1840 97 55 Et
1598 1840 113 55 sic
1663 1840 242 55 vnumquodque
1840 1840 129 55 habens

1112 1884 146 46 tantum
1215 1884 146 46 gradum
1317 1884 204 46 albedinis,
1477 1884 88 46 ad
1521 1884 160 46 quantum
1638 1884 146 46 natura
1740 1884 146 46 illius
1827 1884 146 46 subiecti

1118 1920 108 40 est
1179 1920 123 40 apta
1256 1920 216 40 peruenire,
1426 1920 170 40 dicitur
1549 1920 200 40 perfectum
1703 1920 170 40 suprema
1811 1920 170 40 perfectio

1118 1957 97 43 ne
1166 1957 211 43 colorali.
1329 1957 146 43 Primo
1426 1957 146 43 modo,
1524 1957 211 43 beatitudo
1686 1957 130 43 etam
1767 1957 195 43 secundum
1897 1957 81 43 mi-

1120 1995 151 53 nimum
1221 1995 134 53 suum
1305 1995 168 53 gradum
1422 1995 117 53 est
1489 1995 184 53 suprema
1623 1995 218 53 perfectio
1774 1995 201 53 supernatu-

1120 2035 72 59 t
1148 2035 130 59 alis,
1235 2035 115 59 quia
1307 2035 115 59 vera
1379 2035 188 59 bcatitudo
1524 2035 173 59 secundum
1654 2035 202 59 quemcunque
1812 2035 101 59 sui
1856 2035 115 59 gradum

1113 2078 166 41 accepta
1233 2078 105 41 est
1294 2078 151 41 nobili
1399 2078 90 41 r,
1444 2078 75 41 &
1474 2078 241 41 excellentior
1670 2078 120 41 omni
1745 2078 120 41 alia
1805 2078 166 41 perfectio

1122 2115 86 58 ne
1165 2115 143 58 ipsius
1264 2115 143 58 animae
1364 2115 86 58 Et
1407 2115 100 58 sub
1464 2115 114 58 isto
1535 2115 128 58 sensu
1621 2115 128 58 maior
1706 2115 100 58 est
1763 2115 143 58 falsa,
1863 2115 114 58 quia
1920 2115 57 58 ad

1117 2155 248 48 uscipiendum
1316 2155 149 48 talem
1415 2155 281 48 indifferentem
1646 2155 165 48 gradum
1745 2155 231 48 beatitudinis

1113 2194 182 46 sufficit
1249 2194 197 46 naturalis
1400 2194 197 46 perfectio
1552 2194 151 46 animae
1657 2194 197 46 competens
1809 2194 121 46 sibi
1869 2194 106 46 prout

1120 2233 104 52 est
1179 2233 163 52 quaedam
1298 2233 207 52 substantia
1461 2233 237 52 spiritualis.
1653 2233 118 52 Illa
1727 2233 133 52 autem
1816 2233 133 52 maior
1890 2233 89 52 acci

1120 2274 101 48 bit
1177 2274 187 48 naturalem
1321 2274 244 48 perfectionem,
1522 2274 115 48 quae
1594 2274 172 48 competit
1723 2274 144 48 anime,
1823 2274 129 48 prout
1895 2274 72 48 est

1128 2311 106 48 ars
1188 2311 212 48 suppositi:
1355 2311 136 48 alias
1446 2311 76 48 n
1476 2311 136 48 minor
1567 2311 106 48 non
1628 2311 227 48 acciperetur
1809 2311 106 48 sub
1855 2311 121 48 maiori

1118 2350 109 44 ped
1181 2350 171 44 secundo
1305 2350 124 44 modo
1382 2350 140 44 maior
1475 2350 109 44 non
1537 2350 109 44 est
1600 2350 93 44 ad
1646 2350 233 44 propositum,
1832 2350 124 44 quia
1894 2350 78 44 for

1118 2392 95 52 te
1166 2392 143 52 nulla
1261 2392 191 52 creatura
1404 2392 159 52 habet,
1515 2392 111 52 vel
1579 2392 175 52 habebit
1706 2392 207 52 vltimatum
1849 2392 127 52 gradum

1110 2429 75 45 b
1140 2429 224 45 eatitudinis
1319 2429 119 45 quem
1393 2429 119 45 deus
1468 2429 149 45 potest
1572 2429 179 45 efficere
1707 2429 119 45 ifra
1781 2429 164 45 speciem
1885 2429 75 45 be-

1117 2462 208 50 titudinis,
1281 2462 74 50 &
1310 2462 89 50 si
1355 2462 149 50 aliqua
1459 2462 134 50 habet
1548 2462 193 50 huiusmodi
1697 2462 163 50 gradum,
1815 2462 119 50 illa
1875 2462 89 50 sola

1112 2508 131 49 esset
1200 2508 131 49 anima
1287 2508 175 49 Christi,
1418 2508 102 49 cui
1477 2508 131 49 sicut
1564 2508 117 49 fuit
1637 2508 117 49 data
1710 2508 146 49 gratia
1812 2508 102 49 non
1870 2508 87 49 ad
1899 2508 73 49 men

1121 2542 148 56 uram:
1219 2542 115 56 sic
1285 2542 115 56 suo
1351 2542 132 56 modo
1433 2542 181 56 dicitur
1565 2542 165 56 habere
1680 2542 263 56 beatitudinem
1877 2542 99 56 sine

1116 2587 188 49 mensura.
1257 2587 110 49 Sed
1320 2587 157 49 tertio
1430 2587 141 49 modo,
1524 2587 219 49 accipiendo
1696 2587 94 49 Iy
1743 2587 188 49 suprema,
1868 2587 94 49 tuns

1115 2632 178 45 concedo
1244 2632 145 45 totam
1341 2632 210 45 rationem:
1503 2632 129 45 quia
1583 2632 97 45 in
1632 2632 145 45 nullo
1729 2632 113 45 est
1793 2632 162 45 contra
1890 2632 81 45 me,

1127 2663 125 57 quia
1205 2663 172 57 quamuis
1330 2663 140 57 anima
1424 2663 156 57 sancta
1533 2663 172 57 pronunc
1658 2663 109 57 sit
1720 2663 125 57 vera
1798 2663 156 57 beata,
1892 2663 78 57 ta-

1122 2703 104 62 men
1182 2703 164 62 beatior
1301 2703 119 62 erit
1375 2703 179 62 resumpto
1509 2703 179 62 corpore,
1643 2703 89 62 vt
1688 2703 134 62 patet
1777 2703 89 62 ex
1822 2703 119 62 his,
1882 2703 89 62 quae

1124 2743 123 48 dixi
1200 2743 184 48 articulo
1338 2743 77 48 3
1369 2743 153 48 istius
1461 2743 214 48 quaestionis.

1152 2780 108 59 Ad
1206 2780 198 59 quartum
1350 2780 144 59 nego
1439 2780 305 59 consequentiam
1691 2780 144 59 quia
1780 2780 108 59 si
1816 2780 162 59 propter

1111 2818 110 51 hoc
1174 2818 141 51 anima
1268 2818 110 51 non
1331 2818 172 51 deberet
1456 2818 204 51 praemiari
1613 2818 125 51 fine
1691 2818 188 51 corpore,
1832 2818 125 51 quia
1895 2818 78 51 non

1121 2861 214 54 merebatur
1285 2861 132 54 nisi
1368 2861 99 54 in
1417 2861 198 54 corpore,
1565 2861 132 54 tunc
1648 2861 148 54 eadem
1746 2861 181 54 ratione
1862 2861 115 54 anima

1115 2901 188 50 separata
1257 2901 79 50 a
1288 2901 188 50 corpore,
1429 2901 110 50 nec
1492 2901 173 50 deberet
1618 2901 157 50 habere
1728 2901 141 50 bene,
1822 2901 110 50 nec
1869 2901 110 50 malet

1131 2951 115 46 quia
1203 2951 101 46 nec
1260 2951 129 46 bene,
1346 2951 101 46 nec
1404 2951 115 46 male
1476 2951 115 46 egit
1548 2951 115 46 nisi
1620 2951 86 46 in
1663 2951 173 46 corpore:
1792 2951 101 46 Sed
1835 2951 144 46 falsitas

1119 2977 153 46 istius
1226 2977 244 46 consequentis
1424 2977 137 46 patet
1515 2977 92 46 in
1561 2977 137 46 Luca.
1653 2977 107 46 vbi
1714 2977 168 46 Abraham
1836 2977 92 46 ad
1866 2977 107 46 illum

1131 3020 152 44 liuitem
1242 3020 83 44 in
1283 3020 152 44 inferno
1393 3020 166 44 sepultum
1518 3020 97 44 sic
1573 3020 110 44 ait.
1642 3020 110 44 Fili
1711 3020 179 44 recepisti
1849 3020 124 44 bonam
1918 3020 55 44 in

1124 3060 125 48 vita
1203 3060 125 48 tua;
1281 3060 78 48 &
1313 3060 173 48 Faxarus
1438 3060 204 48 similiter
1595 3060 141 48 mala:
1689 3060 125 48 nunc
1767 3060 141 48 autem
1862 3060 110 48 hic
1909 3060 78 48 con

1119 3094 207 49 solatur,
1274 3094 104 49 tu
1326 3094 138 49 uero
1412 3094 224 49 cruciaris
1585 3094 86 49 &
1619 3094 190 49 cetera.
1758 3094 104 49 Ad
1792 3094 190 49 probatio-

1117 3134 131 58 nem
1192 3134 244 58 dicendum,
1380 3134 150 58 quod
1474 3134 113 58 in
1530 3134 131 58 hoc
1605 3134 319 58 correspondere
1850 3134 131 58 debet
