2396 3534
177 254 90 71 3
213 254 233 71 Preterea,
392 254 287 71 quandocumque
626 254 179 71 aliqua
751 254 144 71 sunt
841 254 108 71 in
895 254 161 71 eodem
984 254 90 71 con

208 324 159 42 iuncta,
323 324 115 42 tunc
395 324 144 42 semper
496 324 130 42 illud
582 324 101 42 est
640 324 187 42 nobilius,
784 324 72 42 &
813 324 231 42 eligibilius,
986 324 72 42 quo

216 355 191 45 separatum
363 355 88 45 ab
407 355 117 45 alio
480 355 132 45 manet
568 355 235 45 eligibilius.
759 355 103 45 Sed
818 355 88 45 si
862 355 103 45 per
906 355 161 45 possibile

223 406 102 43 vel
282 406 219 43 impossibile
457 406 234 43 intellectio,
647 406 73 43 &
676 406 161 43 volitio
793 406 88 43 ab
837 406 161 43 inuicem
939 406 132 43 separa-

211 446 160 39 rentur,
328 446 117 39 tunc
401 446 219 39 intellectio
576 446 131 39 esset
663 446 219 39 eligibilior
838 446 204 39 volitione:
984 446 87 39 quia

207 476 224 47 intellectio
386 476 134 47 etiam
476 476 179 47 separata
610 476 75 47 a
640 476 194 47 volitione
789 476 134 47 esset
879 476 134 47 actus
954 476 119 47 perfe-

222 513 125 51 ctus,
305 513 69 51 &
333 513 166 51 proprius
458 513 152 51 naturae
568 513 263 51 intellectualis.
790 513 97 51 Sed
845 513 152 51 volitio
942 513 125 51 separa-

209 555 85 47 ta
251 555 85 47 ab
293 555 239 47 intellectione
491 555 127 47 esset
575 555 127 47 quasi
660 555 155 47 quaedam
772 555 197 47 inclinatio
913 555 155 47 naturalis

229 591 76 45 G
259 591 213 45 Praeterea,
427 591 137 45 actus
518 591 213 45 voluntatis
686 591 183 45 dependet
823 591 91 45 ab
869 591 122 45 actu
930 591 137 45 intelle

218 629 130 49 ctus,
304 629 72 49 &
333 629 101 49 non
391 629 72 49 e
420 629 174 49 conuerso
551 629 72 49 :
580 629 116 49 ergo
652 629 130 49 actus
739 629 217 49 intellectus
913 629 101 49 est
957 629 101 49 perse

216 671 147 49 ctior,
319 671 73 49 &
348 671 176 49 nobilior
480 671 117 49 actu
554 671 220 49 voluntatis.
730 671 205 49 Antecedens
891 671 147 49 patet:
979 671 88 49 qui-

216 710 138 46 actus
308 710 215 46 voluntatis
477 710 215 46 necessario
646 710 246 46 praesupponit
846 710 138 46 actum
923 710 138 46 intelle

212 752 143 44 ctus,
308 752 111 44 cum
371 752 143 44 bonum
467 752 191 44 cognitum
610 752 111 44 sit
674 752 191 44 obiectum
817 752 239 44 voluntatis.
992 752 80 44 Pa-

206 783 112 47 tet
270 783 145 47 etiam
367 783 273 47 consequentia:
591 783 128 47 quia
672 783 241 47 independens
864 783 112 47 est
912 783 161 47 nobilius

202 829 229 52 dependente.

292 863 208 49 Praeterea,
455 863 134 49 actus
545 863 223 49 intellectus
723 863 104 49 est
782 863 208 49 sincerior,
945 863 74 49 &
960 863 119 49 purior

206 904 115 52 actu
277 904 215 52 voluntatis:
449 904 115 52 ergo
521 904 100 52 est
578 904 215 52 perfectior.
750 904 200 52 Antecedens
907 904 143 52 patet:
993 904 86 52 quia

206 944 140 42 actus
300 944 234 42 intellectus
487 944 156 42 nullam
596 944 187 42 malitiam
737 944 203 42 contrahit
892 944 94 42 ab
924 944 140 42 obiecto

213 985 134 52 sicut
303 985 194 52 contrahit
452 985 134 52 actus
542 985 224 52 voluntatis.
721 985 105 52 Nam
780 985 134 52 scire
870 985 134 52 malum
960 985 105 52 non
1004 985 75 52 est

212 1022 155 48 malum,
321 1022 171 48 quamuis
445 1022 140 48 velle
539 1022 140 48 malum
632 1022 109 48 sit
694 1022 155 48 malum,
803 1022 93 48 vt
849 1022 155 48 patet.
958 1022 93 48 1.
989 1022 93 48 elen

214 1069 106 40 ch.
274 1069 91 40 Et
320 1069 242 40 confirmatur,
516 1069 121 40 quia
592 1069 91 40 in
637 1069 242 40 intelligendo
833 1069 106 40 est
894 1069 136 40 motus
969 1069 106 40 rerum

221 1102 95 48 ad
269 1102 174 48 animam,
395 1102 111 48 sed
459 1102 95 48 in
506 1102 174 48 amando,
633 1102 111 48 seu
696 1102 190 48 volendo,
839 1102 111 48 est
886 1102 190 48 econuerso:

226 1146 119 47 quia
301 1146 134 47 anima
390 1146 164 47 mouetur
509 1146 89 47 ad
554 1146 104 47 res
613 1146 164 47 amatas,
732 1146 89 47 vt
777 1146 149 47 patet.
881 1146 89 47 3.
926 1146 89 47 de
956 1146 119 47 anima:

218 1179 110 51 ideo
287 1179 205 51 intellectus
451 1179 96 51 non
506 1179 205 51 vilificatur
670 1179 82 51 ex
711 1179 110 51 hoc,
780 1179 96 51 que
835 1179 192 51 intelligit
971 1179 110 51 vilia;

222 1221 120 49 immo
297 1221 195 49 cconuerso
448 1221 120 49 ipsa
523 1221 135 49 vilia
613 1221 241 49 nobilitantur
808 1221 90 49 ex
853 1221 211 49 nobilitate
1004 1221 75 49 in-

227 1262 185 43 tellectus
369 1262 114 43 quia
440 1262 156 43 capiunt
554 1262 114 43 esse
625 1262 199 43 spirituale
781 1262 85 43 in
824 1262 114 43 ipso
880 1262 171 43 intellectu

218 1303 112 43 Nam
282 1303 144 43 omne,
378 1303 128 43 quod
457 1303 223 43 recipitur,
633 1303 96 43 ad
681 1303 144 43 modum
777 1303 239 43 recipientis
952 1303 128 43 recipi

218 1345 111 36 tur.
288 1345 167 36 Voluntas
413 1345 125 36 autem
496 1345 209 36 vilificatur
663 1345 83 36 ex
705 1345 97 36 eo,
760 1345 111 36 quod
830 1345 111 36 vult
899 1345 139 36 vilia:
983 1345 83 36 quis

218 1378 148 46 bonum,
322 1378 74 46 &
351 1378 148 46 malum,
455 1378 118 46 sunt
528 1378 89 46 in
573 1378 148 46 rebus,
676 1378 89 46 vt
720 1378 148 46 patet.
824 1378 89 46 8.
868 1378 103 46 met
927 1378 148 46 igitur
1016 1378 59 46 uo

222 1413 143 54 luntas
322 1413 157 54 volendo
436 1413 114 54 ista
507 1413 128 54 vilia
593 1413 200 54 exteriora,
750 1413 86 54 in
793 1413 143 54 quibus
892 1413 100 54 est
935 1413 143 54 malitia,

216 1459 193 41 efficitur
365 1459 134 41 mala:
454 1459 119 41 quia
528 1459 149 41 quando
632 1459 163 41 mouetur
751 1459 89 41 ad
796 1459 104 41 ea,
855 1459 119 41 tunc
929 1459 134 41 ipsis
1004 1459 74 41 con

215 1489 208 51 formatur,
375 1489 80 51 &
407 1489 224 51 quodammodo
583 1489 96 51 in
631 1489 128 51 ipsa
710 1489 288 51 trantformatur:
950 1489 96 51 eo
982 1489 96 51 quod

213 1537 214 39 secundum
373 1537 125 39 Dio
444 1537 142 39 amor
533 1537 267 39 transformet
747 1537 196 39 amantem
889 1537 107 39 in
925 1537 160 39 amatum.

212 1569 134 48 Etiam
302 1569 134 48 patet
391 1569 254 48 consequentia:
600 1569 119 48 quia
675 1569 149 48 actus,
779 1569 105 48 qui
839 1569 105 48 est
899 1569 179 48 malitia,
1033 1569 75 48 &

212 1606 258 48 imperfectione
424 1606 258 48 impermixtior,
637 1606 121 48 ille
713 1606 106 48 est
773 1606 137 48 minus
865 1606 152 48 malus,
971 1606 76 48 &
986 1606 91 48 per-

226 1643 171 58 factior:
354 1643 100 58 sed
411 1643 142 58 actus,
510 1643 100 58 qui
567 1643 185 58 praedicto
709 1643 114 58 modo
780 1643 100 58 est
837 1643 156 58 purior,
951 1643 114 58 ille
1008 1643 71 58 est

222 1685 183 49 malitia
355 1685 282 49 impermixtior:
588 1685 133 49 ergo
671 1685 116 49 &c.
737 1685 116 49 Cum
804 1685 166 49 igitur
903 1685 183 49 beatitudo

219 1727 239 55 principalius
414 1727 150 55 habeat
518 1727 120 55 esse
593 1727 90 55 in
638 1727 120 55 actu
713 1727 269 55 perfectissimo,
922 1727 150 55 sequitui

221 1762 98 47 ex
270 1762 130 47 his.
351 1762 98 47 5.
400 1762 228 47 rationibus
579 1762 179 47 proxime
709 1762 212 47 adductis,
872 1762 130 47 quod
953 1762 98 47 in
985 1762 98 47 actu

212 1807 247 56 intellectus
409 1807 263 56 principalius
623 1807 115 56 sit
689 1807 230 56 beatitudo,
870 1807 132 56 quam
952 1807 99 56 in
985 1807 99 56 actu

202 1848 206 56 uoluntatis

246 1880 75 46 3
276 1880 211 46 Praeterea,
442 1880 106 46 hoc
502 1880 121 46 idem
578 1880 181 46 arguitur
714 1880 91 46 ex
759 1880 136 46 parte
850 1880 211 46 potentiae:
1000 1880 91 46 quia

223 1921 179 48 beatitudo
361 1921 96 48 est
416 1921 124 48 actus
498 1921 220 48 nobilissimae
677 1921 193 48 potentiae,
829 1921 83 48 vt
870 1921 138 48 patet.
966 1921 83 48 1.
1007 1921 69 48 &
1021 1921 69 48 1o.

226 1963 109 55 eth.
294 1963 109 55 Sed,
363 1963 82 55 vt
403 1963 109 55 isti
471 1963 150 55 dicunt,
580 1963 204 55 intellectus
744 1963 95 55 est
798 1963 163 55 potentia
907 1963 177 55 nobilissima

231 2001 103 57 vel
290 2001 147 57 saltem
393 2001 192 57 nobilior,
541 2001 74 57 &
570 2001 206 57 perfectior
733 2001 147 57 ipsius
836 2001 147 57 animae
924 2001 133 57 beatae.

269 2046 145 40 Istam
365 2046 177 40 minorem
494 2046 177 40 probant
606 2046 257 40 multipliciter,

270 2072 121 53 Primo
350 2072 108 53 sic.
418 2072 175 53 Potentia,
553 2072 121 53 cuius
634 2072 121 53 actus
715 2072 94 53 est
769 2072 175 53 nobilior,
904 2072 108 53 illa
971 2072 94 53 est
1012 2072 67 53 por

229 2102 169 74 fectior,
356 2102 71 74 &
384 2102 184 74 nobilior.
525 2102 99 74 Sed
582 2102 127 74 actus
667 2102 212 74 intellectus
836 2102 99 74 est
892 2102 169 74 nobilior
1005 2102 85 74 actu

231 2162 219 45 voluntatis:
407 2162 117 45 ergo
480 2162 102 45 &c.
538 2162 131 45 Maior
626 2162 190 45 probatur:
772 2162 117 45 quia
845 2162 190 45 potentiae
976 2162 117 45 distin

238 2198 157 54 guuntur
352 2198 100 54 per
409 2198 143 54 actus,
509 2198 86 54 vt
552 2198 128 54 patet
637 2198 86 54 2.
680 2198 86 54 de
723 2198 143 54 anima.
823 2198 128 54 Minor
908 2198 128 54 patet
994 2198 86 54 ex
1023 2198 71 54 ra-

228 2240 201 46 tionibus
379 2240 218 46 immediate
530 2240 269 46 praecedentibus

278 2280 167 50 Secundo
399 2280 122 50 sic,
476 2280 183 50 Potentia
612 2280 167 50 tendens
734 2280 91 50 in
780 2280 183 50 obiectum
917 2280 106 50 sub
962 2280 122 50 ratio-

232 2321 85 47 ne
274 2321 198 47 nobiliori,
430 2321 99 47 est
487 2321 184 47 nobilior,
629 2321 99 47 sed
685 2321 85 47 ro
728 2321 128 47 veri,
813 2321 99 47 sub
869 2321 99 47 qua
912 2321 184 47 intellectus

236 2347 149 61 tendit
340 2347 89 61 in
385 2347 178 61 obiectum
518 2347 104 61 est
578 2347 193 61 nobilior,
727 2347 119 61 quam
801 2347 134 61 ratio
890 2347 134 61 boni,
979 2347 104 61 sub
1024 2347 74 61 qua

242 2389 145 52 tendit
343 2389 116 52 ipsa
416 2389 174 52 voluntas
546 2389 87 52 in
590 2389 116 52 suum
662 2389 189 52 obiectum:
807 2389 116 52 quia
880 2389 131 52 ratio
967 2389 116 52 ueri
1025 2389 73 52 est

237 2435 222 57 simplicior,
414 2435 74 57 &
444 2435 162 57 rationi
562 2435 133 57 entis
651 2435 251 57 proquinquior,
858 2435 118 57 quam
932 2435 133 57 ratio
1005 2435 89 57 boni

262 2468 133 58 Tertio
355 2468 107 58 sic.
422 2468 160 58 Potentia
542 2468 147 58 mouens,
648 2468 80 58 vt
688 2468 133 58 finis,
781 2468 93 58 est
835 2468 160 58 nobilior
955 2468 120 58 illa,
1021 2468 67 58 qua

240 2514 128 53 mouet
325 2514 85 53 ut
367 2514 142 53 agens,
467 2514 113 53 quia
538 2514 128 53 finis
623 2514 99 53 est
680 2514 128 53 causa
765 2514 184 53 causarum,
907 2514 85 53 ut
949 2514 142 53 patet.
1034 2514 57 53 2.

239 2556 140 42 meth.
333 2556 94 42 2.
380 2556 140 42 phys.
473 2556 109 42 Sed
536 2556 234 42 intellectus
723 2556 140 42 mouet
816 2556 218 42 voluntatem
988 2556 109 42 per
1035 2556 62 42 mo

234 2588 107 56 dum
295 2588 152 56 finis,
401 2588 76 56 &
432 2588 183 56 uoluntas
569 2588 137 56 mouet
660 2588 243 56 intellectum,
858 2588 76 56 &
888 2588 137 56 alias
964 2588 122 56 poten-

242 2629 122 55 tias
318 2629 152 55 ipsius
424 2629 152 55 animae
531 2629 106 55 per
591 2629 137 55 modum
683 2629 182 55 agentis,
819 2629 122 55 ergo
880 2629 61 55 &c

267 2663 137 57 Quarto
363 2663 110 57 sic.
432 2663 110 57 llla
500 2663 178 57 potentia,
638 2663 110 57 quae
706 2663 82 57 ad
747 2663 137 57 plures
843 2663 165 57 rationes
967 2663 123 57 entis
1035 2663 55 57 si

241 2701 177 60 extendit,
377 2701 109 60 illa
445 2701 95 60 est
499 2701 177 60 nobilior.
635 2701 95 60 Sed
690 2701 204 60 intellectus
853 2701 163 60 extendit
975 2701 81 60 se
1016 2701 81 60 ad
1043 2701 54 60 ra

237 2747 142 51 tionem
336 2747 128 51 veri,
421 2747 71 51 &
450 2747 128 51 boni,
535 2747 71 51 &
563 2747 85 51 ad
606 2747 128 51 omnem
691 2747 128 51 aliam
776 2747 156 51 ratione
890 2747 170 51 fundatam
1018 2747 85 51 in
1046 2747 57 51 en

249 2787 95 57 te,
304 2787 163 57 voluntas
426 2787 122 57 autem
507 2787 122 57 solum
588 2787 163 57 extendit
710 2787 81 57 se
751 2787 81 57 ad
791 2787 163 57 rationem
913 2787 122 57 boni:
995 2787 108 57 ergo
1049 2787 54 57 &c

248 2821 146 49 Quinto
350 2821 117 49 sic,
423 2821 190 49 potentia,
569 2821 117 49 quae
642 2821 219 49 concernitur
817 2821 87 49 in
861 2821 233 49 diffinitione
1036 2821 58 49 al

253 2870 144 42 terius,
358 2870 92 42 est
410 2870 158 42 nobilior
529 2870 118 42 illa,
607 2870 105 42 quae
673 2870 92 42 per
725 2870 118 42 ipsam
804 2870 197 42 diffinitur,
962 2870 92 42 sed
1001 2870 92 42 intel

253 2905 138 42 lectus
350 2905 208 42 concernitur
516 2905 83 42 in
557 2905 221 42 diffinitione
737 2905 208 42 voluntatis:
903 2905 111 42 quia
959 2905 138 42 potentia

243 2946 233 40 diffiniuntur
433 2946 102 40 per
491 2946 102 40 sua
549 2946 175 40 obiecta:
680 2946 116 40 ideo
753 2946 175 40 uoluntas
884 2946 204 40 diffinitur
1029 2946 73 40 por

254 2983 133 50 ponum
343 2983 192 50 cognitum,
490 2983 118 50 quod
564 2983 103 50 est
623 2983 118 50 suum
696 2983 177 50 proprium
829 2983 192 50 obiectum:
976 2983 118 50 ergo
1035 2983 74 50 &c.

248 3016 136 57 Sexto
339 3016 121 57 sic.
415 3016 197 57 Potentia,
566 3016 106 57 qua
627 3016 182 57 creatura
763 3016 212 57 rationalis
915 3016 182 57 distingui-

240 3060 103 52 tur
299 3060 74 52 a
329 3060 192 52 creaturis
476 3060 251 52 corporalibus,
683 3060 74 52 &
712 3060 236 52 impersectis,
904 3060 103 52 est
948 3060 148 52 nobilior

258 3093 122 62 quam
334 3093 137 62 illa,
426 3093 122 62 quae
502 3093 183 62 conuenit
639 3093 107 62 cum
700 3093 168 62 talibus
822 3093 214 62 creaturis.
990 3093 107 62 Sed
1036 3093 76 62 per

1100 257 218 65 intellectum
1275 257 102 65 fit
1333 257 189 65 huiusmodi
1478 257 218 65 distinctio,
1652 257 73 65 &
1681 257 102 65 non
1739 257 102 65 per
1782 257 160 65 appetitum

1097 315 119 49 seu
1148 315 204 49 uoluntatem

1126 361 122 52 Maior
1208 361 135 52 patet,
1302 361 108 52 quia
1370 361 135 52 illud,
1465 361 108 52 quod
1532 361 149 52 proprie
1641 361 162 52 conuenit
1763 361 176 52 creaturae
1884 361 68 52 non

1098 397 164 43 biliori,
1221 397 96 43 hoc
1276 397 96 43 est
1331 397 178 43 nobilius.
1467 397 96 43 Sed
1522 397 137 43 illud,
1618 397 96 43 quo
1673 397 96 43 res
1727 397 219 43 distinguitur
1891 397 55 43 ab

1096 439 138 44 alijs,
1193 439 97 44 hoc
1248 439 111 44 sibi
1318 439 152 44 proprie
1428 439 180 44 conuenit.
1567 439 125 44 Patet
1650 439 97 44 est
1705 439 138 44 minor:
1802 439 111 44 quia
1857 439 97 44 quam-

1102 479 102 48 uis
1161 479 102 48 res
1219 479 204 48 corporales
1379 479 102 48 non
1437 479 146 48 habeat
1539 479 218 48 intellectu,
1714 479 146 48 habent
1816 479 131 48 tamen
1889 479 58 48 ap

1113 518 166 46 etitum,
1234 518 136 46 sicut
1325 518 166 46 apparet
1446 518 91 46 de
1491 518 182 46 appetitu
1627 518 197 46 naturali,
1778 518 76 46 &
1794 518 166 46 sensitiuo

1123 553 159 63 Septimo
1238 553 115 63 sic.
1310 553 144 63 Quando
1411 553 159 63 aliquae
1526 553 187 63 potentiae
1671 553 101 63 sic
1728 553 87 63 se
1772 553 159 63 habent,
1872 553 87 63 quod

1106 589 127 50 actus
1191 589 127 50 vnius
1276 589 184 50 potentiae
1417 589 99 50 est
1474 589 156 50 propter
1587 589 127 50 actum
1672 589 170 50 alterius
1785 589 170 50 potentiae,

1097 633 115 43 tunc
1169 633 130 43 talis
1255 633 187 43 potentia,
1399 633 158 43 propter
1514 633 130 43 cuius
1600 633 130 43 actum
1687 633 101 43 est
1744 633 130 43 actus
1816 633 130 43 alteriu

1115 671 187 59 potentiae,
1262 671 107 59 illa
1329 671 94 59 est
1382 671 174 59 nobilior:
1516 671 94 59 sed
1570 671 120 59 actus
1650 671 187 59 voluntatis
1797 671 94 59 est
1838 671 120 59 propter

1108 711 138 52 actum
1184 711 214 52 intellectus.

1137 743 133 57 Maior
1226 743 148 57 patet,
1330 743 178 57 probatur
1463 743 148 57 minor:
1567 743 119 57 quia
1641 743 207 57 delectatio
1804 743 104 57 est
1848 743 104 57 ppter

1107 788 237 51 operationem,
1300 788 104 51 sed
1359 788 208 51 delectatio
1522 788 104 51 est
1581 788 133 51 actus
1670 788 222 51 voluntatis,
1848 788 74 51 &
1863 788 89 51 pro-

1103 833 118 51 pria
1177 833 177 51 operatio
1309 833 162 51 hominis
1427 833 103 51 est
1486 833 236 51 intelligere,
1677 833 118 51 ergo
1751 833 132 51 actus
1825 833 132 51 uolunta

1111 864 99 53 tis
1168 864 99 53 est
1224 864 156 53 propter
1338 864 128 53 actum
1409 864 199 53 intellectus.

1149 902 152 51 Dctauo
1255 902 121 51 sic,
1331 902 197 51 Potentia,
1482 902 227 51 immediatius
1664 902 197 51 attingens
1800 902 152 51 obiectum

1111 946 209 42 beatificum,
1278 946 98 42 est
1334 946 181 42 nobilior,
1474 946 70 42 &
1502 946 209 42 perfectior.
1669 946 98 42 Sed
1725 946 209 42 intellectus
1878 946 70 42 im-

1102 989 204 38 mediatius
1259 989 188 38 attingit
1400 989 188 38 obiectum
1541 989 235 38 beatificum,
1729 989 125 38 quam
1791 989 157 38 voluntas

1105 1019 128 55 quia
1185 1019 112 55 cum
1249 1019 144 55 bonum
1345 1019 192 55 cognitum
1489 1019 112 55 sit
1552 1019 224 55 voluntatis
1712 1019 240 55 obiectum;igi-

1105 1060 107 43 tur
1166 1060 183 43 voluntas
1303 1060 107 43 non
1363 1060 183 43 attingit
1500 1060 183 43 obiectum
1637 1060 228 43 beatificum,
1820 1060 122 43 nisi
1881 1060 76 43 me-

1111 1101 144 44 diante
1211 1101 216 44 cognitione,
1384 1101 115 44 quae
1455 1101 101 44 est
1513 1101 129 44 actus
1585 1101 201 44 intellectus.

1118 1141 119 51 Nono
1192 1141 119 51 sic.
1267 1141 193 51 Potentia,
1415 1141 119 51 quae
1489 1141 104 51 est
1549 1141 119 51 apta
1623 1141 119 51 nata
1697 1141 163 51 perfici
1801 1141 163 51 nobiliori

1112 1175 149 49 habitu,
1221 1175 109 49 illa
1289 1175 95 49 est
1343 1175 204 49 perfectior.
1506 1175 204 49 Intellectus
1669 1175 95 49 est
1724 1175 122 49 aptus
1805 1175 122 49 natus
1873 1175 95 49 perfi

1110 1216 90 53 ci
1155 1216 195 53 nobiliori
1305 1216 165 53 habitu,
1425 1216 120 53 ergo
1485 1216 60 53 &c

1119 1256 135 50 Maior
1209 1256 150 50 patet,
1314 1256 120 50 quia
1389 1256 135 50 sicut
1479 1256 90 50 se
1524 1256 135 50 habet
1615 1256 195 50 perfectio
1765 1256 90 50 ad
1795 1256 165 50 perfectio

1106 1296 111 41 nem,
1175 1296 97 41 sic
1231 1296 222 41 perfectibile
1411 1296 83 41 ad
1453 1296 236 41 perfectibile,
1647 1296 139 41 igitur
1744 1296 125 41 sicut
1827 1296 83 41 se
1855 1296 97 41 habet

1103 1334 174 47 habitus
1230 1334 95 47 ad
1277 1334 190 47 habitum,
1419 1334 111 47 sic
1482 1334 190 47 potentia
1624 1334 95 47 ad
1672 1334 221 47 potentiam.
1845 1334 142 47 Minor

1104 1373 132 45 etiam
1192 1373 146 45 patet,
1294 1373 117 45 quia
1367 1373 161 45 habitus
1484 1373 161 45 luminis
1601 1373 175 45 gloriae,
1733 1373 102 45 qui
1791 1373 132 45 habet
1864 1373 88 45 esse

1099 1409 96 47 in
1147 1409 239 47 intellectu,
1338 1409 112 47 est
1402 1409 207 47 nobilior,
1561 1409 80 47 &
1593 1409 223 47 perfectior
1769 1409 128 47 omni
1832 1409 128 47 habitu

1100 1453 221 52 uoluntatis,

1127 1478 204 68 Praeterea,
1287 1478 189 68 beatitudo
1433 1478 102 68 est
1491 1478 102 68 per
1549 1478 87 68 se
1593 1478 204 68 sufficiens
1753 1478 145 68 bonum,
1854 1478 102 68 sed
1898 1478 58 68 hu

1098 1528 170 52 iusmodi
1221 1528 248 52 sufficientia
1423 1528 155 52 magis,
1531 1528 77 52 &
1562 1528 248 52 principalius
1764 1528 201 52 reperitur
1903 1528 62 52 in

1103 1569 123 40 actu
1180 1569 246 40 intellectus,
1379 1569 123 40 quam
1456 1569 231 40 uoluntatis,
1641 1569 123 40 quod
1718 1569 138 40 patet
1810 1569 92 40 in
1841 1569 123 40 loann-

1102 1608 105 49 vbi
1162 1608 105 49 ait
1222 1608 90 49 S.
1267 1608 211 49 Philippus,
1433 1608 150 49 Domine
1538 1608 165 49 ostende
1658 1608 135 49 nobis
1749 1608 165 49 patrem,
1869 1608 75 49 &
1884 1608 75 49 suf

1101 1647 129 52 ficit
1172 1647 101 52 nobis

1149 1684 206 49 Praeterea,
1311 1684 103 49 hoc
1370 1684 118 49 idem
1443 1684 162 49 probant
1561 1684 221 49 auctoritate
1737 1684 162 49 Christi
1855 1684 88 49 in
1884 1684 74 49 Fo-

1113 1724 104 45 vbi
1173 1724 119 45 ait,
1247 1724 104 45 Hec
1307 1724 104 45 est
1366 1724 119 45 vita
1441 1724 179 45 aeterna,
1575 1724 89 45 vt
1619 1724 209 45 cognoscant
1783 1724 89 45 te
1828 1724 119 45 deum
1888 1724 74 45 &c.

1154 1764 83 42 Et
1196 1764 208 42 auctoritate
1362 1764 111 42 Aug.
1432 1764 83 42 1.
1473 1764 83 42 de
1515 1764 97 42 Tri
1570 1764 97 42 vbi
1626 1764 111 42 ait,
1695 1764 125 42 visio
1779 1764 97 42 est
1834 1764 111 42 tota
1890 1764 69 42 mer

1113 1806 112 49 ces.
1183 1806 84 49 Et
1225 1806 210 49 auctoritate
1393 1806 210 49 philosophi.
1560 1806 84 49 10
1602 1806 112 49 eth.
1672 1806 98 49 vbi
1728 1806 112 49 ait,
1798 1806 112 49 quod
1854 1806 98 49 beati

1119 1844 117 38 tudo
1193 1844 191 38 consistit
1339 1844 88 38 in
1383 1844 264 38 contemplatione
1603 1844 220 38 sapientiae:
1779 1844 103 38 Sed
1823 1844 132 38 contem-

1127 1882 129 53 latio
1213 1882 201 53 sapientiae
1371 1882 101 53 est
1429 1882 129 53 actus
1515 1882 230 53 intellectus.
1702 1882 115 53 Quod
1774 1882 129 53 autem
1846 1882 115 53 aliquo

1116 1919 116 45 modo
1189 1919 131 45 actus
1277 1919 204 45 uoluntatis
1437 1919 102 45 sit
1495 1919 218 45 beatificus,
1670 1919 175 45 probant:
1801 1919 116 45 Quia
1859 1919 102 45 actus

1118 1961 186 50 fruitionis
1264 1961 146 50 patriae
1370 1961 93 50 est
1423 1961 199 50 beatificus,
1582 1961 93 50 sed
1635 1961 119 50 talis
1715 1961 119 50 actus
1794 1961 93 50 est
1848 1961 119 50 actus
1914 1961 53 50 uo

1119 2000 192 49 luntatis,
1267 2000 118 49 ergo
1326 2000 74 49 &c.

1139 2038 109 48 Sed
1201 2038 109 48 nec
1263 2038 124 48 ista
1340 2038 233 48 concludunt,
1526 2038 124 48 immo
1604 2038 155 48 multae
1712 2038 93 48 de
1759 2038 109 48 his
1805 2038 155 48 rationi-

1131 2078 89 52 us
1176 2078 133 52 aeque
1264 2078 133 52 bene,
1353 2078 103 52 vel
1412 2078 207 52 efficacius
1574 2078 162 52 possunt
1692 2078 148 52 adduci
1796 2078 103 52 pro
1840 2078 118 52 conclu

1119 2118 141 50 sione,
1218 2118 113 50 quam
1288 2118 127 50 prius
1373 2118 141 50 posui,
1471 2118 113 50 quae
1542 2118 113 50 huic
1612 2118 169 50 opinioni
1739 2118 226 50 contradicit,
1909 2118 71 50 si-

1124 2161 115 38 cut
1189 2161 214 38 apparebit
1354 2161 99 38 in
1387 2161 181 38 soluendo.

1160 2198 92 42 Ad
1206 2198 154 42 primum
1313 2198 154 42 igitur
1421 2198 154 42 potest
1528 2198 138 42 dici,
1621 2198 123 42 quod
1697 2198 138 42 maior
1790 2198 108 42 non
1851 2198 108 42 est
1897 2198 77 42 ue-

1122 2233 108 47 ra.
1183 2233 92 47 Ad
1229 2233 231 47 probationem
1414 2233 200 47 dicendum,
1567 2233 123 47 quod
1644 2233 169 47 quamuis
1767 2233 138 47 anima
1844 2233 123 47 multum

1118 2272 180 48 mutetur,
1253 2272 150 48 quando
1358 2272 165 48 transit
1478 2272 90 48 de
1523 2272 105 48 via
1583 2272 90 48 ad
1628 2272 180 48 patriam,
1763 2272 195 48 huiusmodi
1898 2272 75 48 ta-

1124 2319 102 41 men
1183 2319 160 41 mutatio
1299 2319 131 41 magis
1387 2319 102 41 fit
1445 2319 87 41 in
1488 2319 131 41 parte
1576 2319 160 41 animae,
1692 2319 116 41 quae
1765 2319 102 41 est
1823 2319 131 41 minus
1896 2319 73 41 per

1122 2352 135 49 fecta,
1216 2352 108 49 quia
1283 2352 108 49 illa
1350 2352 94 49 est
1404 2352 121 49 minus
1485 2352 108 49 apta
1553 2352 81 49 ad
1593 2352 135 49 statum
1687 2352 162 49 patriae,
1808 2352 108 49 nisi
1862 2352 108 49 habili

1120 2394 142 43 tetur
1215 2394 110 43 per
1278 2394 142 43 nouum
1372 2394 142 43 donum
1466 2394 173 43 gratiae
1592 2394 252 43 consummatae,
1796 2394 126 43 puta
1875 2394 110 43 per
1922 2394 63 43 lu

1128 2428 105 51 men
1188 2428 180 51 gloriae,
1323 2428 75 51 &
1353 2428 105 51 per
1413 2428 210 51 consequens
1577 2428 90 51 in
1622 2428 120 51 tali
1697 2428 135 51 parte
1787 2428 135 51 minus
1862 2428 120 51 princi

1134 2467 146 42 aliter
1237 2467 117 42 erit
1310 2467 117 42 ipsa
1383 2467 205 42 beatitudo,
1544 2467 117 42 quia
1617 2467 132 42 etiam
1704 2467 161 42 secudum
1821 2467 132 42 istos
1894 2467 88 42 bea-

1122 2511 140 46 titudo
1220 2511 182 46 consistit
1360 2511 84 46 in
1402 2511 112 46 actu
1472 2511 210 46 nobilioris,
1640 2511 70 46 &
1668 2511 224 46 perfectioris
1850 2511 154 46 partis,

1126 2542 101 50 seu
1183 2542 188 50 potentiae
1328 2542 145 50 ipsius
1430 2542 159 50 animae.
1546 2542 116 50 Vnde
1618 2542 87 50 ex
1661 2542 116 50 isto
1734 2542 188 50 argumento
1864 2542 116 50 suffi-

1130 2590 146 44 cienter
1236 2590 173 44 arguitur,
1369 2590 106 44 quod
1435 2590 159 44 voluntas
1554 2590 93 44 est
1607 2590 186 44 perfectior
1753 2590 199 44 intellectu:
1899 2590 80 44 quia

1135 2621 80 52 si
1175 2621 107 52 non,
1241 2621 107 52 tunc
1308 2621 80 52 in
1348 2621 160 52 transitu
1469 2621 80 52 de
1509 2621 120 52 statu
1589 2621 107 52 uiae
1655 2621 80 52 ad
1696 2621 134 52 statum
1789 2621 147 52 patriae
1883 2621 93 52 opor-

1130 2658 144 55 teret
1226 2658 176 55 maiorem
1354 2658 224 55 mutationem
1530 2658 144 55 fieri
1627 2658 96 55 in
1675 2658 224 55 uoluntate,
1851 2658 128 55 quam
1915 2658 64 55 in

1129 2699 110 45 ipso
1198 2699 205 45 intellectu.
1362 2699 192 45 Praeterea,
1513 2699 82 45 si
1554 2699 110 45 ista
1622 2699 123 45 maior
1704 2699 123 45 esset
1786 2699 123 45 vera,
1868 2699 110 45 tunc
1923 2699 55 45 in

1137 2742 168 49 qualibet
1263 2742 168 49 potentia
1389 2742 140 49 partis
1487 2742 196 49 sensitiuae
1640 2742 224 49 principalius
1822 2742 126 49 esset
1892 2742 84 49 bea-

1126 2781 171 49 titudo,
1251 2781 124 49 quam
1329 2781 93 49 in
1375 2781 156 49 aliqua
1484 2781 187 49 potentia
1624 2781 156 49 partis
1733 2781 280 49 intellectiuae.

1167 2815 234 45 Consequentia
1358 2815 147 45 patet,
1460 2815 117 45 quia
1534 2815 191 45 quaelibet
1680 2815 176 45 potentia
1812 2815 147 45 partis
1900 2815 88 45 sen-

1139 2860 169 46 sitiuae
1261 2860 169 46 mutatur
1384 2860 92 46 de
1430 2860 230 46 mortalitate
1614 2860 92 46 ad
1660 2860 291 46 immortalitatem,
1890 2860 107 46 ante-

1149 2899 109 47 uam
1212 2899 140 47 totus
1305 2899 125 47 homo
1383 2899 265 47 beatificetur,
1601 2899 78 47 &
1633 2899 109 47 per
1695 2899 218 47 consequens
1851 2899 140 47 quaeli-

1140 2933 108 47 bet
1201 2933 139 47 talis
1294 2933 186 47 potentia
1434 2933 139 47 magis
1527 2933 232 47 differenter
1712 2933 93 47 se
1759 2933 139 47 habet
1836 2933 155 47 secundum

1145 2971 214 51 statumuiae,
1316 2971 71 51 &
1345 2971 171 51 patriae,
1473 2971 114 51 quam
1544 2971 200 51 quaecunque
1701 2971 171 51 potentia
1830 2971 143 51 partis
1916 2971 71 51 in-

1139 3019 234 43 tellectiuae.
1330 3019 103 43 Sed
1388 3019 205 43 consequens
1550 3019 103 43 est
1608 3019 249 43 inconueniens,
1813 3019 88 43 vt
1857 3019 88 43 de
1901 3019 88 43 se
1931 3019 73 43 pa-

1139 3053 122 51 tet.
1215 3053 137 51 Etiam
1307 3053 199 51 oppositum
1459 3053 183 51 minoris,
1597 3053 168 51 quantum
1719 3053 92 51 ad
1765 3053 153 51 illud,
1872 3053 122 51 quod
1933 3053 61 51 di

1139 3091 97 62 cit
1194 3091 83 62 de
1236 3091 124 62 fide,
1319 3091 152 62 probaui
1429 3091 83 62 in
1470 3091 166 62 prologo.
1594 3091 110 62 q.3.
1663 3091 110 62 art.
1719 3091 41 62 .
