2397 3538
190 299 175 54 bellio,
317 299 80 54 &
349 299 255 54 contrarietas
556 299 255 54 praedictorum
763 299 223 54 appetituum
938 299 111 54 non
985 299 80 54 est

193 345 188 49 praecise
334 345 219 49 attendenda
507 345 94 49 in
554 345 204 49 volitorum
711 345 235 49 oppositone:
899 345 110 49 sed
961 345 94 49 ex
993 345 78 49 in-

183 387 203 46 orditato
335 387 135 46 motu
419 387 287 46 sensualitatis
656 387 101 46 ad
706 387 135 46 suum
791 387 203 46 volitum,
926 387 135 46 quando

191 421 171 49 mouetur
316 421 202 49 effrenate
472 421 156 49 contra
581 421 187 49 rationis
721 421 202 49 imperium,
876 421 140 49 ipsam
954 421 109 49 ratio

189 460 116 52 nem
256 460 83 52 a
289 460 116 52 suo
355 460 132 52 motu
437 460 198 52 ordinato
586 460 248 52 retardando.
784 460 99 52 Et
834 460 116 52 per
900 460 116 52 hoc
949 460 116 52 patet

179 499 106 53 ad
232 499 247 53 instantiam
408 499 194 53 secundam.

306 569 623 80 ARTICVLVS
737 569 192 80 In

182 650 165 90 Vtrum
292 650 220 90 christus
456 650 183 90 mereri
585 650 220 90 potuerit
750 650 220 90 secundum
896 650 165 90 humanan

479 716 279 70 poluntatem.

251 798 202 73 IVANTVM
397 798 110 73 ad
452 798 202 73 tertium
599 798 256 73 articulum,
800 798 165 73 ponam
910 798 147 73 duas
983 798 92 73 con

209 856 254 45 elusiones.
408 856 163 45 Prima
517 856 145 45 est,
607 856 145 45 quod
698 856 217 45 Christus
861 856 181 45 mereri
969 856 91 45 po

176 887 111 65 tuit

266 923 125 61 Quia
344 923 93 61 in
391 923 203 61 quocunque
547 923 125 61 sunt
625 923 203 61 sufficier
781 923 109 61 tia
843 923 203 61 principia
983 923 78 61 me-

186 976 152 41 rendi,
292 976 76 41 &
323 976 106 41 non
383 976 198 41 impedita,
535 976 122 41 ille
611 976 152 41 mereri
718 976 167 41 potest:
839 976 106 41 sed
900 976 91 41 in
930 976 137 41 Christo

194 1014 172 44 fuerunt
319 1014 250 44 sufficientia
522 1014 172 44 merendi
647 1014 203 44 principia
803 1014 94 44 in
850 1014 141 44 nullo
928 1014 141 44 penitus

205 1053 199 43 impedita:
358 1053 107 43 nam
419 1053 92 43 in
466 1053 169 43 Christo
588 1053 123 43 fuit
665 1053 184 43 caritas,
803 1053 123 43 quae
880 1053 107 43 est
926 1053 138 43 formale

201 1094 191 51 pincipium
348 1094 205 51 meritoriae
509 1094 235 51 operationis,
700 1094 117 51 opus
774 1094 205 51 virtuosum,
935 1094 117 51 quod
994 1094 73 51 est

195 1138 166 48 materia
316 1138 166 48 meriti:
436 1138 75 48 &
466 1138 211 48 voluntarie
632 1138 196 48 clicitum,
783 1138 121 48 quod
859 1138 106 48 est
919 1138 136 48 apta,
995 1138 75 48 seu

195 1170 163 45 congrua
314 1170 148 45 illius
418 1170 178 45 materiae
551 1170 208 45 disposito:
714 1170 178 45 intentio
848 1170 133 45 recta
922 1170 148 45 dirigens

192 1215 133 47 opera
281 1215 103 47 sua
340 1215 88 47 in
384 1215 118 47 fine
457 1215 177 47 debitum:
590 1215 74 47 &
619 1215 147 47 status
722 1215 191 47 meritorie
870 1215 118 47 agen
943 1215 118 47 tis,
1002 1215 59 47 pr

194 1251 99 49 ta,
250 1251 141 49 status
349 1251 184 49 viatoris.
491 1251 85 49 Et
533 1251 127 49 omnes
618 1251 127 49 istae
703 1251 170 49 quattuor
830 1251 141 49 meriti
929 1251 141 49 causae
1013 1251 57 49 in

185 1289 144 62 nullo
281 1289 175 62 penitus
408 1289 207 62 impeditae
568 1289 175 62 fuerunt
695 1289 96 62 in
743 1289 159 62 domino
855 1289 128 62 Tesu
919 1289 144 62 Christo

194 1332 132 49 ergo
260 1332 83 49 &c.

206 1371 80 42 2
238 1371 224 42 Praeterea,
414 1371 192 42 quicquid
558 1371 176 42 spectat
686 1371 96 42 ad
734 1371 272 42 perfectionem,
958 1371 80 42 &
974 1371 96 42 nobi

185 1410 177 50 litatem
314 1410 194 50 humanam,
459 1410 113 50 hoc
524 1410 177 50 Christo
653 1410 145 50 debet
749 1410 210 50 attribui:
911 1410 145 50 posse
991 1410 65 50 me

190 1449 116 48 reri
262 1449 101 48 est
320 1449 202 48 huiusmodi:
479 1449 116 48 quia
551 1449 202 48 nobilioris
710 1449 217 48 condicionis
884 1449 116 48 est,
956 1449 87 48 vt
985 1449 72 48 il-

190 1488 134 42 lud,
274 1488 134 42 quod
358 1488 151 42 habet
459 1488 134 42 homo
543 1488 168 42 aliquo
661 1488 151 42 modo,
762 1488 168 42 habeat
879 1488 84 42 a
913 1488 118 42 se,
963 1488 101 42 quam

190 1527 127 50 quod
270 1527 207 50 totaliter
429 1527 159 50 habeat
540 1527 95 50 ab
588 1527 143 50 alio:
683 1527 111 50 sed
747 1527 127 50 quod
826 1527 127 50 quis
906 1527 143 50 habet
985 1527 80 50 por

191 1567 188 43 meritum,
332 1567 157 43 aliquo
442 1567 125 43 modo
521 1567 141 43 habet
615 1567 78 43 a
646 1567 110 43 se:
709 1567 94 43 Et
756 1567 157 43 loquor
866 1567 110 43 hic
929 1567 94 43 de
960 1567 94 43 tali

199 1604 115 46 bus,
270 1604 115 46 quae
342 1604 187 46 possibile
486 1604 100 46 est
543 1604 144 46 cadere
644 1604 100 46 sub
701 1604 158 46 merito:
816 1604 115 46 quia
888 1604 158 46 quamuis
988 1604 72 46 fi-

202 1646 116 43 lius
274 1646 87 43 in
317 1646 159 43 diuinis
433 1646 130 43 nullo
520 1646 116 43 modo
593 1646 101 43 sit
651 1646 116 43 Deus
723 1646 72 43 a
752 1646 101 43 se,
810 1646 101 43 sed
868 1646 72 43 a
897 1646 145 43 patre:
984 1646 87 43 pro-

202 1684 118 56 pter
276 1684 104 56 hoc
335 1684 133 56 tamen
424 1684 104 56 non
483 1684 104 56 est
542 1684 104 56 con
602 1684 251 56 impersectior:
809 1684 118 56 quia
868 1684 192 56 naturaliter

211 1721 124 48 esse
288 1721 170 48 diuinum
412 1721 108 48 non
473 1721 139 48 cadit
566 1721 108 48 sub
628 1721 155 48 aliquo
721 1721 139 48 merito.

255 1757 209 59 Praeterea,
419 1757 194 59 quicunque
569 1757 90 59 de
614 1757 134 59 facto
703 1757 105 59 iam
763 1757 164 59 meruit,
883 1757 134 59 illum
957 1757 105 59 possi

204 1799 117 52 bile
278 1799 117 52 fuit
351 1799 161 52 mereri:
468 1799 103 52 sed
527 1799 176 52 Christus
659 1799 88 52 de
703 1799 132 52 facto
791 1799 103 52 iam
849 1799 161 52 meruit:
952 1799 88 52 ergo

240 1838 134 53 Maior
330 1838 149 53 patet:
434 1838 119 53 quia
509 1838 119 53 quod
583 1838 224 53 impossibile
763 1838 104 53 est
822 1838 149 53 fieri,
927 1838 104 53 hoc
972 1838 104 53 impos

207 1871 142 54 sibile
306 1871 99 54 est
363 1871 142 54 factum
462 1871 128 54 esse:
548 1871 114 54 ergo
619 1871 114 54 quod
690 1871 185 54 possibile
832 1871 99 54 est
888 1871 142 54 factum
974 1871 99 54 esse,

210 1915 111 47 hoc
274 1915 207 47 possibile
433 1915 111 47 est
496 1915 159 47 fieri.
607 1915 175 47 Minorem
734 1915 159 47 probo.
846 1915 95 47 Et
893 1915 111 47 quo
957 1915 95 47 ad
989 1915 79 47 hoc

213 1959 140 54 taceo
307 1959 171 54 ratione
431 1959 218 54 breuitatis
602 1959 93 54 de
649 1959 171 54 omnibus
773 1959 140 54 bonis
850 1959 218 54 cogitationi-

212 1997 119 48 bus,
287 1997 164 48 verbis,
406 1997 74 48 &
436 1997 253 48 operationibus
644 1997 179 48 peractis
778 1997 74 48 a
808 1997 164 48 Christo
927 1997 89 48 in
957 1997 119 48 carita

207 2035 89 48 te
252 2035 209 48 existente,
416 2035 149 48 quibus
520 2035 179 48 quilibet
654 2035 134 48 alter
744 2035 119 48 homo
818 2035 209 48 meruisset,
983 2035 89 48 si
1012 2035 60 48 ea

200 2076 205 43 secisset,
358 2076 79 43 &
389 2076 110 43 per
452 2076 220 43 consequens
625 2076 142 43 etiam
720 2076 189 43 Christus
861 2076 142 43 ipsis
940 2076 126 43 meruit

208 2111 131 47 alias
296 2111 190 47 praedicta
442 2111 131 47 minus
529 2111 204 47 fructisera
690 2111 175 47 suissent
821 2111 88 47 in
865 2111 175 47 Christo,
981 2111 88 47 quam

199 2157 101 52 in
250 2157 134 52 alio
333 2157 184 52 homine.
467 2157 117 52 HIS
535 2157 168 52 inquam
652 2157 184 52 omnibus
786 2157 218 52 dimissis,
937 2157 134 52 arguam

200 2193 91 51 de
245 2193 122 51 sola
321 2193 167 51 Christi
443 2193 182 51 passione
580 2193 122 51 sic.
656 2193 137 51 llle,
747 2193 106 51 qui
808 2193 152 51 mortem
914 2193 137 51 talem
990 2193 76 51 vo-

209 2231 196 46 luntarie
356 2231 229 46 sustinuit,
535 2231 114 46 qua
601 2231 147 46 omnem
698 2231 180 46 hominem
829 2231 82 46 a
862 2231 147 46 morte
943 2231 131 46 aeter-

214 2271 91 43 na
259 2271 213 43 liberauit,
427 2271 107 43 hic
488 2271 198 43 huiusmodi
640 2271 183 43 passione
778 2271 152 43 meruit
884 2271 76 43 :
899 2271 168 43 Christus.

203 2315 228 44 huiusmodi.
382 2315 98 44 Et
431 2315 147 44 illud
529 2315 179 44 tangens
659 2315 179 44 August.
790 2315 114 44 ait
855 2315 98 44 de
888 2315 179 44 humilita-

205 2351 93 44 re
252 2351 202 44 passionis
408 2351 187 44 Christi.
547 2351 202 44 Humilitas
703 2351 218 44 claritatis
874 2351 109 44 est
921 2351 155 44 meritum:

210 2388 77 47 &
240 2388 186 47 claritas
380 2388 232 47 humilitatis
566 2388 108 47 est
612 2388 155 47 praemium

240 2430 144 43 FonrE
336 2430 192 43 dicetur,
481 2430 128 43 quod
561 2430 160 43 illius
673 2430 241 43 principium,
865 2430 112 43 quo
930 2430 128 43 quis
994 2430 80 43 me-

211 2465 142 48 retur,
310 2465 128 48 debet
395 2465 114 48 esse
466 2465 85 48 ab
509 2465 142 48 intra,
608 2465 170 48 scilicet
736 2465 85 48 in
779 2465 170 48 merente:
907 2465 99 48 sed
949 2465 128 48 passio-

215 2512 98 41 nis
271 2512 196 41 principium
425 2512 98 41 non
482 2512 112 41 fuit
552 2512 84 41 ab
594 2512 140 41 intra,
692 2512 98 41 sed
748 2512 84 41 ab
790 2512 140 41 extra,
889 2512 126 41 puta,
973 2512 70 41 a
987 2512 84 41 pas-

203 2546 161 53 sionem
316 2546 194 53 inserent
461 2546 145 53 ibus:
558 2546 129 53 ergo
622 2546 65 53 &c

250 2581 220 47 RESPONDEO,
423 2581 126 47 quod
502 2581 173 47 passio,
627 2581 94 47 vt
675 2581 157 47 passio
784 2581 126 47 est,
863 2581 110 47 non
926 2581 110 47 est
973 2581 110 47 meri-

216 2625 134 47 toria:
309 2625 121 47 quia,
390 2625 80 47 vt
430 2625 107 47 sic,
497 2625 107 47 eius
564 2625 188 47 principium
711 2625 174 47 totaliter
845 2625 94 47 est
899 2625 80 47 ab
939 2625 134 47 extra:
1019 2625 54 47 ta

206 2666 93 48 me
253 2666 171 48 passio,
378 2666 93 48 vt
425 2666 218 48 voluntarie
596 2666 187 48 assumpta
736 2666 125 48 est,
814 2666 78 48 &
845 2666 93 48 in
892 2666 140 48 bonum
970 2666 109 48 finem

214 2707 67 46 a
240 2707 161 46 patiente
361 2707 188 46 ordinatur,
509 2707 94 46 sic
563 2707 94 46 est
617 2707 188 46 meritoria:
765 2707 121 46 quia,
845 2707 81 46 vt
886 2707 108 46 sic,
953 2707 121 46 habet
1020 2707 54 46 su

204 2744 93 50 um
250 2744 216 50 principium
419 2744 93 50 ab
466 2744 154 50 intra:
574 2744 108 50 sic
635 2744 139 50 autem
728 2744 123 50 fuit
805 2744 93 50 de
851 2744 185 50 passione
974 2744 93 50 Chri

205 2785 116 50 sti
272 2785 132 50 ergo
338 2785 66 50 &c

255 2813 104 54 Sed
315 2813 149 54 contra
419 2813 134 54 ipsam
509 2813 239 54 conclusionem
703 2813 90 54 in
748 2813 90 54 se
792 2813 149 54 potest
897 2813 134 54 argui
971 2813 75 54 sic

228 2862 77 48 1
258 2862 139 48 Actus
351 2862 201 48 procedens
506 2862 77 48 a
537 2862 186 48 caritate
676 2862 186 48 perfecta
815 2862 108 48 non
877 2862 155 48 potest
985 2862 124 48 esse

212 2908 227 41 meritorius:
393 2908 106 41 sed
454 2908 136 41 omnis
545 2908 136 41 actus
635 2908 166 41 Christi
756 2908 197 41 processit
908 2908 76 41 a
923 2908 151 41 caritat.

235 2943 173 43 erfecta:
364 2943 115 43 ergo
436 2943 144 43 nullus
537 2943 130 43 actus
624 2943 159 43 Christi
739 2943 144 43 potuit
840 2943 115 43 esse
898 2943 187 43 meritorius.

211 2979 184 49 Probatio
349 2979 184 49 maioris:
486 2979 123 49 quia
563 2979 138 49 actus
655 2979 215 49 meritorius
824 2979 138 49 anget
900 2979 184 49 caritatem:

208 3020 110 44 sed
271 3020 189 44 perfecta
413 3020 173 44 caritas
539 3020 110 44 non
602 3020 142 44 capit
696 3020 220 44 augmentum:
869 3020 126 44 ergo
948 3020 110 44 &c.
995 3020 79 44 Mi-

211 3063 99 42 nor
267 3063 127 42 etiam
352 3063 183 42 probatur:
493 3063 113 42 quia
563 3063 183 42 spiritus,
704 3063 99 42 qui
761 3063 99 42 est
817 3063 169 42 caritas,
944 3063 127 42 datus
1015 3063 70 42 est

215 3097 187 49 Christo
351 3097 119 49 non
419 3097 102 49 ad
452 3097 187 49 mensuram.

281 3130 211 70 Praeterea,
446 3130 105 70 qui
507 3130 150 70 omnino
612 3130 195 70 perfectus
762 3130 105 70 est
822 3130 90 70 in
867 3130 135 70 bonis
943 3130 150 70 spiritua

1100 286 143 74 libus,
1200 286 114 74 ille
1271 286 171 74 vlterius
1400 286 100 74 non
1457 286 143 74 potest
1557 286 200 74 proficere,
1714 286 100 74 nec
1771 286 100 74 per
1814 286 157 74 consequen

1101 351 163 47 mereri:
1220 351 104 47 sed
1279 351 178 47 Christus
1413 351 148 47 omnino
1516 351 193 47 perfectus
1665 351 104 47 est
1724 351 89 47 in
1768 351 133 47 bonis
1843 351 133 47 spirie-

1104 388 195 54 tualibus:
1254 388 120 54 ergo
1314 388 60 54 &c

1125 433 75 43 3
1155 433 211 43 Praeterea,
1320 433 135 43 illud
1411 433 150 43 agens,
1516 433 120 43 quod
1591 433 90 43 in
1636 433 120 43 omni
1711 433 105 43 suo
1772 433 120 43 actu
1847 433 105 43 est
1892 433 75 43 ita

1108 469 274 44 determinatum
1330 469 103 44 ad
1382 469 137 44 vnum
1467 469 274 44 oppositorum,
1690 469 137 44 quod
1776 469 154 44 nullo
1861 469 103 44 modo

1109 510 150 40 potest
1214 510 90 40 in
1259 510 180 40 alterum:
1394 510 105 40 hoc
1454 510 135 40 nullo
1544 510 105 40 suo
1604 510 120 40 actu
1679 510 150 40 potest
1784 510 150 40 mereri
1874 510 90 40 pro-

1105 547 122 53 pter
1181 547 107 53 hoc
1242 547 122 53 enim
1318 547 137 53 agens
1410 547 183 53 naturale
1547 547 153 53 mereri
1654 547 107 53 non
1715 547 168 53 potest:
1837 547 122 53 quia
1898 547 76 53 est

1096 588 251 48 determinatum
1301 588 94 48 ad
1348 588 141 48 vnum:
1442 588 110 48 sed
1505 588 189 48 Christus
1646 588 94 48 in
1693 588 126 48 omni
1772 588 110 48 suo
1835 588 126 48 actu
1897 588 79 48 est

1091 623 114 50 ita
1156 623 260 50 determinatus
1367 623 97 50 ad
1415 623 162 50 bonum,
1529 623 130 50 quod
1610 623 146 50 nullo
1707 623 114 50 suo
1772 623 130 50 actu
1837 623 130 50 potest

1096 663 169 49 facere
1198 663 135 49 nmalum

1122 701 80 49 4
1154 701 208 49 Preterea,
1314 701 144 49 ille,
1410 701 112 49 qui
1474 701 128 49 tale
1554 701 160 49 bonum,
1666 701 128 49 quod
1746 701 112 49 est
1794 701 176 49 perfectum

1107 747 229 46 praemium,
1284 747 176 46 semper
1407 747 194 46 habuit,
1548 747 194 46 numquam
1689 747 194 46 meruit:
1830 747 141 46 quia
1901 747 71 46 de

1098 782 151 46 natura
1204 782 151 46 meriti
1310 782 121 46 est,
1386 782 121 46 quod
1461 782 197 46 praecedat
1613 782 197 46 praemium:
1764 782 106 46 sed
1810 782 151 46 Christus

1097 821 160 65 gloriam
1214 821 145 65 beatae
1315 821 131 65 vitae
1403 821 145 65 semper
1504 821 160 65 habuit,
1620 821 116 65 quae
1693 821 102 65 est
1751 821 174 65 perfectu
1867 821 102 65 prae-

1096 858 157 56 mium;
1200 858 140 56 ergo
1270 858 70 56 &c

1137 892 99 60 Ad
1187 892 166 60 primum
1303 892 216 60 dicendum,
1469 892 133 60 quod
1552 892 182 60 caritas
1685 892 232 60 dupliciter
1850 892 133 60 potest

1102 932 124 53 dici
1179 932 201 53 perfecta.
1334 932 108 53 Vno
1396 932 139 53 modo,
1488 932 93 53 vt
1535 932 108 53 est
1597 932 170 53 caritas
1705 932 263 53 comprehensoris;

1110 977 122 46 Alio
1186 977 137 46 modo,
1278 977 92 46 vt
1323 977 107 46 est
1384 977 168 46 caritas
1506 977 198 46 viatoris.
1659 977 92 46 Et
1705 977 122 46 isto
1781 977 168 46 secundo
1888 977 76 46 mo-

1101 1015 97 43 do,
1156 1015 124 43 maior
1239 1015 97 43 est
1294 1015 138 43 falsa:
1391 1015 110 43 quia
1460 1015 138 43 quanto
1556 1015 193 43 perfectior
1708 1015 138 43 fuerit
1805 1015 165 43 caritas,
1915 1015 55 43 du

1101 1057 127 43 modo
1181 1057 159 43 habens
1292 1057 111 43 eam
1356 1057 111 43 sit
1420 1057 143 43 verus
1515 1057 175 43 viator,
1643 1057 143 43 tanto
1738 1057 143 43 magis
1834 1057 143 43 opera
1913 1057 48 43 a

1104 1101 124 46 tali
1181 1101 186 46 caritate
1321 1101 233 46 procedentia
1507 1101 124 46 sunt
1584 1101 217 46 meritoria.
1755 1101 171 46 Quamuis
1863 1101 93 46 igi-

1107 1141 110 51 tur
1170 1141 188 51 Christus
1311 1141 110 51 non
1374 1141 173 51 meruit,
1500 1141 110 51 pro
1563 1141 157 51 quanto
1673 1141 204 51 caritatem
1814 1141 157 51 perfecti

1097 1177 287 43 comprehensoris
1336 1177 176 43 habuit,
1464 1177 144 43 tamen
1560 1177 160 43 mereri
1672 1177 176 43 potuit,
1799 1177 112 43 pro
1847 1177 112 43 quan-

1107 1210 96 50 to
1155 1210 209 50 caritatem
1316 1210 193 50 nerfecti
1460 1210 193 50 viatoris
1605 1210 177 50 habuit.
1733 1210 96 50 Ad
1765 1210 209 50 probationem

1105 1251 194 47 dicendum,
1254 1251 119 47 quod
1329 1251 179 47 perfecta
1463 1251 164 47 caritas
1582 1251 179 47 viatoris
1716 1251 149 47 potest
1821 1251 149 47 capere
1910 1251 60 47 au

1111 1293 162 47 mentum,
1229 1293 74 47 &
1258 1293 103 47 hoc
1317 1293 103 47 vel
1376 1293 88 47 in
1420 1293 103 47 se,
1479 1293 88 47 eo
1523 1293 118 47 quod
1597 1293 191 47 perfectio
1744 1293 191 47 caritatis
1877 1293 88 47 viae

1109 1337 93 39 on
1156 1337 202 39 consistat
1311 1337 93 39 in
1358 1337 109 39 vna
1420 1337 202 39 punctuali
1576 1337 186 39 mensura,
1715 1337 109 39 vel
1778 1337 93 39 in
1824 1337 124 39 modo
1886 1337 78 39 ha-

1101 1370 138 46 bendi
1193 1370 200 46 huiusmodi
1347 1370 200 46 caritatem
1501 1370 77 46 :
1531 1370 108 46 vel
1593 1370 169 46 ratione
1716 1370 185 46 alicuius
1839 1370 123 46 annexi

1101 1406 107 49 tali
1154 1406 148 49 caritati.

1131 1445 96 64 Ad
1179 1445 192 64 secundum
1323 1445 208 64 dicendum,
1483 1445 128 64 quod
1564 1445 144 64 licet
1660 1445 176 64 aliquis
1788 1445 112 64 sit
1836 1445 128 64 omni-

1105 1487 90 47 no
1150 1487 209 47 perfectus,
1314 1487 105 47 quo
1374 1487 90 47 ad
1419 1487 105 47 ea,
1478 1487 119 47 quae
1553 1487 209 47 respiciunt
1717 1487 239 47 beatitudinem
1896 1487 75 47 es-

1099 1525 204 44 sentialem,
1260 1525 146 44 potest
1362 1525 131 44 tamen
1450 1525 161 44 mereri,
1567 1525 102 44 quo
1625 1525 88 44 ad
1669 1525 102 44 ea,
1727 1525 117 44 quae
1786 1525 175 44 respiciunt

1110 1570 257 47 peatitudinem
1318 1570 273 47 accidentalem.
1543 1570 96 47 Et
1591 1570 144 47 licet
1687 1570 192 47 Christus
1832 1570 112 47 non
1880 1570 80 47 me-

1100 1608 115 49 ruit
1172 1608 159 49 gloriam
1287 1608 115 49 suae
1359 1608 245 49 beatitudinis:
1561 1608 144 49 meruit
1662 1608 130 49 tamen
1749 1608 173 49 exaltari
1878 1608 87 49 in
1907 1608 58 49 hu

1100 1647 141 63 manis
1194 1647 187 63 cordibus
1335 1647 219 63 sermonibus
1506 1647 78 63 &
1538 1647 203 63 operibus,
1694 1647 125 63 quod
1772 1647 109 63 est
1819 1647 141 63 quoddam

1097 1686 233 50 accidentale
1284 1686 186 50 praemium
1408 1686 233 50 beatitudinis.

1133 1725 99 49 Ad
1182 1725 197 49 tertium,
1330 1725 132 49 nego
1412 1725 197 49 maiorem:
1560 1725 132 49 quia
1642 1725 99 49 ad
1692 1725 148 49 illam
1790 1725 181 49 maiorem
1905 1725 66 49 se

1122 1761 180 63 ueretur,
1257 1761 120 63 quod
1332 1761 105 63 nec
1392 1761 150 63 Maria,
1497 1761 105 63 nec
1557 1761 165 63 aliquis
1677 1761 90 63 in
1722 1761 150 63 gratia
1827 1761 105 63 Dei
1872 1761 90 63 con-

1105 1801 169 58 frmatus
1228 1801 200 58 potuisset
1381 1801 169 58 mereri,
1504 1801 108 58 cum
1566 1801 123 58 erat
1642 1801 108 58 hic
1704 1801 92 58 in
1750 1801 123 58 via,
1827 1801 123 58 quod
1888 1801 77 58 est

1100 1840 252 47 simpliciter
1302 1840 118 47 fal
1369 1840 135 47 sum.
1453 1840 101 47 Ad
1504 1840 252 47 probationem
1706 1840 219 47 dicendum,
1857 1840 101 47 quod

1104 1883 140 43 agens
1198 1883 186 43 naturale
1338 1883 109 43 non
1400 1883 218 43 prohibetur
1571 1883 78 43 a
1602 1883 155 43 merito
1710 1883 93 43 ex
1757 1883 124 43 hoc,
1835 1883 124 43 quod
1897 1883 62 43 de

1098 1923 227 51 terminatum
1276 1923 113 51 est
1341 1923 97 51 ad
1389 1923 146 51 vnum:
1486 1923 113 51 sed
1551 1923 97 51 ex
1600 1923 130 51 modo
1665 1923 291 51 determinationis;

1114 1955 118 60 uta,
1188 1955 118 60 quia
1262 1955 207 60 necessario
1425 1955 74 60 &
1455 1955 104 60 non
1514 1955 207 60 voluntarie
1677 1955 148 60 tendit
1780 1955 89 60 in
1825 1955 133 60 illud
1899 1955 59 60 v-

1105 1995 118 63 num:
1179 1995 103 63 sed
1238 1995 191 63 Christus,
1385 1995 74 63 &
1414 1995 177 63 quilibet
1547 1995 88 63 in
1591 1995 147 63 gratia
1694 1995 103 63 Dei
1753 1995 236 63 confirmatus,

1108 2040 138 41 licet
1199 2040 229 41 determinate
1383 2040 153 41 tendat
1490 2040 92 41 in
1536 2040 153 41 bonum,
1643 2040 138 41 tamen
1735 2040 229 41 voluntarie,
1918 2040 76 41 &

1099 2076 155 45 libere
1208 2076 155 45 tendit
1317 2076 93 45 in
1364 2076 155 45 ipsum:
1473 2076 202 45 huiusmodi
1628 2076 124 45 enim
1706 2076 249 45 determinatio
1892 2076 78 45 non

1101 2116 149 63 minuit
1206 2116 224 63 voluntatem,
1385 2116 75 63 &
1415 2116 224 63 libertatem:
1594 2116 105 63 sed
1654 2116 149 63 potius
1759 2116 149 63 auget:
1863 2116 75 63 &
1878 2116 90 63 ideo

1100 2161 142 54 talis
1195 2161 253 54 determinatio
1400 2161 111 54 non
1463 2161 189 54 repugnat
1590 2161 126 54 merito

1134 2189 95 53 Ad
1182 2189 190 53 quartum,
1324 2189 254 53 negomaiorem:
1531 2189 127 53 quia
1610 2189 143 53 licet
1705 2189 143 53 illud
1785 2189 174 53 perfectum

1116 2236 180 58 raemium
1247 2236 115 58 non
1312 2236 180 58 meruit,
1443 2236 164 58 potuit
1558 2236 147 58 tamen
1656 2236 147 58 multa
1738 2236 229 58 accidentalia

1105 2271 160 55 mereri,
1222 2271 87 55 vt
1266 2271 102 55 iam
1309 2271 117 55 patuit

1146 2305 166 59 Secunda
1267 2305 196 59 conclusio
1418 2305 121 59 est,
1493 2305 121 59 quod
1569 2305 181 59 Christus
1705 2305 91 59 in
1750 2305 136 59 primo
1841 2305 91 59 in
1871 2305 91 59 stan

1099 2345 88 67 ti
1143 2345 118 67 suae
1217 2345 235 67 conceptionis
1408 2345 147 67 mereri
1497 2345 132 67 potuit.

1115 2384 79 54 1
1147 2384 126 54 Quia
1225 2384 110 54 pro
1288 2384 204 54 quocunque
1445 2384 189 54 instanti
1587 2384 173 54 aliquis
1713 2384 157 54 viator
1807 2384 157 54 existens

1112 2430 165 58 potest
1227 2430 99 58 in
1276 2430 148 58 omnem
1375 2430 247 58 spiritualem
1573 2430 198 58 actionem
1721 2430 247 58 competentem
1902 2430 66 58 vi

1108 2472 84 56 ro
1150 2472 181 56 perfecto,
1289 2472 98 56 pro
1345 2472 126 56 eodem
1429 2472 167 56 instanti
1554 2472 112 56 ille
1624 2472 140 56 potest
1722 2472 153 56 mereri:
1833 2472 98 56 sed
1875 2472 84 56 Chri

1112 2507 101 59 tus
1169 2507 87 59 in
1213 2507 130 59 primo
1300 2507 174 59 instanti
1430 2507 116 59 suae
1502 2507 231 59 conceptionis
1690 2507 101 59 &c.
1748 2507 116 59 lsta
1820 2507 130 59 patet
1893 2507 72 59 per

1100 2549 167 47 Hiere.
1217 2549 151 47 31vbi
1318 2549 100 47 de
1368 2549 184 47 Christo
1502 2549 184 47 quantum
1635 2549 100 47 ad
1686 2549 117 47 sui
1736 2549 234 47 conceptionem

1105 2588 200 45 dicitur.
1255 2588 150 45 Nouum
1356 2588 167 45 faciet
1472 2588 184 45 dominus
1606 2588 150 45 super
1706 2588 184 45 terram:
1823 2588 150 45 foemina

1119 2623 235 52 tircumdabit
1307 2623 156 52 virum.
1417 2623 109 52 Hoc
1479 2623 141 52 autem
1573 2623 109 52 non
1636 2623 156 52 potest
1745 2623 203 52 intelligi
1886 2623 78 52 quo

1107 2669 94 50 ad
1154 2669 188 50 actiones
1296 2669 235 50 corporales,
1484 2669 110 50 cum
1547 2669 220 50 corporalia
1719 2669 110 50 sua
1782 2669 157 50 membra
1876 2669 94 50 tunc

1107 2706 175 68 fuerint
1235 2706 96 68 ad
1282 2706 143 68 modum
1378 2706 207 68 ceterorum
1538 2706 207 68 infantium
1697 2706 191 68 debilia:
1840 2706 128 68 ergo
1904 2706 64 68 in

1109 2741 206 61 telligetur,
1274 2741 96 61 quo
1329 2741 82 61 ad
1370 2741 164 61 actiones
1479 2741 206 61 spirituales.,

1117 2784 76 52 2
1147 2784 214 52 Praeterea,
1315 2784 183 52 Christus
1452 2784 92 52 in
1498 2784 137 52 primo
1590 2784 183 52 instanti
1727 2784 168 52 ratione
1834 2784 137 52 habitus

1125 2823 147 44 loriae
1228 2823 176 44 perfecte
1360 2823 191 44 fruebaur:
1507 2823 117 44 ergo
1580 2823 88 44 in
1624 2823 132 44 eodem
1712 2823 176 44 instanti
1829 2823 132 44 ratione

1114 2865 161 42 habitus
1232 2865 176 42 gratiae,
1364 2865 73 42 &
1393 2865 191 42 caritatis
1540 2865 117 42 sibi
1613 2865 161 42 tamquam
1730 2865 161 42 viatori
1833 2865 132 42 compete

1113 2898 120 62 tis,
1188 2898 181 62 persecte
1324 2898 211 62 merebatur.
1489 2898 241 62 Consequentia
1685 2898 151 62 patet:
1790 2898 120 62 quia
1866 2898 135 62 sicut

1108 2941 85 42 se
1150 2941 128 42 habet
1235 2941 156 42 habitus
1349 2941 156 42 gloriae
1462 2941 85 42 ad
1505 2941 113 42 frui
1576 2941 199 42 beatifice:
1732 2941 99 42 sic
1789 2941 156 42 habitus
1888 2941 85 42 gra-

1105 2976 113 50 tiae
1176 2976 170 50 viatoris
1303 2976 85 50 ad
1345 2976 155 50 mereri:
1458 2976 113 50 ideo
1515 2976 57 50 &c

1132 3016 72 58 3
1160 3016 202 58 Praeterea,
1319 3016 202 58 perfectior
1478 3016 101 58 est
1536 3016 188 58 potentia,
1681 3016 116 58 quae
1753 3016 101 58 sic
1797 3016 173 58 perficitur

1109 3062 144 54 aliquo
1210 3062 159 54 habitu,
1325 3062 115 54 quod
1397 3062 101 54 est
1455 3062 188 54 coniuncta
1599 3062 144 54 actui,
1700 3062 101 54 qui
1758 3062 173 54 elicitur
1873 3062 101 54 secu-

1109 3093 110 60 dum
1172 3093 141 60 talem
1266 3093 188 60 habitum,
1407 3093 125 60 quam
1485 3093 94 60 si
1532 3093 172 60 habitui
1658 3093 235 60 coniungitur
1846 3093 125 60 sine
1908 3093 63 60 a-

1119 3141 124 56 ctu:
1196 3141 108 56 sed
1258 3141 185 56 potentia
1397 3141 170 56 merendi
1520 3141 263 56 perfectissima
1736 3141 154 56 semper
1844 3141 124 56 fuit
1906 3141 62 56 in
