2168 3517
59 218 171 86 quatiuor
187 218 114 86 sunt
258 218 157 86 videnda
372 218 128 86 Primo
458 218 85 86 de
500 218 199 86 principali
657 218 185 86 quaesito.
785 218 57 86 Se

52 291 127 46 cundo
136 291 84 46 si
179 291 141 46 corpus
277 291 155 46 Christi
390 291 99 46 diu
446 291 183 46 mansisset
587 291 84 46 ab
629 291 127 46 anima
699 291 155 46 separatum

44 328 166 54 fuisset
164 328 226 54 incineratum
345 328 90 54 ad
390 328 136 54 modum
481 328 166 54 aliorum
601 328 196 54 corporum.
752 328 90 54 Et
782 328 60 54 ho

55 370 157 50 quantum
169 370 86 50 ad
212 370 86 50 11
255 370 129 50 dist.
341 370 143 50 Tertio
441 370 129 50 vtrum
526 370 171 50 Christus
655 370 86 50 in
698 370 143 50 triduo
784 370 71 50 fue

51 403 91 49 nt
96 403 136 49 verus
187 403 136 49 homo.
278 403 91 49 Et
324 403 152 49 quarto
430 403 136 49 vtrum
521 403 121 49 post
596 403 152 49 mortem
687 403 167 49 descende-

40 441 100 47 rit
97 441 86 47 ad
140 441 186 47 infernum.
283 441 86 47 Et
325 441 100 47 hoc
383 441 100 47 quo
440 441 86 47 ad
483 441 100 47 22.
525 441 229 47 distinctionem.

101 550 320 49 RE
261 550 267 49 S
368 550 480 49 OLVTI
634 550 214 49 O.

32 627 170 54 Ptvrporis
162 627 157 54 christi,
280 627 91 54 ita
332 627 144 54 eiusdem
436 627 130 54 animae
528 627 104 54 vnio
593 627 91 54 tum
645 627 183 54 diuinitate
776 627 78 54 num-

66 679 96 49 quam
126 679 120 49 soluta
210 679 108 49 fuit:
282 679 84 49 cum
330 679 168 49 praesertim
462 679 120 49 clamet
545 679 168 49 Apostolus,
677 679 96 49 sine
725 679 120 49 paeniter

54 716 145 40 tiasunt
159 716 105 40 dona
225 716 92 40 Dei
277 716 132 40 Verunt
370 716 105 40 amen
435 716 145 40 christi
540 716 145 40 corpus,
646 716 158 40 quamditt
751 716 92 40 diui-

66 755 135 47 nitati
160 755 175 47 coniuncta
294 755 189 47 stetisset.
443 755 242 47 intinerationem
645 755 148 47 numquam
739 755 121 47 fuisset

53 807 180 42 Perpessum:
195 807 116 42 situs
272 807 116 42 autem
349 807 77 42 si
388 807 103 42 suis
453 807 193 42 naturalibus
607 807 116 42 esset
672 807 167 42 derelictum.

123 866 385 78 ARTICVLV
412 866 161 78 S
476 866 225 78 ti.
573 866 128 78 1.

-2 956 153 73 Vtrum
100 956 170 73 anima,
219 956 85 73 &
252 956 170 73 corpus
371 956 187 73 christi
507 956 136 73 post
592 956 153 73 eorum
693 956 153 73 inter
778 956 68 73 se

71 1003 265 68 separationem
287 1003 232 68 diuinitati
469 1003 248 68 remanserint
651 1003 132 68 vnita.

23 1106 213 46 SVANTVM
177 1106 116 46 ad
235 1106 193 46 primum
371 1106 174 46 ponam
487 1106 155 46 duas
564 1106 290 46 conclusiones.

45 1148 78 48 ¬
77 1148 141 48 Prima
170 1148 125 48 est,
249 1148 125 48 quod
327 1148 172 48 numquam
452 1148 156 48 soluta
561 1148 125 48 fuit
639 1148 125 48 vnio
702 1148 156 48 corporis

29 1178 150 55 Christi
138 1178 95 55 cum
193 1178 163 55 deitate.
315 1178 68 55 1
342 1178 109 55 Quia
410 1178 122 55 dicit
492 1178 136 55 Apost.
587 1178 109 55 quod
655 1178 109 55 sine
709 1178 136 55 poeniter

16 1224 98 51 tia
72 1224 112 51 sunt
142 1224 112 51 dona
212 1224 112 51 Dei.
282 1224 84 51 Et
324 1224 84 51 ex
366 1224 112 51 illo
436 1224 126 51 dicto
520 1224 168 51 Apostoli
646 1224 182 51 trahitur,
772 1224 70 51 quo

18 1264 174 48 quidquid
148 1264 101 48 per
206 1264 159 48 gratiam
321 1264 101 48 Dei
379 1264 217 48 conceditur,
553 1264 159 48 numquam
668 1264 145 48 absque
755 1264 87 48 culp

17 1301 197 49 reuocatur:
172 1301 99 49 sed
228 1301 85 49 ex
270 1301 169 49 mirifica
397 1301 99 49 Dei
454 1301 141 49 gratia
552 1301 141 49 corpus
651 1301 127 49 illud
735 1301 99 49 per
778 1301 70 49 as-

10 1340 196 44 sumptionem
164 1340 126 44 verbi
249 1340 154 44 deitati
361 1340 112 44 fuit
431 1340 154 44 vnitum,
543 1340 98 44 nec
599 1340 140 44 vmquam
698 1340 126 44 illud
768 1340 70 44 con

57 1383 215 46 quocumque
223 1383 182 46 peccato
356 1383 166 46 fuerat
472 1383 215 46 maculatu:
638 1383 133 46 ergo
704 1383 149 46 numquam

33 1419 212 46 lhuiusmodi
199 1419 151 46 vnione
305 1419 166 46 extitit
426 1419 227 46 destitutum.
608 1419 76 46 2
638 1419 212 46 Praeterea,
789 1419 61 46 si

55 1457 108 47 vnio
123 1457 81 47 in
164 1457 135 47 triduo
258 1457 149 47 fuisset
366 1457 189 47 dissoluta,
515 1457 108 47 tunc
583 1457 95 47 aut
637 1457 135 47 filius
731 1457 95 47 Dei
772 1457 81 47 fuis

34 1498 84 44 no
76 1498 182 44 sepultus,
216 1498 98 44 vel
272 1498 98 44 non
328 1498 140 44 potuit
426 1498 112 44 dici
496 1498 112 44 vere
566 1498 182 44 sepultus,
706 1498 126 44 cuius
776 1498 70 44 op-

2 1543 147 43 situm
100 1543 180 43 habetur
231 1543 98 43 in
280 1543 196 43 fvmbolo:
427 1543 114 43 aut
492 1543 98 43 de
541 1543 131 43 nouo
623 1543 147 43 facta
705 1543 147 43 fuisset

2 1574 144 50 fporis
102 1574 144 50 illius
203 1574 201 50 assumptio,
361 1574 115 50 quod
433 1574 101 50 est
490 1574 158 50 falsum:
605 1574 115 50 quia
677 1574 158 50 nusquam
777 1574 72 50 leg

17 1615 105 43 nus
77 1615 149 43 filium
181 1615 105 43 Dei
241 1615 179 43 pluries,
376 1615 120 43 quam
450 1615 135 43 semel
540 1615 149 43 corpus
645 1615 164 43 Christi
749 1615 105 43 assum

2 1656 117 45 Pise
76 1656 235 45 Consequentia
267 1656 132 45 patet
355 1656 103 45 quo
413 1656 88 45 ad
458 1656 147 45 primam
560 1656 103 45 sui
619 1656 147 45 parte:
722 1656 117 45 quia
781 1656 73 45 ea,

28 1693 86 48 ae
71 1693 114 48 soli
142 1693 157 48 corpori
256 1693 214 48 conueniunt,
427 1693 100 48 non
484 1693 157 48 dicutur
598 1693 86 48 de
641 1693 128 48 filio
727 1693 100 48 Dei
769 1693 86 48 nisi

0 1730 102 41 Rri
59 1730 174 41 vnionis,
189 1730 102 41 qua
247 1730 145 41 vnitus
349 1730 102 41 est
407 1730 174 41 corpori:
538 1730 102 41 sed
596 1730 116 41 esse
669 1730 174 41 sepultum
785 1730 58 41 ci

4 1768 124 47 senit
87 1768 124 47 solum
170 1768 166 47 corpori:
294 1768 110 47 ergo
363 1768 83 47 si
404 1768 207 47 dissoluitur
570 1768 124 47 vnio,
653 1768 138 47 filius
750 1768 97 47 Dei
791 1768 69 47 non

15 1810 146 49 pterit
118 1810 117 49 dici
191 1810 190 49 sepultus:
338 1810 103 49 vel
396 1810 190 49 dissoluta
543 1810 132 49 prima
630 1810 146 49 vnione
718 1810 132 49 oporte-

8 1849 90 51 ct
53 1849 135 51 aliam
143 1849 166 51 vnionem
264 1849 151 51 fieri,
369 1849 75 51 &
399 1849 135 51 aliam
490 1849 256 51 assumptionem,
700 1849 120 51 quod
761 1849 90 51 fuit

4 1886 174 48 secunda
131 1886 126 48 pars
210 1886 221 48 praedictae
384 1886 285 48 consequentiae.
621 1886 111 48 Sed
684 1886 158 48 contra
779 1886 63 48 ho

16 1924 141 48 detur
110 1924 125 48 esse
189 1924 157 48 quidam
298 1924 172 48 doctor,
424 1924 110 48 qui
487 1924 125 48 ait.
565 1924 78 48 1
596 1924 125 48 Quod
675 1924 94 48 si
722 1924 94 48 in
753 1924 94 48 homi

7 1962 117 43 snon
81 1962 103 43 est
139 1962 117 43 alia
212 1962 132 43 forma
300 1962 249 43 substantialis
505 1962 161 43 praeter
622 1962 146 43 animam
710 1962 132 43 intelle

12 2002 137 43 luam,
103 2002 122 43 tunc
180 2002 214 43 necessario
347 2002 198 43 dissoluta
500 2002 122 43 fuit
576 2002 107 43 per
637 2002 153 43 mortem
729 2002 122 43 Christ

8 2041 105 45 nio
68 2041 226 45 supradicta:
249 2041 120 45 quia
324 2041 105 45 uno
384 2041 180 45 vnitorum
519 2041 211 45 destructo,
670 2041 180 45 necessario

18 2082 143 40 llitur
118 2082 129 40 vnio:
204 2082 129 40 facta
289 2082 129 40 autem
375 2082 186 40 praedicta
518 2082 243 40 suppositione,
718 2082 114 40 tunc
776 2082 71 40 con

29 2121 182 44 Christi
162 2121 132 44 vere
244 2121 297 44 corrumpebatur,
492 2121 132 44 quia
574 2121 198 44 perdidit
706 2121 149 44 formam,

11 2158 75 45 a
41 2158 121 45 sibi
117 2158 136 45 dabat
207 2158 121 45 esse
283 2158 211 45 corporeum,
449 2158 121 45 quae
524 2158 121 45 fuit
599 2158 91 45 de
645 2158 226 45 intrinseca,
811 2158 45 45 &

26 2198 151 41 intiali
136 2198 110 41 rone
205 2198 137 41 illius
301 2198 179 41 corporis,
439 2198 124 41 puta,
521 2198 110 41 aiam
590 2198 247 41 intellectiuam:
782 2198 69 41 er-

15 2240 150 40 soluta
120 2240 120 40 fuit
195 2240 135 40 vnio,
285 2240 105 40 qua
345 2240 150 40 corpus
449 2240 165 40 Christi
569 2240 135 40 vnitu
659 2240 120 40 fuit
719 2240 135 40 deitati

40 2275 209 49 praeterea,
204 2275 104 49 hoc
264 2275 119 49 idem
338 2275 149 49 potest
443 2275 164 49 probari
562 2275 119 49 sic.
636 2275 149 49 Remoto
741 2275 149 49 medio,

16 2316 90 45 so
61 2316 151 45 aliqua
167 2316 196 45 vniuntur,
317 2316 226 45 dissoluitur
498 2316 136 45 eorum
589 2316 136 45 vnio,
679 2316 106 45 sed
739 2316 106 45 (vt
785 2316 75 45 su-

6 2365 150 37 trius
106 2365 183 37 patuit)
240 2365 167 37 verbum
356 2365 117 37 Dei
423 2365 217 37 assumpsit
589 2365 167 37 carnem
689 2365 167 37 mediante

10 2392 128 43 nima
90 2392 112 43 cum
154 2392 160 43 igitur
267 2392 96 43 in
315 2392 144 43 morte
411 2392 176 43 Christi
539 2392 144 43 anima
635 2392 160 43 fuerit
748 2392 80 43 a
764 2392 96 43 cor-

15 2433 94 54 re
62 2433 203 54 separata:
218 2433 125 54 ergo
281 2433 78 54 &c.

29 2473 211 45 Praeterea,
194 2473 90 45 si
239 2473 120 45 vnio
315 2473 180 45 corporis
450 2473 165 45 Christi
570 2473 195 45 mansisset
721 2473 105 45 cum
766 2473 90 45 dei-

6 2511 88 44 se
50 2511 221 44 indissoluta
227 2511 88 44 in
272 2511 162 44 triduo,
389 2511 118 44 tunc
463 2511 147 44 corpus
566 2511 162 44 Christi
684 2511 103 44 non
728 2511 133 44 fuisset

4 2553 112 43 ere
68 2553 176 43 mortuum
196 2553 223 43 Consequens
371 2553 112 43 est
435 2553 239 43 haereticum:
627 2553 128 43 quia
706 2553 112 43 est
754 2553 112 43 haere

9 2589 247 42 Oalanitarum,
209 2589 93 42 vt
255 2589 108 42 ait
317 2589 201 42 lsidorus,
471 2589 77 42 &
502 2589 170 42 habetur
626 2589 93 42 in
672 2589 185 42 decretis
795 2589 62 42 24

33 2629 175 43 Probatio
165 2629 263 43 consequentiae:
384 2629 117 43 quia
457 2629 132 43 maior
545 2629 102 43 est
603 2629 146 43 virtus
691 2629 161 43 viuifica.

26 2670 211 49 ndeitatis,
192 2670 75 49 q
222 2670 166 49 animae:
343 2670 106 49 sed
403 2670 151 49 corpus
509 2670 106 49 non
569 2670 166 49 moritur
690 2670 121 49 nisi
750 2670 106 49 sepa-

10 2707 110 58 tur
73 2707 94 58 ab
120 2707 188 58 aia:ergo
261 2707 110 58 nec
324 2707 126 58 mori
403 2707 188 58 poterit,
544 2707 157 58 quadiu
654 2707 173 58 remanet
764 2707 94 58 vni-

18 2746 88 43 n
54 2746 210 43 deitati.
211 2746 105 43 Ad
264 2746 175 43 primum
387 2746 140 43 nego
474 2746 316 43 consequentiam.
737 2746 105 43 Ad
772 2746 88 43 pro

15 2786 144 50 tionem
115 2786 115 50 dico
187 2786 101 50 que
245 2786 86 50 ro
288 2786 172 50 procedit
417 2786 86 50 ex
460 2786 201 50 ignorantia
618 2786 259 50 distinctionis,

15 2823 136 47 inter
106 2823 167 47 corpus,
227 2823 121 47 quod
303 2823 106 47 est
364 2823 167 47 directe
485 2823 91 47 in
530 2823 258 47 praedicamento
728 2823 136 47 substam

8 2866 90 47 pe
53 2866 165 47 corpus,
173 2866 120 47 quod
248 2866 105 47 est
308 2866 150 47 altera
413 2866 120 47 pars
487 2866 195 47 composit,
637 2866 120 47 quod
712 2866 135 47 solum
787 2866 75 47 por

17 2905 175 48 otionem
145 2905 112 48 est
208 2905 96 48 in
256 2905 287 48 praedicamento.
495 2905 112 48 Nam
559 2905 159 48 primum
671 2905 112 48 est
719 2905 143 48 composi

18 2943 76 52 n
48 2943 91 52 ex
94 2943 182 52 materia,
230 2943 76 52 &
260 2943 136 52 forma
351 2943 242 52 substantiali
548 2943 76 52 &
578 2943 227 52 praedicatur
760 2943 106 52 per
805 2943 61 52 se

9 2981 136 50 orte,
99 2981 75 50 &
130 2981 90 50 de
175 2981 166 50 ceteris
295 2981 211 50 indiuiduis
461 2981 196 50 corporeae
612 2981 241 50 substantiae,
793 2981 75 50 cum

2 3021 136 41 enus
87 3021 254 41 subalternum
290 3021 288 41 praedicamenti
528 3021 271 41 substantiae,
731 3021 136 41 Corpus

-4 3058 127 62 rrm,
76 3058 127 62 quod
155 3058 111 62 est
219 3058 159 62 altera
331 3058 127 62 pars
410 3058 207 62 composit,
569 3058 143 62 dicit
665 3058 191 62 materiam
792 3058 80 62 cum

889 252 205 57 inclusione
1050 252 175 57 cuiusdam
1182 252 117 57 modi
1255 252 249 57 quantitatiui,
1460 252 117 57 quae
1533 252 175 57 fortitur
1664 252 73 57 a
1679 252 73 57 cor

899 300 129 42 pore,
985 300 115 42 quod
1057 300 101 42 est
1114 300 86 42 de
1157 300 244 42 praedicamento
1358 300 230 42 quantitatis.
1545 300 101 42 Nec
1602 300 129 42 illud
1674 300 72 42 cor

887 338 99 46 pus
943 338 198 46 predicatur
1099 338 85 46 de
1141 338 99 46 eo,
1198 338 127 46 cuius
1283 338 99 46 est
1339 338 155 46 corpus:
1452 338 113 46 quia
1523 338 113 46 pars
1580 338 155 46 integrali

880 381 98 41 non
936 381 196 41 predicatur
1090 381 84 41 de
1132 381 98 41 suo
1188 381 126 41 toto.
1272 381 140 41 Sicut.
1370 381 70 41 n
1398 381 112 41 aia,
1468 381 112 41 quae
1538 381 98 41 est
1594 381 112 41 pars
1650 381 98 41 forma

881 408 113 57 lis,
952 408 99 57 non
1008 408 213 57 praedicatur
1178 408 85 57 de
1221 408 99 57 eo,
1278 408 128 57 cuius
1363 408 99 57 est
1419 408 142 57 anima,
1518 408 99 57 sic
1575 408 99 57 nec
1618 408 128 57 corpus:

884 457 113 42 quod
955 457 99 42 est
1011 457 142 42 altera
1111 457 113 42 pars
1182 457 184 42 composit.
1324 457 85 42 Et
1366 457 113 42 ideo
1437 457 142 42 quauis
1536 457 99 42 non
1593 457 142 42 fuerit
1678 457 57 42 in

896 492 158 41 Christo
1010 492 143 41 aliqua
1111 492 129 41 forma
1197 492 258 41 substantialis,
1412 492 115 41 nisi
1484 492 115 41 sola
1556 492 129 41 anima
1627 492 115 41 intel-

884 525 160 58 lectiua,
1003 525 120 58 tamen
1083 525 93 58 per
1136 525 213 58 separationem
1309 525 106 58 aiae
1376 525 226 58 intellectiuae
1562 525 133 58 corpus
1642 525 93 58 Chri-

889 566 98 59 sti
945 566 98 59 non
1001 566 238 59 corrumpebatur
1197 566 154 59 quantum
1309 566 84 59 ad
1351 566 112 59 esse
1421 566 182 59 corporis:
1561 566 112 59 quia
1631 566 98 59 non
1673 566 70 59 per

888 603 137 51 didit
979 603 137 51 modum
1071 603 274 51 quantitatiuum,
1299 603 122 51 quem
1375 603 137 51 addit
1467 603 168 51 corpus,
1589 603 91 51 vt
1619 603 122 51 corpus

890 643 111 47 est,
959 643 125 47 super
1043 643 125 47 ipsam
1126 643 180 47 materiam,
1264 643 139 47 quauis
1361 643 139 47 posset
1458 643 111 47 dici
1527 643 180 47 corruptum
1652 643 83 47 quan

880 688 103 48 tum
939 688 88 48 ad
983 688 117 48 esse
1057 688 162 48 vitale:
1174 688 117 48 quia
1247 688 103 48 non
1306 688 176 48 remansit
1438 688 132 48 viuu.
1526 688 132 48 Forte
1600 688 132 48 dicetur

890 722 101 50 que
947 722 116 50 tunc
1020 722 87 50 in
1063 722 145 50 triduo
1165 722 159 50 remasit
1281 722 145 50 corpus
1382 722 159 50 Christi
1498 722 116 50 sine
1571 722 116 50 omni
1629 722 101 50 form:

888 766 255 43 substantiali.
1098 766 210 43 Respondeo,
1263 766 120 43 quod
1337 766 105 43 hoc
1397 766 150 43 nullum
1502 766 150 43 reputo
1607 766 120 43 esse
1667 766 75 43 in-

879 804 227 44 conueniens:
1061 804 121 44 quia
1136 804 167 44 quamuis
1257 804 167 44 materia
1379 804 151 44 quanta
1485 804 227 44 naturaliter
1651 804 76 44 non

899 839 126 46 possit
987 839 176 46 subsistere
1126 839 100 46 sine
1188 839 113 46 forma
1264 839 226 46 substant,iali,
1452 839 75 46 vt
1490 839 113 46 tamen
1565 839 113 46 vnita
1641 839 88 46 est
1678 839 63 46 per

887 884 128 42 sonae
972 884 156 42 diuinae
1085 884 199 42 actualiter
1241 884 142 42 potest
1341 884 213 42 subsistere,
1511 884 71 42 &
1539 884 170 42 existere
1653 884 85 42 sine

878 919 117 44 omni
951 919 131 44 forma
1039 919 248 44 substantiali.
1243 919 102 44 Si:
1301 919 87 44 nm
1345 919 117 44 sola
1417 919 189 44 voluntate
1563 919 146 44 diuina
1651 919 87 44 quan

889 956 122 55 titas
971 956 82 55 in
1012 956 190 55 sacramento
1162 956 150 55 altaris
1270 956 150 55 existit
1379 956 109 55 sine
1447 956 163 55 materia,
1570 956 68 55 &
1597 956 109 55 sine
1651 956 82 55 for-

878 999 94 44 ma
925 999 267 44 substantiali,
1146 999 157 44 quanto
1256 999 142 44 magis
1350 999 173 44 materia
1476 999 157 44 quanta
1586 999 142 44 verbo
1664 999 79 44 Dei

893 1040 224 45 personaliter
1075 1040 126 45 vnita
1159 1040 140 45 potest
1257 1040 168 45 existere
1383 1040 112 45 sine
1453 1040 126 45 forma
1523 1040 210 45 substantiali-

926 1072 94 54 Ad
973 1072 188 54 secundum
1114 1072 203 54 dicendum,
1271 1072 110 54 que
1333 1072 94 54 in
1380 1072 125 54 tali
1458 1072 235 54 assumptione
1630 1072 110 54 anima

893 1113 95 56 non
948 1113 108 56 fuit
1015 1113 135 56 medium
1110 1113 230 56 necessitatis,
1299 1113 95 56 sed
1354 1113 122 56 solum
1435 1113 162 56 cuiusdam
1543 1113 203 56 congruitatis.

921 1160 95 46 Ad
969 1160 175 46 tertium
1096 1160 127 46 nego
1175 1160 286 46 consequentiam.
1413 1160 95 46 Ad
1461 1160 238 46 probationem
1636 1160 95 46 dici

886 1193 116 45 dum,
958 1193 116 45 quod
1031 1193 131 45 licet
1118 1193 131 45 omnis
1205 1193 145 45 virtus
1306 1193 232 45 viuificatiua
1495 1193 174 45 competat
1611 1193 131 45 deitati

889 1233 190 49 effectiue,
1039 1233 95 49 non
1093 1233 122 49 tamen
1175 1233 163 49 competit
1298 1233 109 49 sibi
1366 1233 190 49 formaliter
1515 1233 204 49 viuificare,
1665 1233 68 49 si-

894 1269 104 47 cut
954 1269 179 47 competit
1088 1269 119 47 ipsi
1162 1269 164 47 animae:
1281 1269 119 47 ideo
1356 1269 134 47 anima
1445 1269 134 47 vnita
1535 1269 164 47 corpori
1639 1269 104 47 ipsum

892 1306 206 40 formaliter
1054 1306 206 40 viuificat,
1216 1306 103 40 non
1275 1306 133 40 autem
1363 1306 162 40 deitas.
1481 1306 162 40 Secundo
1599 1306 133 40 dico,
1673 1306 88 40 quod

892 1348 119 47 vnio
966 1348 149 47 animae
1070 1348 163 47 Christi
1189 1348 104 47 cum
1249 1348 163 47 deitate
1368 1348 163 47 numquam
1486 1348 119 47 fuit
1561 1348 163 47 soluta,
1665 1348 74 47 ita

891 1389 104 46 que
951 1389 134 46 anima
1040 1389 163 46 Christi
1159 1389 163 46 haberet
1277 1389 119 46 esse
1352 1389 193 46 separatum
1500 1389 74 46 a
1530 1389 178 46 deitate.
1649 1389 89 46 Quia

896 1433 209 47 perfectior,
1063 1433 70 47 &
1091 1433 98 47 per
1147 1433 195 47 consequens
1301 1433 265 47 indissolubilior
1524 1433 98 47 est
1580 1433 126 47 vnio,
1649 1433 84 47 quam

892 1469 107 47 est
953 1469 107 47 per
1014 1469 244 47 assumptionem
1212 1469 107 47 cum
1273 1469 137 47 beata
1365 1469 214 47 fruitione,
1532 1469 122 47 quam
1609 1469 122 47 quae
1670 1469 76 47 est

907 1510 87 49 er
950 1510 202 49 fruitionem
1108 1510 115 49 sine
1181 1510 231 49 assumptione:
1368 1510 101 49 Sed
1426 1510 159 49 secunda
1541 1510 101 49 est
1584 1510 159 49 indossolu

892 1546 132 40 bilis:
984 1546 119 40 alias
1064 1546 66 40 n
1090 1546 119 40 illi,
1169 1546 92 40 qui
1222 1546 106 40 sunt
1288 1546 79 40 in
1328 1546 106 40 vita
1394 1546 145 40 aeterna
1499 1546 92 40 non
1552 1546 132 40 essent
1632 1546 92 40 perfe

891 1578 96 48 cte
946 1578 138 48 beati,
1043 1578 110 48 nisi
1112 1578 138 48 essent
1208 1578 124 48 certi
1291 1578 83 48 de
1332 1578 151 48 aeterna
1442 1578 207 48 permansione
1607 1578 110 48 suae
1662 1578 83 48 vnio

894 1624 102 39 nis
953 1624 102 39 cum
1011 1624 102 39 Deo
1070 1624 175 39 secundum
1201 1624 146 39 beatam
1304 1624 219 39 fruitionem:
1479 1624 117 39 ergo
1552 1624 161 39 numquam
1654 1624 88 39 fuit

897 1658 189 45 dissoluta
1043 1658 145 45 animae
1144 1658 160 45 Christi
1260 1658 116 45 vnio
1333 1658 102 45 cum
1391 1658 174 45 deitate,
1521 1658 116 45 quae
1594 1658 102 45 non
1637 1658 102 45 solum

885 1701 117 42 fuit
959 1701 176 42 secundum
1091 1701 220 42 fruitionem,
1267 1701 132 42 verum
1355 1701 132 42 etiam
1443 1701 103 42 per
1502 1701 176 42 personae
1620 1701 117 42 diuina

886 1736 262 48 assumptionem.
1101 1736 77 48 2
1132 1736 216 48 Praeterea,
1302 1736 92 48 si
1348 1736 139 48 anima
1440 1736 169 48 Christi
1564 1736 169 48 fuisset
1671 1736 62 48 in

893 1777 144 44 triduo
993 1777 172 44 separata
1122 1777 72 44 a
1151 1777 172 44 deitate,
1280 1777 115 44 tunc
1352 1777 144 44 filius
1453 1777 101 44 Dei
1510 1777 101 44 non
1553 1777 187 44 descedisset

892 1814 87 45 ad
936 1814 175 45 inferna:
1067 1814 116 45 quia
1140 1814 102 45 hoc
1198 1814 218 45 praedicatum
1373 1814 131 45 solum
1460 1814 160 45 ratione
1576 1814 146 45 animae
1664 1814 87 45 sibi

890 1852 258 51 conueniebat:
1099 1852 129 51 ergo
1180 1852 113 51 &c.
1244 1852 80 51 3
1276 1852 225 51 Praeterea,
1453 1852 129 51 aima
1534 1852 177 51 Christi
1646 1852 97 51 num-

894 1898 127 47 quam
974 1898 207 47 peccauit:
1133 1898 127 47 ergo
1212 1898 175 47 gratiam
1339 1898 175 47 vnionis
1467 1898 175 47 numquam
1578 1898 159 47 perdidit

894 1934 223 45 Antecedens
1070 1934 112 45 est
1133 1934 160 45 notum.
1245 1934 255 45 Consequentia
1453 1934 144 45 patet
1548 1934 96 45 ex
1580 1934 160 45 preceden

900 1967 154 41 tibus.
1007 1967 138 41 Forte
1100 1967 185 41 dicetur,
1238 1967 123 41 quod
1315 1967 154 41 natura
1423 1967 154 41 humana
1530 1967 169 41 numquam
1638 1967 123 41 pecca-

894 2011 124 49 uit,
971 2011 77 49 &
1002 2011 139 49 tamen
1095 2011 170 49 gratiam
1218 2011 170 49 vnionis
1342 2011 201 49 perdidit.
1497 2011 216 49 Respondeo,
1651 2011 93 49 quod

891 2053 103 48 non
950 2053 162 48 proprie
1068 2053 177 48 dicitur,
1201 2053 118 48 quod
1274 2053 147 48 natura
1378 2053 147 48 humana
1481 2053 192 48 inChristo
1613 2053 133 48 perdide

886 2088 103 44 rit
945 2088 176 44 vnionem:
1077 2088 117 44 quia
1150 2088 117 44 illa
1224 2088 117 44 vnio
1297 2088 103 44 non
1356 2088 117 44 fuit
1429 2088 191 44 dissoluta
1576 2088 103 44 per
1620 2088 117 44 humana

889 2129 175 42 naturae
1016 2129 254 42 separationem
1222 2129 79 42 a
1254 2129 159 42 verbo:
1365 2129 111 42 sed
1429 2129 111 42 per
1492 2129 175 42 humanae
1603 2129 143 42 naturae

884 2169 173 43 mortem,
1010 2169 110 43 seu
1073 2169 251 43 corruptionem
1277 2169 79 43 :
1308 2169 173 43 numquam
1434 2169 126 43 enim
1512 2169 157 43 habuit
1622 2169 126 43 illa
1685 2169 63 43 na

895 2207 117 43 tura
968 2207 117 43 esse
1041 2207 117 43 sine
1114 2207 131 43 vnito
1202 2207 117 43 esse
1275 2207 88 43 ad
1319 2207 146 43 verbum
1421 2207 117 43 Dei,
1494 2207 73 43 &
1523 2207 88 43 ad
1567 2207 131 43 ipsam
1640 2207 102 43 deita

899 2246 98 41 te.
955 2246 70 41 4
983 2246 196 41 Praeterea,
1137 2246 112 41 ista
1207 2246 98 41 est
1263 2246 168 41 expressa
1389 2246 168 41 intentio
1515 2246 112 41 Dam.
1585 2246 140 41 tertio
1669 2246 70 41 li-

891 2281 118 50 bro,
965 2281 103 50 vbi
1024 2281 118 50 ait,
1098 2281 118 50 Etsi
1171 2281 177 50 Christus
1304 2281 162 50 mortuus
1422 2281 118 50 est,
1496 2281 88 50 vt
1540 2281 133 50 homo,
1628 2281 74 50 &
1643 2281 118 50 sancta

892 2321 123 46 eius
969 2321 139 46 anima
1061 2321 93 46 ab
1108 2321 262 46 incontaminato
1324 2321 154 46 diuisa
1431 2321 108 46 est
1493 2321 185 46 corpore,
1617 2321 123 46 deitas

895 2358 133 46 tamen
984 2358 252 46 inseparabilis
1191 2358 89 46 ab
1236 2358 178 46 vtrisque
1369 2358 207 46 permansit,
1532 2358 89 46 ab
1576 2358 133 46 anima
1650 2358 89 46 dico

881 2397 190 49 corpore.

934 2435 131 42 Forte
1022 2435 174 42 dicetur,
1152 2435 116 42 quod
1225 2435 87 42 si
1268 2435 203 42 praedictae
1428 2435 116 42 duae
1501 2435 232 42 conclusiones
1675 2435 87 42 sunt

896 2479 158 37 verae,
1007 2479 127 37 tunc
1086 2479 143 37 anima
1181 2479 174 37 Christi
1308 2479 174 37 numquam
1435 2479 174 37 fuisset
1562 2479 190 37 separata
1689 2479 63 37 ab

897 2516 129 52 eius
978 2516 194 52 corpore.
1123 2516 226 52 Consequens
1300 2516 113 52 est
1365 2516 161 52 contra
1478 2516 161 52 fidem:
1591 2516 129 52 quia
1655 2516 97 52 tunc

893 2551 200 52 Christus
1043 2551 117 52 non
1110 2551 183 52 fuisset
1243 2551 200 52 mortuus.
1393 2551 150 52 Probo
1493 2551 283 52 consequentiam

903 2593 118 50 quia
977 2593 132 50 sicut
1065 2593 132 50 illa,
1153 2593 118 50 quae
1227 2593 118 50 sunt
1301 2593 132 50 eadem
1389 2593 147 50 eidem,
1492 2593 118 50 sunt
1565 2593 132 50 eadem
1639 2593 103 50 intel

906 2635 78 44 e;
945 2635 91 44 sic
997 2635 117 44 illa,
1076 2635 104 44 quae
1141 2635 104 44 sunt
1206 2635 117 44 vnita
1284 2635 130 44 eidem,
1376 2635 104 44 sunt
1441 2635 117 44 vnita
1519 2635 117 44 inter
1597 2635 91 44 se:
1650 2635 91 44 sed
1689 2635 65 44 se-

897 2673 162 43 cundum
1010 2673 113 43 has
1075 2673 259 43 conclusiones
1286 2673 162 43 anima,
1399 2673 81 43 &
1431 2673 162 43 corpus
1545 2673 178 43 Christi
1658 2673 81 43 sem

896 2708 110 59 per
959 2708 173 59 fuerunt
1085 2708 142 59 vnita
1180 2708 173 59 deitati
1305 2708 79 59 :
1337 2708 126 59 ergo
1416 2708 157 59 semper
1526 2708 173 59 fuerunt
1636 2708 110 59 vnita

904 2747 134 44 inter
979 2747 60 44 se

938 2789 223 51 Respondeo
1110 2789 189 51 negando
1247 2789 309 51 consequentiam.
1504 2789 103 51 Ad
1539 2789 223 51 probationem

907 2824 176 45 dicendum,
1043 2824 108 45 quod
1110 2824 122 45 sicut
1191 2824 122 45 illa,
1272 2824 108 45 quae
1340 2824 108 45 sunt
1407 2824 108 45 idem
1475 2824 149 45 tertio,
1583 2824 149 45 quamuis
1677 2824 68 45 sin

902 2865 113 50 idem
972 2865 127 50 inter
1057 2865 84 50 se
1099 2865 169 50 entitate
1225 2865 141 50 illius
1324 2865 155 50 tertij,
1437 2865 127 50 tamen
1521 2865 127 50 inter
1605 2865 84 50 se
1633 2865 113 50 possun

898 2908 174 44 realiter
1028 2908 145 44 manere
1129 2908 203 44 distincta,
1289 2908 87 44 vt
1332 2908 130 44 patet
1419 2908 87 44 de
1462 2908 145 44 tribus
1564 2908 159 44 diuinis
1665 2908 87 44 per-

907 2942 149 46 sonis,
1011 2942 119 46 quae
1085 2942 119 46 sunt
1160 2942 119 46 idem
1234 2942 193 46 essentiae
1383 2942 178 46 diuinae,
1516 2942 74 46 &
1546 2942 119 46 sunt
1620 2942 119 46 idem
1680 2942 74 46 in-

903 2983 102 45 tei
962 2983 88 45 se
1006 2983 175 45 entitate
1137 2983 161 45 diuinae
1254 2983 204 45 essentiae,
1414 2983 73 45 &
1443 2983 131 45 tamen
1531 2983 190 45 differunt
1662 2983 88 45 rea-

913 3021 119 45 iter
987 3021 133 45 inter
1076 3021 104 45 se:
1136 3021 104 45 sic
1195 3021 133 45 illa,
1284 3021 119 45 quae
1358 3021 119 45 sunt
1432 3021 133 45 vnita
1521 3021 163 45 tertio,
1625 3021 133 45 quamuis

897 3064 161 50 ratione
1014 3064 146 50 illius
1117 3064 146 50 tertij
1219 3064 161 50 possint
1336 3064 117 50 dici
1409 3064 146 50 aliquo
1511 3064 117 50 modo
1570 3064 190 50 vnita:tamen
