2398 3539
257 270 127 67 rem:
337 270 127 67 ergo
416 270 159 67 diuina
528 270 207 67 maiestas,
687 270 111 67 cum
750 270 111 67 sit
814 270 159 67 summa,
925 270 111 67 non
973 270 159 67 compatie

264 332 117 41 tur
331 332 151 41 secum
432 332 185 41 humanam
549 332 252 41 infirmitatem.

275 369 74 53 3
305 369 208 53 Praeterea,
469 369 119 53 Deus
543 369 104 53 non
602 369 104 53 pot
662 369 119 53 esse
736 369 89 53 in
781 369 193 53 creatura,
930 369 119 53 nisi
1004 369 104 53 vel
1049 369 74 53 per

266 409 205 41 essentiam,
427 409 102 41 vel
486 409 102 41 per
544 409 234 41 praesentiam,
735 409 102 41 vel
793 409 102 41 per
852 409 205 41 potentiam:
1013 409 102 41 sed
1057 409 73 41 nul

253 446 111 46 lus
317 446 175 46 istorum
444 446 175 46 modorum
572 446 111 46 per
635 446 111 46 se,
699 446 111 46 nec
763 446 143 46 omnes
858 446 143 46 simul
938 446 191 46 sufficiunt

262 490 88 49 ad
306 490 248 49 incarnationem
511 490 146 49 verbi:
613 490 117 49 ergo
686 490 234 49 impossibilis
876 490 161 49 videtur
993 490 117 49 esse
1051 490 73 49 in-

257 525 203 48 earnatio.
413 525 140 48 Maior
507 525 203 48 probatur:
663 525 125 48 quia
741 525 125 48 Deus
819 525 109 48 non
881 525 156 48 potest
990 525 125 48 esse
1053 525 62 48 in

257 568 200 44 rreatura,
411 568 123 44 nisi
488 568 108 44 vel
550 568 185 44 secundum
688 568 108 44 se,
750 568 108 44 vel
812 568 185 44 secundum
950 568 123 44 suam
1012 568 108 44 opera

261 607 168 46 tionem.
383 607 91 46 Si
428 607 168 46 secudum
550 607 107 46 se,
611 607 107 46 sic
672 607 107 46 est
733 607 137 46 modus
825 607 183 46 secundum
946 607 168 46 essentiam

255 645 97 43 Si
303 645 194 43 secundum
449 645 258 43 operationem,
659 645 113 43 vel
723 645 194 43 secundum
869 645 242 43 operationem
1046 645 81 43 im-

254 685 212 44 manentem,
417 685 130 44 puta
498 685 195 44 secundum
645 685 244 44 intelligere
840 685 81 44 &
873 685 163 44 velle:
987 685 114 44 Sic
1036 685 81 44 est

257 722 192 45 secundum
401 722 256 45 praesentiam,
609 722 144 45 modo,
705 722 112 45 quo
769 722 176 45 dicitur
897 722 176 45 aliquid
1009 722 112 45 prae-

252 765 118 41 sens
326 765 118 41 esse
399 765 118 41 rei,
473 765 118 41 quod
546 765 103 41 est
605 765 88 41 in
649 765 103 41 suo
708 765 206 41 prospectu:
869 765 103 41 vel
928 765 176 41 secundum
1046 765 73 41 ope

250 803 187 44 rationem
391 803 249 44 transeuntem:
593 803 78 44 &
624 803 109 44 sic
686 803 109 44 est
748 803 187 44 secundum
889 803 218 44 potentiam.
1044 803 78 44 Mi-

252 841 105 55 nor
312 841 135 55 etiam
402 841 150 55 patet:
508 841 120 55 quia
583 841 135 55 istis
673 841 150 55 tribus
778 841 135 55 modis
868 841 120 55 Deus
944 841 105 55 est
1004 841 90 55 in
1034 841 90 55 omni

260 880 103 51 bus
319 880 206 51 creaturis:
481 880 118 51 ergo
554 880 88 51 si
598 880 118 51 isti
672 880 118 51 modi
745 880 88 51 ad
790 880 235 51 assumptionem
966 880 147 51 suffice-

258 920 140 46 rent:
351 920 124 46 tunc
428 920 140 46 omnes
521 920 202 46 creaturas
676 920 93 46 in
723 920 186 46 vnitatem
862 920 202 46 suppositi
1002 920 109 46 assum

256 959 131 51 ret:
338 959 131 51 ergo
403 959 82 51 &c.

286 999 109 50 SED
349 999 125 50 ista
427 999 109 50 non
490 999 235 50 concludunt:
677 999 125 50 quia
755 999 235 50 Annunciator
943 999 156 50 istius
1037 999 78 50 be-

253 1044 173 50 nedictae
382 1044 245 50 incarnationis
584 1044 144 50 dicit,
684 1044 115 50 quod
756 1044 101 50 non
814 1044 101 50 est
871 1044 216 50 impossibile
1030 1044 86 50 apud

255 1075 164 53 Deum
357 1075 164 53 omne
439 1075 164 53 verbum

295 1113 87 50 AD
338 1113 144 50 Primum
439 1113 144 50 igitur
540 1113 188 50 dicendum,
684 1113 115 50 quod
756 1113 130 50 dato,
843 1113 115 50 quod
915 1113 130 50 maior
1002 1113 101 50 sit
1045 1113 72 50 ve-

253 1159 97 44 ra,
308 1159 165 44 loquendo
432 1159 83 44 de
474 1159 193 44 spirituali
626 1159 193 44 substantia
777 1159 152 44 creata:
888 1159 124 44 falsa
970 1159 124 44 tamen
1039 1159 83 44 est,

255 1200 181 49 loquendo
391 1200 91 49 de
436 1200 212 49 spirituali
603 1200 212 49 substantia
754 1200 151 49 increata

290 1242 97 44 Ad
338 1242 194 44 secundum
484 1242 129 44 nego
564 1242 194 44 maiorem:
710 1242 129 44 quia
790 1242 145 44 addit
887 1242 113 44 per
952 1242 97 44 se
1000 1242 145 44 esse,

249 1277 120 52 quod
324 1277 105 52 vel
384 1277 105 52 est
444 1277 165 52 quaedam
563 1277 105 52 res
623 1277 195 52 absoluta,
773 1277 120 52 puta
848 1277 165 52 quaedam
952 1277 165 52 qualitas;

252 1318 107 45 seu
313 1318 213 45 proprietas
480 1318 167 45 naturae
602 1318 76 45 :
632 1318 107 45 vel
693 1318 152 45 saltem
800 1318 107 45 est
860 1318 152 45 quidam
967 1318 137 45 modus
1043 1318 76 45 ab-

248 1359 172 46 solutus,
377 1359 100 46 qui
434 1359 215 46 naturaliter
607 1359 100 46 est
664 1359 187 46 posterior
808 1359 158 46 natura:
922 1359 115 46 quia
994 1359 144 46 sequi

254 1392 99 53 tur
310 1392 113 53 eam,
381 1392 127 53 sicut
466 1392 184 53 naturalis
607 1392 198 53 proprietas
763 1392 141 53 illud,
862 1392 127 53 cuius
946 1392 99 53 est
989 1392 127 53 proprie

245 1439 114 45 tas:
316 1439 128 45 sicut
401 1439 142 45 aliqui
501 1439 128 45 magni
586 1439 171 45 doctores
714 1439 156 45 dicunt.
828 1439 100 45 vel
885 1439 171 45 concessa
1012 1439 128 45 maio

242 1483 97 41 re
290 1483 146 41 dico,
388 1483 130 41 quod
469 1483 146 41 licet
566 1483 114 41 per
631 1483 227 41 quamcunque
810 1483 211 41 potentiam
956 1483 162 41 creatura

246 1516 102 46 non
305 1516 146 46 possit
407 1516 161 46 absolui
524 1516 73 46 a
553 1516 204 46 relatione,
714 1516 102 46 qua
772 1516 175 46 refertur
904 1516 88 46 ad
933 1516 175 46 creatorem.

250 1561 137 42 potest
346 1561 124 42 tamen
429 1561 110 42 Deus
498 1561 151 42 facere,
607 1561 110 42 quod
676 1561 179 42 creatura,
814 1561 110 42 quae
882 1561 179 42 derelicta
1006 1561 96 42 natu-

246 1590 118 47 rali
320 1590 103 47 suo
379 1590 163 47 cursui,
497 1590 103 47 vno
557 1590 118 47 modo
630 1590 177 47 refertur
763 1590 89 47 ad
808 1590 207 47 creatorem:
970 1590 118 47 sibi
1044 1590 103 47 non

247 1625 197 50 derelicta,
401 1625 112 50 alio
472 1625 112 50 modo
542 1625 197 50 referatur:
696 1625 70 50 &
724 1625 98 50 sic
780 1625 98 50 est
836 1625 84 50 in
865 1625 168 50 proposito.

293 1667 80 48 Ad
333 1667 147 48 tertium
440 1667 174 48 dicendum,
574 1667 107 48 quod
641 1667 94 48 ibi
695 1667 94 48 est
748 1667 147 48 mutatio
855 1667 134 48 realis
949 1667 80 48 ex
989 1667 121 48 parte
1056 1667 54 48 hu

245 1718 200 38 manitatis,
402 1718 115 38 quae
474 1718 86 38 de
517 1718 100 38 suo
574 1718 115 38 esse
646 1718 200 38 potentiali
803 1718 172 38 trassata
932 1718 100 38 est
989 1718 86 38 ad
1018 1718 100 38 actua

254 1746 78 47 le
293 1746 117 47 esse,
371 1746 104 47 quod
436 1746 143 47 differt
540 1746 78 47 ab
579 1746 169 47 essentia:
709 1746 78 47 vt
748 1746 143 47 patebit
852 1746 78 47 in
891 1746 130 47 tertio
969 1746 143 47 articulo.

286 1787 99 41 Ad
336 1787 182 41 quartum
468 1787 215 41 dicendum,
633 1787 132 41 quod
716 1787 149 41 Deus,
815 1787 198 41 antequam
947 1787 165 41 vniretur

241 1823 160 52 humanae
358 1823 174 52 naturae,
488 1823 116 52 fuit
561 1823 87 52 ei
604 1823 189 52 vnibilis:
749 1823 102 52 non
807 1823 131 52 tamen
894 1823 160 52 vnitate
996 1823 116 52 passi-

243 1861 89 51 na
288 1861 89 51 se
332 1861 162 51 tenente
450 1861 89 51 ex
494 1861 133 51 parte
583 1861 118 51 Dei,
657 1861 103 51 sed
716 1861 133 51 solum
805 1861 89 51 ex
849 1861 133 51 parte
923 1861 177 51 creaturae.

247 1906 81 49 &
279 1906 130 49 ideo
360 1906 113 49 non
425 1906 259 49 requirebatur
636 1906 146 49 motor
733 1906 195 49 reducens
879 1906 178 49 aliquam
993 1906 113 49 possi

257 1947 188 44 bilitatem
401 1947 173 44 passiuam
531 1947 87 44 in
574 1947 144 44 actum,
676 1947 116 44 quae
748 1947 87 44 se
791 1947 159 44 teneret
907 1947 87 44 ex
950 1947 130 44 parte
1022 1947 87 44 Dei:

249 1988 105 44 sed
309 1988 135 44 solum
399 1988 90 44 ex
444 1988 135 44 parte
534 1988 165 44 naturae
654 1988 180 44 humanae:
788 1988 120 44 quia
863 1988 120 44 Deus
938 1988 135 44 solum
1013 1988 90 44 fuit

243 2025 167 43 vnibilis
368 2025 153 43 vnitate
480 2025 153 43 actiua:
591 2025 111 43 puta
661 2025 84 43 qa
702 2025 139 43 potuit
800 2025 111 43 sibi
869 2025 125 43 vnire
939 2025 167 43 creaturam,

255 2062 99 43 Ad
304 2062 181 43 quintum
436 2062 198 43 dicendum
584 2062 99 43 ad
634 2062 198 43 maiorem,
782 2062 132 43 quod
865 2062 148 43 inter
947 2062 165 43 vnibilia

251 2104 110 44 non
314 2104 156 44 semper
423 2104 219 44 requiritur
596 2104 203 44 proportio
752 2104 329 44 commensurationis,
1034 2104 110 44 sed

254 2144 190 44 ordinis:
397 2144 175 44 finitum
524 2144 143 44 autem
619 2144 95 44 ad
667 2144 206 44 infinitum
825 2144 143 44 licet
920 2144 111 44 non
968 2144 127 44 habeat

253 2186 267 45 proportionem
470 2186 350 45 commensurationis,
770 2186 150 45 habet
870 2186 150 45 tamen
953 2186 150 45 propor-

250 2225 154 46 tionem
358 2225 185 46 ordinis,
496 2225 108 46 seu
558 2225 200 46 ordinatae
712 2225 247 46 imitationis.
913 2225 123 46 Vnde
974 2225 139 46 quamuis

257 2267 144 42 primum
358 2267 144 42 mouens
459 2267 101 42 sit
517 2267 173 42 virtutis
647 2267 202 42 infinitae:
806 2267 87 42 vt
849 2267 130 42 patet
936 2267 87 42 8.
965 2267 144 42 physico-

242 2292 125 53 rum,
320 2292 140 53 omnia
414 2292 140 53 tamen
507 2292 218 53 ordinantur
679 2292 94 53 ad
726 2292 156 53 ipsum:
835 2292 94 53 vt
882 2292 140 53 patet
960 2292 140 53 ibidem,

247 2336 84 55 &
281 2336 101 55 12
314 2336 219 55 metaphysic-

286 2362 93 58 Ad
332 2362 154 58 sextum
440 2362 201 58 dicendum,
594 2362 123 58 quod
671 2362 139 58 sicut
764 2362 108 58 duo
825 2362 201 58 contraria
964 2362 139 58 possunt

248 2423 109 39 esse
316 2423 81 39 in
357 2423 122 39 eodem
438 2423 190 39 supposito,
588 2423 81 39 in
628 2423 109 39 alia
696 2423 136 39 tamen,
791 2423 68 39 &
818 2423 109 39 alia
886 2423 136 39 parte:
981 2423 95 39 sic
1022 2423 81 39 dei-

240 2461 127 44 tas,
319 2461 79 44 &
351 2461 206 44 humanitas
510 2461 95 44 in
557 2461 143 44 eodem
652 2461 190 44 Christo:
795 2461 111 44 est
858 2461 127 44 enim
938 2461 127 44 Deus
1001 2461 95 44 seci

239 2494 108 48 dum
300 2494 185 48 aeternam
439 2494 169 48 naturam
562 2494 77 48 a
592 2494 138 48 patre
685 2494 246 48 aeternaliter
885 2494 185 48 genitus:
1023 2494 77 48 &
1038 2494 62 48 ho

233 2534 105 46 mo
285 2534 210 46 secundum
442 2534 245 46 temporalem
635 2534 192 46 naturam
775 2534 87 46 a
810 2534 157 46 matre
897 2534 210 46 temporali-

243 2577 101 49 ter
286 2577 115 49 natus.

302 2606 100 49 Ad
352 2606 201 49 septimum
503 2606 218 49 dicendum,
671 2606 134 49 quod
754 2606 117 49 non
821 2606 117 49 est
888 2606 184 49 simile:
1006 2606 100 49 quia

247 2655 176 48 malitia
375 2655 112 48 non
439 2655 160 48 potest
551 2655 160 48 assumi
663 2655 128 48 sine
742 2655 240 48 derogatione
918 2655 176 48 bonitatis

246 2702 105 39 sed
306 2702 211 39 infirmitas
472 2702 150 39 potuit
577 2702 150 39 assumi
682 2702 150 39 absque
787 2702 120 39 omni
862 2702 226 39 derogatione
1028 2702 75 39 sum

241 2731 102 52 mae
300 2731 219 52 maiestatis.
475 2731 102 52 Sic
533 2731 117 52 enim
606 2731 146 52 filius
708 2731 204 52 assumpsit,
868 2731 117 52 quod
941 2731 102 52 non
999 2731 131 52 erat,

247 2770 123 60 quod
323 2770 138 60 tamen
415 2770 184 60 perfecte
553 2770 199 60 remansit,
706 2770 123 60 quod
768 2770 107 60 erat.

278 2802 105 55 Ad
330 2802 192 55 octauum
470 2802 140 55 nego
557 2802 209 55 minorem.
714 2802 105 55 Ad
766 2802 262 55 probationem
958 2802 140 55 dicen-

243 2849 127 49 dum,
323 2849 127 49 quod
402 2849 143 49 licet
498 2849 143 49 Deus,
593 2849 96 49 vt
641 2849 191 49 secundum
785 2849 96 49 se
832 2849 111 49 per
896 2849 207 49 generalem
1039 2849 64 49 il

241 2893 155 48 lapsum,
354 2893 99 48 est
410 2893 85 48 in
453 2893 184 48 creatura,
594 2893 99 48 sic
651 2893 99 48 per
707 2893 184 48 essentiam
849 2893 155 48 dicatur
948 2893 155 48 generali-

246 2930 103 49 ter
305 2930 117 49 esse
378 2930 88 49 in
423 2930 117 49 omni
496 2930 191 49 creatura:
643 2930 132 49 tamen
731 2930 132 49 prout
819 2930 103 49 est
878 2930 88 49 in
922 2930 147 49 aliqua
1010 2930 88 49 crea

244 2974 123 44 tura
320 2974 107 44 per
382 2974 199 44 specialem
535 2974 199 44 illapsum:
689 2974 107 44 sic
750 2974 153 44 multis
857 2974 138 44 modis
934 2974 169 44 speciali-

244 3005 100 55 bus
301 3005 143 55 potest
401 3005 114 55 esse
473 3005 86 55 in
516 3005 215 55 specialibus
687 3005 200 55 creaturis:
845 3005 114 55 puta
916 3005 86 55 in
945 3005 143 55 virtuosu

252 3045 177 50 viatore
381 3045 113 50 per
445 3045 177 50 gratiam
573 3045 289 50 gratificantem,
815 3045 96 50 in
847 3045 241 50 comprehensori

247 3085 106 56 per
308 3085 167 56 gratiam
429 3085 273 56 glorificantem,
657 3085 91 56 in
702 3085 167 56 Christo
824 3085 106 56 per
884 3085 167 56 gratiam
991 3085 106 56 vnio-

235 3125 118 66 nis
303 3125 270 66 hypostaticae
522 3125 186 66 naturam
657 3125 186 66 humanam
776 3125 236 66 sustentantem

1257 327 684 78 ARTICVLVS
1731 327 158 78 I

1156 405 138 81 Vtrum
1248 405 138 81 talis
1340 405 215 81 assumptio,
1509 405 108 81 seu
1571 405 215 81 incarnatio
1740 405 154 81 fuerit
1832 405 169 81 solitarit

1202 476 195 49 termmata
1348 476 97 49 ad
1396 476 195 49 perscnam
1542 476 146 49 filij
1639 476 162 49 absque
1753 476 130 49 hoc,
1834 476 130 49 quod
1899 476 97 49 ter-

1190 521 224 67 minaretur
1362 521 103 67 ad
1413 521 206 67 personam
1568 521 189 67 patris,
1706 521 86 67 &
1740 521 189 67 spritus
1860 521 138 67 sancti

1164 638 203 68 SVANTVM
1311 638 111 68 ad
1366 638 221 68 secundum
1532 638 240 68 articulum
1717 638 166 68 dico,
1828 638 148 68 quod
1901 638 111 68 qui

1179 682 156 51 libet
1283 682 260 51 Christianus
1491 682 191 51 credere
1630 682 208 51 tenetur,
1786 682 139 51 quod
1856 682 156 51 quamuis

1150 732 116 48 tota
1223 732 189 48 trinitas,
1368 732 73 48 &
1397 732 218 48 appropriate
1571 732 174 48 spiritus
1702 732 160 48 sanctus
1818 732 174 48 operatus
1934 732 73 48 sit

1157 768 136 41 namc
1242 768 239 41 benedictam
1430 768 290 41 incarnationem
1669 768 188 41 naturam
1805 768 188 41 humanam
1925 768 85 41 for

1141 805 165 45 mando:
1257 805 99 45 ad
1307 805 149 45 solam
1406 805 149 45 tamen
1505 805 198 45 personam
1653 805 149 45 filij
1752 805 215 45 huiusmodi
1901 805 99 45 in-

1143 843 193 41 carnatio
1288 843 113 41 est
1352 843 226 41 terminata.
1530 843 129 41 Quia
1610 843 97 41 ad
1659 843 145 41 solam
1755 843 145 41 illam
1836 843 161 41 personam

1158 883 205 46 terminatur
1319 883 219 46 incarnatio,
1495 883 117 46 quae
1568 883 117 46 vere
1641 883 102 46 est
1699 883 205 46 incarnata:
1860 883 102 46 sed
1918 883 117 46 sola

1146 924 154 53 persona
1258 924 126 53 filij
1342 924 98 53 est
1398 924 196 53 incarnata:
1552 924 112 53 ergo
1608 924 56 53 &c

1185 954 102 50 Non
1244 954 117 50 plus
1317 954 88 50 ad
1361 954 175 50 praesens
1492 954 88 50 de
1536 954 117 50 isto
1609 954 190 50 articulo:
1755 954 117 50 quia
1828 954 88 50 in
1857 954 146 50 sequenti

1159 1000 197 45 uaestione
1310 1000 167 45 intendo
1432 1000 242 45 pertractare,
1628 1000 106 45 quo
1689 1000 121 45 modo
1765 1000 136 45 illud
1856 1000 121 45 esse
1916 1000 76 45 po-

1152 1034 151 62 tuerit
1257 1034 121 62 sine
1333 1034 121 62 omni
1393 1034 256 62 contradictione.

1245 1146 620 81 ARTICVLVS
1674 1146 191 81 Il

1178 1230 153 84 Vtrum
1280 1230 187 84 ratione
1415 1230 153 84 huius
1517 1230 288 84 incarnationis
1755 1230 102 84 in
1788 1230 153 84 christo

1332 1299 106 72 Dei
1392 1299 136 72 filio
1483 1299 166 72 fuerint
1604 1299 136 72 plura
1679 1299 106 72 esse-

1173 1408 177 73 VANTVM
1297 1408 106 73 ad
1350 1408 195 73 tertium
1492 1408 248 73 articulum,
1687 1408 159 73 primo
1775 1408 213 73 distinguen

1250 1475 109 46 dum
1313 1475 109 46 est
1375 1475 94 46 de
1422 1475 141 46 esse:
1516 1475 125 46 quia
1594 1475 172 46 propter
1719 1475 234 46 multiplicem
1891 1475 94 46 eius

1133 1511 255 46 acceptionem,
1340 1511 159 46 multae
1452 1511 223 46 contingunt
1627 1511 303 46 aequiuocationes
1882 1511 96 46 in
1914 1511 80 46 di-

1139 1548 123 46 ctis
1215 1548 199 46 doctorum.
1369 1548 199 46 Accipitur
1522 1548 123 46 enim
1599 1548 123 46 esse
1675 1548 169 46 quinque
1798 1548 153 46 modis.
1890 1548 92 46 Pri-

1144 1588 85 43 mo
1186 1588 99 43 pro
1243 1588 114 43 ipsa
1314 1588 99 43 rei
1371 1588 184 43 essentia:
1513 1588 71 43 &
1541 1588 99 43 sic
1598 1588 156 43 dicitur
1711 1588 85 43 o,
1754 1588 199 43 topicorum,
1896 1588 85 43 quod

1144 1632 191 44 diffinitio
1294 1632 95 44 est
1349 1632 136 44 oratio
1444 1632 109 44 quid
1512 1632 95 44 est
1567 1632 109 44 esse
1635 1632 95 44 rei
1689 1632 218 44 significans.
1866 1632 82 44 Et
1907 1632 82 44 3.
1935 1632 54 44 de

1131 1666 131 47 anima
1219 1666 174 47 dicitur,
1349 1666 116 47 quod
1422 1666 218 47 intellectus
1596 1666 189 47 extensus,
1741 1666 87 47 id
1785 1666 116 47 est,
1843 1666 145 47 directo,

1143 1706 73 43 &
1173 1706 131 43 recto
1260 1706 160 43 aspectu
1376 1706 146 43 carnis
1478 1706 116 43 esse
1551 1706 204 43 cognoscit.
1711 1706 87 43 Et
1755 1706 116 43 Aui.
1828 1706 87 43 in
1857 1706 131 43 metaph-

1143 1745 101 44 sua
1200 1745 115 44 ait,
1272 1745 115 44 quod
1344 1745 144 44 primum
1445 1745 173 44 obiectum
1575 1745 216 44 intellectus
1748 1745 101 44 est
1805 1745 115 44 ens,
1877 1745 72 44 &
1892 1745 86 44 esse

1144 1780 88 45 In
1188 1780 103 45 his
1247 1780 161 45 omnibus
1364 1780 73 45 &
1394 1780 161 45 ceteris
1511 1780 147 45 dictis
1614 1780 235 45 consimilibus
1804 1780 191 45 accipitur
1936 1780 59 45 es

1144 1822 79 48 se
1183 1822 92 48 pro
1236 1822 105 48 ipsa
1302 1822 158 48 essentia
1420 1822 105 48 rei,
1486 1822 105 48 quae
1552 1822 145 48 proprie
1658 1822 198 48 diffinitur,
1816 1822 66 48 &
1842 1822 105 48 ipsa
1895 1822 92 48 diffi

1134 1862 167 52 nitione
1255 1862 243 52 significatur
1453 1862 106 52 quo
1513 1862 91 52 ad
1559 1862 152 52 primum
1665 1862 167 52 dictum:
1787 1862 76 52 &
1817 1862 137 52 recto
1893 1862 91 52 aspe

1134 1901 111 51 ctu
1197 1901 253 51 intelligitur
1403 1901 111 51 quo
1466 1901 95 51 ad
1514 1901 206 51 secundum,
1672 1901 79 51 &
1703 1901 142 51 primo
1782 1901 206 51 intellectur

1145 1944 210 46 obiicitur
1306 1944 113 46 quo
1371 1944 97 46 ad
1420 1944 194 46 tertium.
1565 1944 178 46 Secundo
1694 1944 129 46 modo
1775 1944 178 46 sumitur
1888 1944 97 46 esse

1140 1984 101 46 pro
1197 1984 101 46 eo,
1255 1984 115 46 quod
1327 1984 101 46 vna
1385 1984 144 46 natura
1486 1984 173 46 sortitur
1615 1984 86 46 ex
1658 1984 231 46 coniunctione
1846 1984 86 46 ad
1875 1984 115 46 aliam,

1137 2027 131 44 sicut
1225 2027 87 44 in
1268 2027 131 44 rebus
1355 2027 203 44 absolutis.
1515 2027 160 44 Materia
1631 2027 116 44 enim
1704 2027 174 44 sortitur
1834 2027 116 44 esse
1892 2027 102 44 exten

1143 2058 95 49 um
1191 2058 111 49 per
1254 2058 270 49 coniunctionem
1477 2058 95 49 ad
1524 2058 254 49 quantitatem,
1731 2058 111 49 vel
1794 2058 95 49 ex
1826 2058 159 49 habitudi

1145 2098 82 46 ne
1186 2098 82 46 ad
1228 2098 137 46 aliam,
1323 2098 123 46 sicut
1406 2098 82 46 in
1447 2098 219 46 respectiuis.
1625 2098 137 46 Tertio
1721 2098 178 46 accipitur
1858 2098 110 46 esse
1913 2098 69 46 pro

1134 2139 216 47 habitudine
1304 2139 247 47 compositonis
1505 2139 216 47 praedicati
1675 2139 108 47 cum
1737 2139 201 47 subiecto:
1891 2139 77 47 &
1907 2139 77 47 hoc

1140 2176 112 47 modo
1210 2176 126 47 esse,
1294 2176 98 47 vel
1349 2176 84 47 ly
1391 2176 98 47 est
1447 2176 181 47 accipitur
1586 2176 140 47 tertio
1684 2176 181 47 adiacens:
1824 2176 112 47 quia
1879 2176 112 47 compu-

1131 2213 120 46 lat,
1206 2213 75 46 &
1236 2213 195 46 coniungit
1386 2213 105 46 duo
1446 2213 180 46 extrema,
1581 2213 180 46 scilicet
1716 2213 225 46 praedicatum
1896 2213 75 46 &
1911 2213 90 46 sub-

1140 2254 176 45 iectum:
1268 2254 112 45 sic
1332 2254 128 45 enim
1412 2254 112 45 hoc
1476 2254 160 45 verbum
1588 2254 112 45 est
1652 2254 224 45 significat
1812 2254 176 45 composi-

1136 2294 165 53 tionem,
1256 2294 120 53 quam
1331 2294 120 53 sinc
1406 2294 195 53 composits
1556 2294 105 53 non
1616 2294 105 53 est
1676 2294 240 53 intelligere,
1871 2294 90 53 vt
1901 2294 90 53 dici

1139 2332 100 51 tur
1196 2332 72 51 1
1225 2332 258 51 perihermenias,
1440 2332 72 51 &
1469 2332 215 51 significat,
1641 2332 86 51 vt
1684 2332 143 51 verum,
1784 2332 172 51 secundum
1899 2332 86 51 quod

1131 2370 170 43 dicitur
1254 2370 93 43 s.
1300 2370 154 43 metap.
1408 2370 154 43 Quarto
1516 2370 123 43 modo
1593 2370 201 43 accipirur
1748 2370 108 43 pro
1809 2370 170 43 actuali
1917 2370 62 43 ex

1136 2414 163 45 stentia
1255 2414 118 45 rei.
1328 2414 89 45 Et
1373 2414 148 45 quinto
1476 2414 118 45 modo
1550 2414 163 45 sumitur
1669 2414 104 45 pro
1728 2414 118 45 ipsa
1787 2414 192 45 subsistenti

1135 2449 109 45 rei,
1203 2449 109 45 quae
1271 2449 95 45 est
1326 2449 122 45 idem,
1408 2449 109 45 quod
1476 2449 95 45 per
1530 2449 82 45 se
1571 2449 204 45 subsistere,
1734 2449 68 45 &
1761 2449 136 45 alteri
1857 2449 95 45 non
1897 2449 82 45 inni

1142 2491 103 48 ci.
1201 2491 89 48 Et
1246 2491 177 48 secundum
1379 2491 118 48 hoc,
1452 2491 162 48 possunt
1571 2491 118 48 poni
1644 2491 162 48 quinque
1762 2491 251 48 conclusiones,

1143 2536 148 41 primae
1247 2536 177 41 quattuor
1379 2536 251 41 affirmatiuae,
1586 2536 74 41 &
1616 2536 148 41 quinta
1704 2536 148 41 negatiua

1166 2561 129 58 PRIuA
1251 2561 114 58 est,
1323 2561 114 58 quod
1394 2561 129 58 primo
1480 2561 114 58 modo
1551 2561 200 58 accipiendo
1709 2561 129 58 esse,
1794 2561 186 58 scilicet,
1923 2561 57 58 pr

1138 2598 132 69 ipsius
1230 2598 93 69 rei
1283 2598 172 69 essentia,
1415 2598 93 69 sic
1468 2598 79 69 in
1508 2598 145 69 Christo
1614 2598 106 69 sunt
1680 2598 119 69 plura
1759 2598 119 69 esse:
1839 2598 106 69 quia
1905 2598 79 69 in
1931 2598 53 69 ip

1126 2644 82 54 so
1167 2644 110 54 sunt
1236 2644 137 54 plures
1332 2644 192 54 essentiae,
1484 2644 179 54 scilicet,
1621 2644 192 54 diuinitas,
1772 2644 69 54 &
1786 2644 165 54 humanitas.

1175 2683 181 47 SECVNDoO
1310 2683 120 47 modo
1386 2683 211 47 accipiendo
1551 2683 136 47 esse,
1642 2683 136 47 etiam
1732 2683 120 47 sunt
1807 2683 136 47 plura
1883 2683 90 47 essi

1135 2719 89 52 in
1180 2719 178 52 Christo,
1313 2719 193 52 secundum,
1462 2719 119 52 quod
1536 2719 134 52 plura
1625 2719 119 52 sunt
1700 2719 89 52 in
1744 2719 104 52 eo,
1804 2719 149 52 quorum
1893 2719 89 52 vnum

1138 2762 293 50 perfectionaliter
1387 2762 220 50 coniungitur
1563 2762 161 50 alteri,
1680 2762 103 50 vel
1739 2762 117 50 vnum
1798 2762 190 50 habitudinem

1130 2811 161 37 realem
1243 2811 145 37 habet
1340 2811 97 37 ad
1388 2811 194 37 alterum:
1533 2811 145 37 anima
1630 2811 129 37 enim
1711 2811 177 37 Christi
1824 2811 161 37 informat

1129 2848 126 37 eius
1208 2848 206 37 materiam,
1366 2848 79 37 &
1398 2848 221 37 accidentia
1572 2848 142 37 totam
1667 2848 221 37 compositam
1825 2848 158 37 naturam.

1179 2883 164 49 TERTro
1293 2883 131 49 modo
1375 2883 229 49 accipiendo
1555 2883 147 49 esse:
1653 2883 114 49 tot
1718 2883 196 49 possumus
1849 2883 131 49 ponero

1126 2925 127 56 esse
1206 2925 95 56 in
1253 2925 191 56 Christo,
1396 2925 127 56 quot
1476 2925 191 56 possumus
1619 2925 143 56 veras
1715 2925 270 56 propositiones
1921 2925 64 56 de

1126 2960 98 51 eo
1158 2960 230 51 pronunciare.

1172 2986 149 65 QARro
1272 2986 132 65 modo
1354 2986 165 65 iterum
1470 2986 132 65 sunt
1552 2986 149 65 plura
1652 2986 132 65 esse
1734 2986 99 65 in
1784 2986 198 65 Christo;
1916 2986 66 65 qa

1129 3036 136 44 aliud
1219 3036 106 44 est
1280 3036 121 44 esse
1355 3036 181 44 actualis
1491 3036 226 44 existentiae
1672 3036 241 44 humanitatis,
1868 3036 75 44 &
1883 3036 106 44 aliud

1136 3080 188 46 deitatis.
1280 3080 101 46 Nam
1338 3080 116 46 esse
1410 3080 173 46 actualis
1540 3080 217 46 existentiae
1713 3080 217 46 humanitatis
1872 3080 101 46 prtpa

1131 3115 93 53 lem
1184 3115 173 53 gnationem
1317 3115 93 53 est
1370 3115 186 53 acquisitu,
1516 3115 66 53 &
1543 3115 146 53 differt
1649 3115 159 53 realiter
1768 3115 66 53 a
1795 3115 93 53 sua
1835 3115 146 53 essentia;
