<?xml version="1.0" encoding="UTF-8"?>
<alto xmlns:xsi="http://www.w3.org/2001/XMLSchema-instance"
      xmlns="http://www.loc.gov/standards/alto/ns-v2#"
      xmlns:page="http://schema.primaresearch.org/PAGE/gts/pagecontent/2013-07-15"
      xsi:schemaLocation="http://www.loc.gov/standards/alto/ns-v2# http://www.loc.gov/standards/alto/alto.xsd">
   <Description>
      <MeasurementUnit>pixel</MeasurementUnit>
      <OCRProcessing ID="IdOcr">
         <ocrProcessingStep>
            <processingDateTime>2020-10-28T20:24:14.788-04:00</processingDateTime>
            <processingSoftware>
               <softwareCreator>READ COOP</softwareCreator>
               <softwareName>Transkribus</softwareName>
            </processingSoftware>
         </ocrProcessingStep>
      </OCRProcessing>
   </Description>
   <Tags/>
   <Layout>
      <Page ID="Page1" PHYSICAL_IMG_NR="1" HEIGHT="3541" WIDTH="2404">
         <TopMargin HEIGHT="0" WIDTH="2404" VPOS="0" HPOS="0"/>
         <LeftMargin HEIGHT="3541" WIDTH="0" VPOS="0" HPOS="0"/>
         <RightMargin HEIGHT="3541" WIDTH="0" VPOS="0" HPOS="2404"/>
         <BottomMargin HEIGHT="0" WIDTH="2404" VPOS="3541" HPOS="0"/>
         <PrintSpace HEIGHT="3541" WIDTH="2404" VPOS="0" HPOS="0">
            <TextBlock ID="TextRegion_1603043269156_4141"
                       HEIGHT="2967"
                       WIDTH="915"
                       VPOS="193"
                       HPOS="383">
               <Shape>
                  <Polygon POINTS="383,193 1267,193 1296,2945 1298,3160 433,3160 427,2787"/>
               </Shape>
               <TextLine ID="line_1603043238795_4123"
                         BASELINE="323"
                         HEIGHT="83"
                         WIDTH="867"
                         VPOS="240"
                         HPOS="379">
                  <String HEIGHT="83" WIDTH="79" VPOS="240" HPOS="363" CONTENT="1"/>
                  <SP HEIGHT="83" WIDTH="16" VPOS="240" HPOS="442"/>
                  <String HEIGHT="83"
                          WIDTH="126"
                          VPOS="240"
                          HPOS="395"
                          CONTENT="Quia"/>
                  <SP HEIGHT="83" WIDTH="16" VPOS="240" HPOS="521"/>
                  <String HEIGHT="83"
                          WIDTH="126"
                          VPOS="240"
                          HPOS="474"
                          CONTENT="illa"/>
                  <SP HEIGHT="83" WIDTH="16" VPOS="240" HPOS="600"/>
                  <String HEIGHT="83"
                          WIDTH="189"
                          VPOS="240"
                          HPOS="552"
                          CONTENT="firmatio"/>
                  <SP HEIGHT="83" WIDTH="16" VPOS="240" HPOS="742"/>
                  <String HEIGHT="83"
                          WIDTH="189"
                          VPOS="240"
                          HPOS="694"
                          CONTENT="speciei,"/>
                  <SP HEIGHT="83" WIDTH="16" VPOS="240" HPOS="883"/>
                  <String HEIGHT="83" WIDTH="110" VPOS="240" HPOS="836" CONTENT="aut"/>
                  <SP HEIGHT="83" WIDTH="16" VPOS="240" HPOS="946"/>
                  <String HEIGHT="83"
                          WIDTH="142"
                          VPOS="240"
                          HPOS="899"
                          CONTENT="dicit"/>
                  <SP HEIGHT="83" WIDTH="16" VPOS="240" HPOS="1041"/>
                  <String HEIGHT="83"
                          WIDTH="142"
                          VPOS="240"
                          HPOS="994"
                          CONTENT="solam"/>
                  <SP HEIGHT="83" WIDTH="16" VPOS="240" HPOS="1136"/>
                  <String HEIGHT="83"
                          WIDTH="173"
                          VPOS="240"
                          HPOS="1073"
                          CONTENT="inhaeren"
                          SUBS_TYPE="HypPart1"
                          SUBS_CONTENT="inhaerentiam"/>
                  <HYP CONTENT="-"/>
               </TextLine>
               <TextLine ID="line_1603043238795_4125"
                         BASELINE="349"
                         HEIGHT="47"
                         WIDTH="867"
                         VPOS="302"
                         HPOS="379">
                  <String HEIGHT="47"
                          WIDTH="131"
                          VPOS="302"
                          HPOS="363"
                          CONTENT="tiam"
                          SUBS_TYPE="HypPart2"
                          SUBS_CONTENT="inhaerentiam"/>
                  <SP HEIGHT="47" WIDTH="16" VPOS="302" HPOS="494"/>
                  <String HEIGHT="47"
                          WIDTH="180"
                          VPOS="302"
                          HPOS="444"
                          CONTENT="maiorem"/>
                  <SP HEIGHT="47" WIDTH="16" VPOS="302" HPOS="624"/>
                  <String HEIGHT="47" WIDTH="98" VPOS="302" HPOS="575" CONTENT="in"/>
                  <SP HEIGHT="47" WIDTH="16" VPOS="302" HPOS="673"/>
                  <String HEIGHT="47"
                          WIDTH="213"
                          VPOS="302"
                          HPOS="624"
                          CONTENT="subiecto,"/>
                  <SP HEIGHT="47" WIDTH="16" VPOS="302" HPOS="837"/>
                  <String HEIGHT="47" WIDTH="115" VPOS="302" HPOS="788" CONTENT="aut"/>
                  <SP HEIGHT="47" WIDTH="16" VPOS="302" HPOS="902"/>
                  <String HEIGHT="47"
                          WIDTH="147"
                          VPOS="302"
                          HPOS="853"
                          CONTENT="dicit"/>
                  <SP HEIGHT="47" WIDTH="16" VPOS="302" HPOS="1001"/>
                  <String HEIGHT="47"
                          WIDTH="180"
                          VPOS="302"
                          HPOS="952"
                          CONTENT="aliquid"/>
                  <SP HEIGHT="47" WIDTH="16" VPOS="302" HPOS="1131"/>
                  <String HEIGHT="47"
                          WIDTH="180"
                          VPOS="302"
                          HPOS="1066"
                          CONTENT="absolutum"/>
               </TextLine>
               <TextLine ID="r1l11"
                         BASELINE="387"
                         HEIGHT="45"
                         WIDTH="850"
                         VPOS="342"
                         HPOS="402">
                  <String HEIGHT="45"
                          WIDTH="225"
                          VPOS="342"
                          HPOS="386"
                          CONTENT="acquisitum"/>
                  <SP HEIGHT="45" WIDTH="16" VPOS="342" HPOS="610"/>
                  <String HEIGHT="45" WIDTH="112" VPOS="342" HPOS="562" CONTENT="per"/>
                  <SP HEIGHT="45" WIDTH="16" VPOS="342" HPOS="675"/>
                  <String HEIGHT="45"
                          WIDTH="144"
                          VPOS="342"
                          HPOS="627"
                          CONTENT="actus"/>
                  <SP HEIGHT="45" WIDTH="16" VPOS="342" HPOS="771"/>
                  <String HEIGHT="45"
                          WIDTH="273"
                          VPOS="342"
                          HPOS="723"
                          CONTENT="frequentatos."/>
                  <SP HEIGHT="45" WIDTH="16" VPOS="342" HPOS="995"/>
                  <String HEIGHT="45" WIDTH="96" VPOS="342" HPOS="947" CONTENT="Si"/>
                  <SP HEIGHT="45" WIDTH="16" VPOS="342" HPOS="1044"/>
                  <String HEIGHT="45"
                          WIDTH="144"
                          VPOS="342"
                          HPOS="995"
                          CONTENT="primo"/>
                  <SP HEIGHT="45" WIDTH="16" VPOS="342" HPOS="1140"/>
                  <String HEIGHT="45"
                          WIDTH="144"
                          VPOS="342"
                          HPOS="1092"
                          CONTENT="modo,"/>
                  <SP HEIGHT="45" WIDTH="16" VPOS="342" HPOS="1236"/>
                  <String HEIGHT="45" WIDTH="80" VPOS="342" HPOS="1172" CONTENT="cum"/>
               </TextLine>
               <TextLine ID="r1l14"
                         BASELINE="427"
                         HEIGHT="48"
                         WIDTH="847"
                         VPOS="379"
                         HPOS="404">
                  <String HEIGHT="48"
                          WIDTH="139"
                          VPOS="379"
                          HPOS="389"
                          CONTENT="talis"/>
                  <SP HEIGHT="48" WIDTH="15" VPOS="379" HPOS="527"/>
                  <String HEIGHT="48"
                          WIDTH="231"
                          VPOS="379"
                          HPOS="481"
                          CONTENT="inhaerentia"/>
                  <SP HEIGHT="48" WIDTH="15" VPOS="379" HPOS="712"/>
                  <String HEIGHT="48"
                          WIDTH="200"
                          VPOS="379"
                          HPOS="666"
                          CONTENT="tantumodo"/>
                  <SP HEIGHT="48" WIDTH="15" VPOS="379" HPOS="866"/>
                  <String HEIGHT="48"
                          WIDTH="139"
                          VPOS="379"
                          HPOS="820"
                          CONTENT="dicat"/>
                  <SP HEIGHT="48" WIDTH="15" VPOS="379" HPOS="958"/>
                  <String HEIGHT="48"
                          WIDTH="216"
                          VPOS="379"
                          HPOS="912"
                          CONTENT="respectum,"/>
                  <SP HEIGHT="48" WIDTH="15" VPOS="379" HPOS="1128"/>
                  <String HEIGHT="48"
                          WIDTH="123"
                          VPOS="379"
                          HPOS="1082"
                          CONTENT="tunc"/>
                  <SP HEIGHT="48" WIDTH="15" VPOS="379" HPOS="1205"/>
                  <String HEIGHT="48"
                          WIDTH="108"
                          VPOS="379"
                          HPOS="1143"
                          CONTENT="actus"/>
               </TextLine>
               <TextLine ID="r1l17"
                         BASELINE="467"
                         HEIGHT="50"
                         WIDTH="847"
                         VPOS="417"
                         HPOS="398">
                  <String HEIGHT="50"
                          WIDTH="173"
                          VPOS="417"
                          HPOS="381"
                          CONTENT="realis"/>
                  <SP HEIGHT="50" WIDTH="17" VPOS="417" HPOS="554"/>
                  <String HEIGHT="50"
                          WIDTH="277"
                          VPOS="417"
                          HPOS="502"
                          CONTENT="terminaretur"/>
                  <SP HEIGHT="50" WIDTH="17" VPOS="417" HPOS="778"/>
                  <String HEIGHT="50"
                          WIDTH="225"
                          VPOS="417"
                          HPOS="726"
                          CONTENT="immediate"/>
                  <SP HEIGHT="50" WIDTH="17" VPOS="417" HPOS="951"/>
                  <String HEIGHT="50" WIDTH="104" VPOS="417" HPOS="899" CONTENT="ad"/>
                  <SP HEIGHT="50" WIDTH="17" VPOS="417" HPOS="1003"/>
                  <String HEIGHT="50"
                          WIDTH="156"
                          VPOS="417"
                          HPOS="951"
                          CONTENT="puram"/>
                  <SP HEIGHT="50" WIDTH="17" VPOS="417" HPOS="1107"/>
                  <String HEIGHT="50"
                          WIDTH="207"
                          VPOS="417"
                          HPOS="1038"
                          CONTENT="relationem"/>
               </TextLine>
               <TextLine ID="r1l20"
                         BASELINE="507"
                         HEIGHT="58"
                         WIDTH="840"
                         VPOS="449"
                         HPOS="401">
                  <String HEIGHT="58"
                          WIDTH="124"
                          VPOS="449"
                          HPOS="385"
                          CONTENT="quod"/>
                  <SP HEIGHT="58" WIDTH="16" VPOS="449" HPOS="510"/>
                  <String HEIGHT="58"
                          WIDTH="124"
                          VPOS="449"
                          HPOS="463"
                          CONTENT="tota"/>
                  <SP HEIGHT="58" WIDTH="16" VPOS="449" HPOS="588"/>
                  <String HEIGHT="58"
                          WIDTH="233"
                          VPOS="449"
                          HPOS="541"
                          CONTENT="philosophia"/>
                  <SP HEIGHT="58" WIDTH="16" VPOS="449" HPOS="774"/>
                  <String HEIGHT="58"
                          WIDTH="156"
                          VPOS="449"
                          HPOS="728"
                          CONTENT="negat."/>
                  <SP HEIGHT="58" WIDTH="16" VPOS="449" HPOS="883"/>
                  <String HEIGHT="58"
                          WIDTH="140"
                          VPOS="449"
                          HPOS="837"
                          CONTENT="Item,"/>
                  <SP HEIGHT="58" WIDTH="16" VPOS="449" HPOS="977"/>
                  <String HEIGHT="58"
                          WIDTH="156"
                          VPOS="449"
                          HPOS="930"
                          CONTENT="realis"/>
                  <SP HEIGHT="58" WIDTH="16" VPOS="449" HPOS="1085"/>
                  <String HEIGHT="58"
                          WIDTH="202"
                          VPOS="449"
                          HPOS="1039"
                          CONTENT="respectus"/>
                  <SP HEIGHT="58" WIDTH="16" VPOS="449" HPOS="1241"/>
                  <String HEIGHT="58" WIDTH="62" VPOS="449" HPOS="1179" CONTENT="ac"/>
               </TextLine>
               <TextLine ID="r1l23"
                         BASELINE="548"
                         HEIGHT="49"
                         WIDTH="848"
                         VPOS="499"
                         HPOS="407">
                  <String HEIGHT="49"
                          WIDTH="216"
                          VPOS="499"
                          HPOS="392"
                          CONTENT="quireretur"/>
                  <SP HEIGHT="49" WIDTH="15" VPOS="499" HPOS="607"/>
                  <String HEIGHT="49" WIDTH="93" VPOS="499" HPOS="561" CONTENT="de"/>
                  <SP HEIGHT="49" WIDTH="15" VPOS="499" HPOS="654"/>
                  <String HEIGHT="49"
                          WIDTH="123"
                          VPOS="499"
                          HPOS="607"
                          CONTENT="nouo"/>
                  <SP HEIGHT="49" WIDTH="15" VPOS="499" HPOS="731"/>
                  <String HEIGHT="49"
                          WIDTH="139"
                          VPOS="499"
                          HPOS="685"
                          CONTENT="nullo"/>
                  <SP HEIGHT="49" WIDTH="15" VPOS="499" HPOS="823"/>
                  <String HEIGHT="49"
                          WIDTH="200"
                          VPOS="499"
                          HPOS="777"
                          CONTENT="acquisito"/>
                  <SP HEIGHT="49" WIDTH="15" VPOS="499" HPOS="977"/>
                  <String HEIGHT="49"
                          WIDTH="200"
                          VPOS="499"
                          HPOS="931"
                          CONTENT="absoluto."/>
                  <SP HEIGHT="49" WIDTH="15" VPOS="499" HPOS="1132"/>
                  <String HEIGHT="49" WIDTH="93" VPOS="499" HPOS="1085" CONTENT="Si"/>
                  <SP HEIGHT="49" WIDTH="15" VPOS="499" HPOS="1178"/>
                  <String HEIGHT="49"
                          WIDTH="139"
                          VPOS="499"
                          HPOS="1116"
                          CONTENT="secundo"/>
               </TextLine>
               <TextLine ID="r1l25"
                         BASELINE="591"
                         HEIGHT="60"
                         WIDTH="855"
                         VPOS="531"
                         HPOS="405">
                  <String HEIGHT="60"
                          WIDTH="145"
                          VPOS="531"
                          HPOS="389"
                          CONTENT="modo,"/>
                  <SP HEIGHT="60" WIDTH="16" VPOS="531" HPOS="534"/>
                  <String HEIGHT="60"
                          WIDTH="129"
                          VPOS="531"
                          HPOS="486"
                          CONTENT="tunc"/>
                  <SP HEIGHT="60" WIDTH="16" VPOS="531" HPOS="615"/>
                  <String HEIGHT="60"
                          WIDTH="177"
                          VPOS="531"
                          HPOS="566"
                          CONTENT="habetur"/>
                  <SP HEIGHT="60" WIDTH="16" VPOS="531" HPOS="744"/>
                  <String HEIGHT="60"
                          WIDTH="210"
                          VPOS="531"
                          HPOS="695"
                          CONTENT="intentum:"/>
                  <SP HEIGHT="60" WIDTH="16" VPOS="531" HPOS="905"/>
                  <String HEIGHT="60"
                          WIDTH="129"
                          VPOS="531"
                          HPOS="857"
                          CONTENT="quia"/>
                  <SP HEIGHT="60" WIDTH="16" VPOS="531" HPOS="986"/>
                  <String HEIGHT="60"
                          WIDTH="145"
                          VPOS="531"
                          HPOS="937"
                          CONTENT="illud"/>
                  <SP HEIGHT="60" WIDTH="16" VPOS="531" HPOS="1083"/>
                  <String HEIGHT="60"
                          WIDTH="210"
                          VPOS="531"
                          HPOS="1034"
                          CONTENT="absolutum"/>
                  <SP HEIGHT="60" WIDTH="16" VPOS="531" HPOS="1244"/>
                  <String HEIGHT="60" WIDTH="81" VPOS="531" HPOS="1179" CONTENT="nos"/>
               </TextLine>
               <TextLine ID="r1l28"
                         BASELINE="634"
                         HEIGHT="56"
                         WIDTH="424"
                         VPOS="578"
                         HPOS="403">
                  <String HEIGHT="56"
                          WIDTH="270"
                          VPOS="578"
                          HPOS="384"
                          CONTENT="appellamus"/>
                  <SP HEIGHT="56" WIDTH="19" VPOS="578" HPOS="654"/>
                  <String HEIGHT="56"
                          WIDTH="270"
                          VPOS="578"
                          HPOS="596"
                          CONTENT="scientiam."/>
                  <SP HEIGHT="56" WIDTH="19" VPOS="578" HPOS="866"/>
                  <String HEIGHT="56" WIDTH="39" VPOS="578" HPOS="788" CONTENT=""/>
               </TextLine>
               <TextLine ID="r1l30"
                         BASELINE="669"
                         HEIGHT="63"
                         WIDTH="832"
                         VPOS="606"
                         HPOS="410">
                  <String HEIGHT="63" WIDTH="78" VPOS="606" HPOS="394" CONTENT="2"/>
                  <SP HEIGHT="63" WIDTH="16" VPOS="606" HPOS="473"/>
                  <String HEIGHT="63"
                          WIDTH="220"
                          VPOS="606"
                          HPOS="426"
                          CONTENT="Praeterea,"/>
                  <SP HEIGHT="63" WIDTH="16" VPOS="606" HPOS="645"/>
                  <String HEIGHT="63" WIDTH="94" VPOS="606" HPOS="598" CONTENT="ab"/>
                  <SP HEIGHT="63" WIDTH="16" VPOS="606" HPOS="693"/>
                  <String HEIGHT="63"
                          WIDTH="157"
                          VPOS="606"
                          HPOS="645"
                          CONTENT="eisdem"/>
                  <SP HEIGHT="63" WIDTH="16" VPOS="606" HPOS="802"/>
                  <String HEIGHT="63"
                          WIDTH="157"
                          VPOS="606"
                          HPOS="755"
                          CONTENT="causis"/>
                  <SP HEIGHT="63" WIDTH="16" VPOS="606" HPOS="912"/>
                  <String HEIGHT="63" WIDTH="110" VPOS="606" HPOS="865" CONTENT="res"/>
                  <SP HEIGHT="63" WIDTH="16" VPOS="606" HPOS="975"/>
                  <String HEIGHT="63"
                          WIDTH="235"
                          VPOS="606"
                          HPOS="928"
                          CONTENT="intenditur,"/>
                  <SP HEIGHT="63" WIDTH="16" VPOS="606" HPOS="1164"/>
                  <String HEIGHT="63" WIDTH="78" VPOS="606" HPOS="1116" CONTENT="&amp;"/>
                  <SP HEIGHT="63" WIDTH="16" VPOS="606" HPOS="1195"/>
                  <String HEIGHT="63"
                          WIDTH="110"
                          VPOS="606"
                          HPOS="1132"
                          CONTENT="firma"/>
               </TextLine>
               <TextLine ID="r1l32"
                         BASELINE="701"
                         HEIGHT="52"
                         WIDTH="830"
                         VPOS="649"
                         HPOS="411">
                  <String HEIGHT="52"
                          WIDTH="116"
                          VPOS="649"
                          HPOS="396"
                          CONTENT="tur,"/>
                  <SP HEIGHT="52" WIDTH="15" VPOS="649" HPOS="513"/>
                  <String HEIGHT="52" WIDTH="73" VPOS="649" HPOS="469" CONTENT="a"/>
                  <SP HEIGHT="52" WIDTH="15" VPOS="649" HPOS="542"/>
                  <String HEIGHT="52"
                          WIDTH="146"
                          VPOS="649"
                          HPOS="498"
                          CONTENT="quibus"/>
                  <SP HEIGHT="52" WIDTH="15" VPOS="649" HPOS="644"/>
                  <String HEIGHT="52"
                          WIDTH="204"
                          VPOS="649"
                          HPOS="600"
                          CONTENT="generatur:"/>
                  <SP HEIGHT="52" WIDTH="15" VPOS="649" HPOS="804"/>
                  <String HEIGHT="52" WIDTH="102" VPOS="649" HPOS="760" CONTENT="sed"/>
                  <SP HEIGHT="52" WIDTH="15" VPOS="649" HPOS="862"/>
                  <String HEIGHT="52"
                          WIDTH="160"
                          VPOS="649"
                          HPOS="819"
                          CONTENT="species"/>
                  <SP HEIGHT="52" WIDTH="15" VPOS="649" HPOS="979"/>
                  <String HEIGHT="52" WIDTH="102" VPOS="649" HPOS="935" CONTENT="non"/>
                  <SP HEIGHT="52" WIDTH="15" VPOS="649" HPOS="1037"/>
                  <String HEIGHT="52"
                          WIDTH="189"
                          VPOS="649"
                          HPOS="993"
                          CONTENT="generatur"/>
                  <SP HEIGHT="52" WIDTH="15" VPOS="649" HPOS="1183"/>
                  <String HEIGHT="52" WIDTH="87" VPOS="649" HPOS="1139" CONTENT="ex"/>
                  <SP HEIGHT="52" WIDTH="15" VPOS="649" HPOS="1226"/>
                  <String HEIGHT="52" WIDTH="73" VPOS="649" HPOS="1168" CONTENT="act"/>
               </TextLine>
               <TextLine ID="r1l34"
                         BASELINE="745"
                         HEIGHT="60"
                         WIDTH="850"
                         VPOS="685"
                         HPOS="407">
                  <String HEIGHT="60"
                          WIDTH="126"
                          VPOS="685"
                          HPOS="391"
                          CONTENT="bus,"/>
                  <SP HEIGHT="60" WIDTH="16" VPOS="685" HPOS="517"/>
                  <String HEIGHT="60"
                          WIDTH="126"
                          VPOS="685"
                          HPOS="470"
                          CONTENT="immo"/>
                  <SP HEIGHT="60" WIDTH="16" VPOS="685" HPOS="596"/>
                  <String HEIGHT="60"
                          WIDTH="205"
                          VPOS="685"
                          HPOS="549"
                          CONTENT="econuerso"/>
                  <SP HEIGHT="60" WIDTH="16" VPOS="685" HPOS="753"/>
                  <String HEIGHT="60"
                          WIDTH="142"
                          VPOS="685"
                          HPOS="706"
                          CONTENT="actus"/>
                  <SP HEIGHT="60" WIDTH="16" VPOS="685" HPOS="848"/>
                  <String HEIGHT="60"
                          WIDTH="220"
                          VPOS="685"
                          HPOS="801"
                          CONTENT="generantur"/>
                  <SP HEIGHT="60" WIDTH="16" VPOS="685" HPOS="1021"/>
                  <String HEIGHT="60" WIDTH="94" VPOS="685" HPOS="974" CONTENT="ex"/>
                  <SP HEIGHT="60" WIDTH="16" VPOS="685" HPOS="1068"/>
                  <String HEIGHT="60"
                          WIDTH="220"
                          VPOS="685"
                          HPOS="1021"
                          CONTENT="speciebus,"/>
                  <SP HEIGHT="60" WIDTH="16" VPOS="685" HPOS="1241"/>
                  <String HEIGHT="60" WIDTH="79" VPOS="685" HPOS="1178" CONTENT="seu"/>
               </TextLine>
               <TextLine ID="r1l36"
                         BASELINE="776"
                         HEIGHT="52"
                         WIDTH="846"
                         VPOS="724"
                         HPOS="404">
                  <String HEIGHT="52" WIDTH="94" VPOS="724" HPOS="388" CONTENT="ex"/>
                  <SP HEIGHT="52" WIDTH="16" VPOS="724" HPOS="482"/>
                  <String HEIGHT="52"
                          WIDTH="172"
                          VPOS="724"
                          HPOS="435"
                          CONTENT="obiecto"/>
                  <SP HEIGHT="52" WIDTH="16" VPOS="724" HPOS="608"/>
                  <String HEIGHT="52"
                          WIDTH="188"
                          VPOS="724"
                          HPOS="561"
                          CONTENT="mediante"/>
                  <SP HEIGHT="52" WIDTH="16" VPOS="724" HPOS="749"/>
                  <String HEIGHT="52"
                          WIDTH="172"
                          VPOS="724"
                          HPOS="702"
                          CONTENT="specle,"/>
                  <SP HEIGHT="52" WIDTH="16" VPOS="724" HPOS="874"/>
                  <String HEIGHT="52"
                          WIDTH="125"
                          VPOS="724"
                          HPOS="827"
                          CONTENT="ideo"/>
                  <SP HEIGHT="52" WIDTH="16" VPOS="724" HPOS="952"/>
                  <String HEIGHT="52" WIDTH="110" VPOS="724" HPOS="905" CONTENT="per"/>
                  <SP HEIGHT="52" WIDTH="16" VPOS="724" HPOS="1015"/>
                  <String HEIGHT="52"
                          WIDTH="141"
                          VPOS="724"
                          HPOS="968"
                          CONTENT="actus"/>
                  <SP HEIGHT="52" WIDTH="16" VPOS="724" HPOS="1109"/>
                  <String HEIGHT="52"
                          WIDTH="172"
                          VPOS="724"
                          HPOS="1062"
                          CONTENT="proptie"/>
                  <SP HEIGHT="52" WIDTH="16" VPOS="724" HPOS="1234"/>
                  <String HEIGHT="52" WIDTH="78" VPOS="724" HPOS="1172" CONTENT="non"/>
               </TextLine>
               <TextLine ID="r1l38"
                         BASELINE="816"
                         HEIGHT="52"
                         WIDTH="848"
                         VPOS="764"
                         HPOS="407">
                  <String HEIGHT="52"
                          WIDTH="216"
                          VPOS="764"
                          HPOS="393"
                          CONTENT="intenditur,"/>
                  <SP HEIGHT="52" WIDTH="14" VPOS="764" HPOS="608"/>
                  <String HEIGHT="52" WIDTH="101" VPOS="764" HPOS="565" CONTENT="nec"/>
                  <SP HEIGHT="52" WIDTH="14" VPOS="764" HPOS="666"/>
                  <String HEIGHT="52"
                          WIDTH="172"
                          VPOS="764"
                          HPOS="623"
                          CONTENT="firmatur"/>
                  <SP HEIGHT="52" WIDTH="14" VPOS="764" HPOS="795"/>
                  <String HEIGHT="52"
                          WIDTH="172"
                          VPOS="764"
                          HPOS="752"
                          CONTENT="species,"/>
                  <SP HEIGHT="52" WIDTH="14" VPOS="764" HPOS="924"/>
                  <String HEIGHT="52" WIDTH="101" VPOS="764" HPOS="881" CONTENT="sed"/>
                  <SP HEIGHT="52" WIDTH="14" VPOS="764" HPOS="982"/>
                  <String HEIGHT="52"
                          WIDTH="144"
                          VPOS="764"
                          HPOS="939"
                          CONTENT="potius"/>
                  <SP HEIGHT="52" WIDTH="14" VPOS="764" HPOS="1083"/>
                  <String HEIGHT="52"
                          WIDTH="187"
                          VPOS="764"
                          HPOS="1039"
                          CONTENT="generatur"/>
                  <SP HEIGHT="52" WIDTH="14" VPOS="764" HPOS="1226"/>
                  <String HEIGHT="52"
                          WIDTH="86"
                          VPOS="764"
                          HPOS="1169"
                          CONTENT="ipse"/>
               </TextLine>
               <TextLine ID="r1l40"
                         BASELINE="856"
                         HEIGHT="39"
                         WIDTH="519"
                         VPOS="817"
                         HPOS="410">
                  <String HEIGHT="39"
                          WIDTH="154"
                          VPOS="817"
                          HPOS="396"
                          CONTENT="habitus"/>
                  <SP HEIGHT="39" WIDTH="14" VPOS="817" HPOS="550"/>
                  <String HEIGHT="39"
                          WIDTH="168"
                          VPOS="817"
                          HPOS="508"
                          CONTENT="realiter"/>
                  <SP HEIGHT="39" WIDTH="14" VPOS="817" HPOS="677"/>
                  <String HEIGHT="39" WIDTH="70" VPOS="817" HPOS="634" CONTENT="a"/>
                  <SP HEIGHT="39" WIDTH="14" VPOS="817" HPOS="705"/>
                  <String HEIGHT="39"
                          WIDTH="140"
                          VPOS="817"
                          HPOS="662"
                          CONTENT="specie"/>
                  <SP HEIGHT="39" WIDTH="14" VPOS="817" HPOS="803"/>
                  <String HEIGHT="39"
                          WIDTH="182"
                          VPOS="817"
                          HPOS="747"
                          CONTENT="distinctus."/>
               </TextLine>
               <TextLine ID="r1l43"
                         BASELINE="907"
                         HEIGHT="64"
                         WIDTH="812"
                         VPOS="843"
                         HPOS="426">
                  <String HEIGHT="64"
                          WIDTH="125"
                          VPOS="843"
                          HPOS="410"
                          CONTENT="Alij"/>
                  <SP HEIGHT="64" WIDTH="16" VPOS="843" HPOS="535"/>
                  <String HEIGHT="64"
                          WIDTH="172"
                          VPOS="843"
                          HPOS="488"
                          CONTENT="dicunt,"/>
                  <SP HEIGHT="64" WIDTH="16" VPOS="843" HPOS="660"/>
                  <String HEIGHT="64"
                          WIDTH="172"
                          VPOS="843"
                          HPOS="613"
                          CONTENT="habitum"/>
                  <SP HEIGHT="64" WIDTH="16" VPOS="843" HPOS="785"/>
                  <String HEIGHT="64"
                          WIDTH="203"
                          VPOS="843"
                          HPOS="738"
                          CONTENT="scientiae"/>
                  <SP HEIGHT="64" WIDTH="16" VPOS="843" HPOS="941"/>
                  <String HEIGHT="64"
                          WIDTH="125"
                          VPOS="843"
                          HPOS="894"
                          CONTENT="essc"/>
                  <SP HEIGHT="64" WIDTH="16" VPOS="843" HPOS="1019"/>
                  <String HEIGHT="64"
                          WIDTH="219"
                          VPOS="843"
                          HPOS="973"
                          CONTENT="compositum"/>
                  <SP HEIGHT="64" WIDTH="16" VPOS="843" HPOS="1191"/>
                  <String HEIGHT="64" WIDTH="94" VPOS="843" HPOS="1144" CONTENT="ex"/>
                  <SP HEIGHT="64" WIDTH="16" VPOS="843" HPOS="1238"/>
                  <String HEIGHT="64" WIDTH="62" VPOS="843" HPOS="1176" CONTENT="ab"/>
               </TextLine>
               <TextLine ID="r1l46"
                         BASELINE="944"
                         HEIGHT="62"
                         WIDTH="824"
                         VPOS="882"
                         HPOS="417">
                  <String HEIGHT="62"
                          WIDTH="174"
                          VPOS="882"
                          HPOS="401"
                          CONTENT="soluto,"/>
                  <SP HEIGHT="62" WIDTH="16" VPOS="882" HPOS="575"/>
                  <String HEIGHT="62" WIDTH="79" VPOS="882" HPOS="528" CONTENT="&amp;"/>
                  <SP HEIGHT="62" WIDTH="16" VPOS="882" HPOS="607"/>
                  <String HEIGHT="62"
                          WIDTH="206"
                          VPOS="882"
                          HPOS="560"
                          CONTENT="respectu,"/>
                  <SP HEIGHT="62" WIDTH="16" VPOS="882" HPOS="766"/>
                  <String HEIGHT="62"
                          WIDTH="143"
                          VPOS="882"
                          HPOS="718"
                          CONTENT="puta,"/>
                  <SP HEIGHT="62" WIDTH="16" VPOS="882" HPOS="861"/>
                  <String HEIGHT="62" WIDTH="95" VPOS="882" HPOS="813" CONTENT="ex"/>
                  <SP HEIGHT="62" WIDTH="16" VPOS="882" HPOS="908"/>
                  <String HEIGHT="62"
                          WIDTH="190"
                          VPOS="882"
                          HPOS="861"
                          CONTENT="absoluto"/>
                  <SP HEIGHT="62" WIDTH="16" VPOS="882" HPOS="1051"/>
                  <String HEIGHT="62"
                          WIDTH="174"
                          VPOS="882"
                          HPOS="1003"
                          CONTENT="tamquam"/>
                  <SP HEIGHT="62" WIDTH="16" VPOS="882" HPOS="1178"/>
                  <String HEIGHT="62" WIDTH="95" VPOS="882" HPOS="1130" CONTENT="ex"/>
                  <SP HEIGHT="62" WIDTH="16" VPOS="882" HPOS="1225"/>
                  <String HEIGHT="62" WIDTH="79" VPOS="882" HPOS="1162" CONTENT="sus"/>
               </TextLine>
               <TextLine ID="r1l49"
                         BASELINE="976"
                         HEIGHT="55"
                         WIDTH="823"
                         VPOS="921"
                         HPOS="423">
                  <String HEIGHT="55"
                          WIDTH="209"
                          VPOS="921"
                          HPOS="408"
                          CONTENT="materiali,"/>
                  <SP HEIGHT="55" WIDTH="15" VPOS="921" HPOS="618"/>
                  <String HEIGHT="55" WIDTH="90" VPOS="921" HPOS="573" CONTENT="ex"/>
                  <SP HEIGHT="55" WIDTH="15" VPOS="921" HPOS="662"/>
                  <String HEIGHT="55"
                          WIDTH="180"
                          VPOS="921"
                          HPOS="618"
                          CONTENT="respectu"/>
                  <SP HEIGHT="55" WIDTH="15" VPOS="921" HPOS="797"/>
                  <String HEIGHT="55"
                          WIDTH="120"
                          VPOS="921"
                          HPOS="752"
                          CONTENT="vero"/>
                  <SP HEIGHT="55" WIDTH="15" VPOS="921" HPOS="872"/>
                  <String HEIGHT="55"
                          WIDTH="165"
                          VPOS="921"
                          HPOS="827"
                          CONTENT="tamquam"/>
                  <SP HEIGHT="55" WIDTH="15" VPOS="921" HPOS="992"/>
                  <String HEIGHT="55" WIDTH="90" VPOS="921" HPOS="947" CONTENT="ex"/>
                  <SP HEIGHT="55" WIDTH="15" VPOS="921" HPOS="1037"/>
                  <String HEIGHT="55" WIDTH="105" VPOS="921" HPOS="992" CONTENT="suo"/>
                  <SP HEIGHT="55" WIDTH="15" VPOS="921" HPOS="1096"/>
                  <String HEIGHT="55"
                          WIDTH="180"
                          VPOS="921"
                          HPOS="1051"
                          CONTENT="formali."/>
                  <SP HEIGHT="55" WIDTH="15" VPOS="921" HPOS="1231"/>
                  <String HEIGHT="55"
                          WIDTH="75"
                          VPOS="921"
                          HPOS="1171"
                          CONTENT="Ei"
                          SUBS_TYPE="HypPart1"
                          SUBS_CONTENT="Eiideo"/>
                  <HYP CONTENT="-"/>
               </TextLine>
               <TextLine ID="r1l52"
                         BASELINE="1014"
                         HEIGHT="55"
                         WIDTH="826"
                         VPOS="959"
                         HPOS="409">
                  <String HEIGHT="55"
                          WIDTH="125"
                          VPOS="959"
                          HPOS="393"
                          CONTENT="ideo"
                          SUBS_TYPE="HypPart2"
                          SUBS_CONTENT="Eiideo"/>
                  <SP HEIGHT="55" WIDTH="16" VPOS="959" HPOS="518"/>
                  <String HEIGHT="55"
                          WIDTH="171"
                          VPOS="959"
                          HPOS="471"
                          CONTENT="quantum"/>
                  <SP HEIGHT="55" WIDTH="16" VPOS="959" HPOS="643"/>
                  <String HEIGHT="55" WIDTH="94" VPOS="959" HPOS="596" CONTENT="ad"/>
                  <SP HEIGHT="55" WIDTH="16" VPOS="959" HPOS="690"/>
                  <String HEIGHT="55"
                          WIDTH="125"
                          VPOS="959"
                          HPOS="643"
                          CONTENT="suum"/>
                  <SP HEIGHT="55" WIDTH="16" VPOS="959" HPOS="767"/>
                  <String HEIGHT="55"
                          WIDTH="203"
                          VPOS="959"
                          HPOS="721"
                          CONTENT="materiale"/>
                  <SP HEIGHT="55" WIDTH="16" VPOS="959" HPOS="923"/>
                  <String HEIGHT="55" WIDTH="109" VPOS="959" HPOS="877" CONTENT="(vt"/>
                  <SP HEIGHT="55" WIDTH="16" VPOS="959" HPOS="986"/>
                  <String HEIGHT="55"
                          WIDTH="171"
                          VPOS="959"
                          HPOS="939"
                          CONTENT="dicunt)"/>
                  <SP HEIGHT="55" WIDTH="16" VPOS="959" HPOS="1110"/>
                  <String HEIGHT="55"
                          WIDTH="109"
                          VPOS="959"
                          HPOS="1064"
                          CONTENT="est"/>
                  <SP HEIGHT="55" WIDTH="16" VPOS="959" HPOS="1173"/>
                  <String HEIGHT="55" WIDTH="94" VPOS="959" HPOS="1126" CONTENT="in"/>
                  <SP HEIGHT="55" WIDTH="16" VPOS="959" HPOS="1219"/>
                  <String HEIGHT="55" WIDTH="78" VPOS="959" HPOS="1157" CONTENT="pra"/>
               </TextLine>
               <TextLine ID="r1l55"
                         BASELINE="1053"
                         HEIGHT="51"
                         WIDTH="827"
                         VPOS="1002"
                         HPOS="419">
                  <String HEIGHT="51"
                          WIDTH="215"
                          VPOS="1002"
                          HPOS="402"
                          CONTENT="dicamento"/>
                  <SP HEIGHT="51" WIDTH="17" VPOS="1002" HPOS="617"/>
                  <String HEIGHT="51"
                          WIDTH="248"
                          VPOS="1002"
                          HPOS="568"
                          CONTENT="qualitatis,"/>
                  <SP HEIGHT="51" WIDTH="17" VPOS="1002" HPOS="816"/>
                  <String HEIGHT="51" WIDTH="83" VPOS="1002" HPOS="766" CONTENT="&amp;"/>
                  <SP HEIGHT="51" WIDTH="17" VPOS="1002" HPOS="849"/>
                  <String HEIGHT="51"
                          WIDTH="182"
                          VPOS="1002"
                          HPOS="799"
                          CONTENT="quantum"/>
                  <SP HEIGHT="51" WIDTH="17" VPOS="1002" HPOS="981"/>
                  <String HEIGHT="51" WIDTH="99" VPOS="1002" HPOS="932" CONTENT="ad"/>
                  <SP HEIGHT="51" WIDTH="17" VPOS="1002" HPOS="1031"/>
                  <String HEIGHT="51"
                          WIDTH="132"
                          VPOS="1002"
                          HPOS="981"
                          CONTENT="suum"/>
                  <SP HEIGHT="51" WIDTH="17" VPOS="1002" HPOS="1114"/>
                  <String HEIGHT="51"
                          WIDTH="182"
                          VPOS="1002"
                          HPOS="1064"
                          CONTENT="formale"/>
                  <SP HEIGHT="51" WIDTH="17" VPOS="1002" HPOS="1246"/>
                  <String HEIGHT="51" WIDTH="66" VPOS="1002" HPOS="1180" CONTENT="es"/>
               </TextLine>
               <TextLine ID="r1l58"
                         BASELINE="1097"
                         HEIGHT="57"
                         WIDTH="835"
                         VPOS="1040"
                         HPOS="419">
                  <String HEIGHT="57" WIDTH="88" VPOS="1040" HPOS="404" CONTENT="in"/>
                  <SP HEIGHT="57" WIDTH="15" VPOS="1040" HPOS="492"/>
                  <String HEIGHT="57"
                          WIDTH="249"
                          VPOS="1040"
                          HPOS="448"
                          CONTENT="praedicamento"/>
                  <SP HEIGHT="57" WIDTH="15" VPOS="1040" HPOS="697"/>
                  <String HEIGHT="57"
                          WIDTH="220"
                          VPOS="1040"
                          HPOS="653"
                          CONTENT="relationis,"/>
                  <SP HEIGHT="57" WIDTH="15" VPOS="1040" HPOS="873"/>
                  <String HEIGHT="57" WIDTH="73" VPOS="1040" HPOS="829" CONTENT="&amp;"/>
                  <SP HEIGHT="57" WIDTH="15" VPOS="1040" HPOS="902"/>
                  <String HEIGHT="57"
                          WIDTH="132"
                          VPOS="1040"
                          HPOS="858"
                          CONTENT="illud"/>
                  <SP HEIGHT="57" WIDTH="15" VPOS="1040" HPOS="990"/>
                  <String HEIGHT="57"
                          WIDTH="103"
                          VPOS="1040"
                          HPOS="946"
                          CONTENT="(vt"/>
                  <SP HEIGHT="57" WIDTH="15" VPOS="1040" HPOS="1049"/>
                  <String HEIGHT="57"
                          WIDTH="161"
                          VPOS="1040"
                          HPOS="1005"
                          CONTENT="dicunt)"/>
                  <SP HEIGHT="57" WIDTH="15" VPOS="1040" HPOS="1166"/>
                  <String HEIGHT="57"
                          WIDTH="103"
                          VPOS="1040"
                          HPOS="1122"
                          CONTENT="est"/>
                  <SP HEIGHT="57" WIDTH="15" VPOS="1040" HPOS="1225"/>
                  <String HEIGHT="57"
                          WIDTH="88"
                          VPOS="1040"
                          HPOS="1166"
                          CONTENT="com"
                          SUBS_TYPE="HypPart1"
                          SUBS_CONTENT="commune"/>
                  <HYP CONTENT="-"/>
               </TextLine>
               <TextLine ID="r1l61"
                         BASELINE="1134"
                         HEIGHT="58"
                         WIDTH="830"
                         VPOS="1076"
                         HPOS="417">
                  <String HEIGHT="58"
                          WIDTH="125"
                          VPOS="1076"
                          HPOS="401"
                          CONTENT="mune"
                          SUBS_TYPE="HypPart2"
                          SUBS_CONTENT="commune"/>
                  <SP HEIGHT="58" WIDTH="16" VPOS="1076" HPOS="527"/>
                  <String HEIGHT="58"
                          WIDTH="125"
                          VPOS="1076"
                          HPOS="480"
                          CONTENT="omni"/>
                  <SP HEIGHT="58" WIDTH="16" VPOS="1076" HPOS="605"/>
                  <String HEIGHT="58"
                          WIDTH="219"
                          VPOS="1076"
                          HPOS="558"
                          CONTENT="accidenti,"/>
                  <SP HEIGHT="58" WIDTH="16" VPOS="1076" HPOS="777"/>
                  <String HEIGHT="58"
                          WIDTH="204"
                          VPOS="1076"
                          HPOS="730"
                          CONTENT="scilicet,"/>
                  <SP HEIGHT="58" WIDTH="16" VPOS="1076" HPOS="934"/>
                  <String HEIGHT="58"
                          WIDTH="125"
                          VPOS="1076"
                          HPOS="887"
                          CONTENT="quod"/>
                  <SP HEIGHT="58" WIDTH="16" VPOS="1076" HPOS="1012"/>
                  <String HEIGHT="58"
                          WIDTH="125"
                          VPOS="1076"
                          HPOS="965"
                          CONTENT="suum"/>
                  <SP HEIGHT="58" WIDTH="16" VPOS="1076" HPOS="1090"/>
                  <String HEIGHT="58"
                          WIDTH="204"
                          VPOS="1076"
                          HPOS="1043"
                          CONTENT="materiale"/>
                  <SP HEIGHT="58" WIDTH="16" VPOS="1076" HPOS="1247"/>
                  <String HEIGHT="58" WIDTH="63" VPOS="1076" HPOS="1184" CONTENT="si"/>
               </TextLine>
               <TextLine ID="r1l64"
                         BASELINE="1168"
                         HEIGHT="50"
                         WIDTH="837"
                         VPOS="1118"
                         HPOS="422">
                  <String HEIGHT="50"
                          WIDTH="197"
                          VPOS="1118"
                          HPOS="406"
                          CONTENT="alterius"/>
                  <SP HEIGHT="50" WIDTH="16" VPOS="1118" HPOS="603"/>
                  <String HEIGHT="50"
                          WIDTH="197"
                          VPOS="1118"
                          HPOS="553"
                          CONTENT="generis,"/>
                  <SP HEIGHT="50" WIDTH="16" VPOS="1118" HPOS="750"/>
                  <String HEIGHT="50"
                          WIDTH="131"
                          VPOS="1118"
                          HPOS="701"
                          CONTENT="quam"/>
                  <SP HEIGHT="50" WIDTH="16" VPOS="1118" HPOS="832"/>
                  <String HEIGHT="50"
                          WIDTH="131"
                          VPOS="1118"
                          HPOS="783"
                          CONTENT="suum"/>
                  <SP HEIGHT="50" WIDTH="16" VPOS="1118" HPOS="914"/>
                  <String HEIGHT="50"
                          WIDTH="197"
                          VPOS="1118"
                          HPOS="865"
                          CONTENT="formale:"/>
                  <SP HEIGHT="50" WIDTH="16" VPOS="1118" HPOS="1062"/>
                  <String HEIGHT="50"
                          WIDTH="213"
                          VPOS="1118"
                          HPOS="1013"
                          CONTENT="Materiale"/>
                  <SP HEIGHT="50" WIDTH="16" VPOS="1118" HPOS="1226"/>
                  <String HEIGHT="50"
                          WIDTH="98"
                          VPOS="1118"
                          HPOS="1161"
                          CONTENT="enim"/>
               </TextLine>
               <TextLine ID="r1l66"
                         BASELINE="1214"
                         HEIGHT="61"
                         WIDTH="825"
                         VPOS="1153"
                         HPOS="422">
                  <String HEIGHT="61"
                          WIDTH="203"
                          VPOS="1153"
                          HPOS="408"
                          CONTENT="qualitatis"/>
                  <SP HEIGHT="61" WIDTH="14" VPOS="1153" HPOS="610"/>
                  <String HEIGHT="61"
                          WIDTH="203"
                          VPOS="1153"
                          HPOS="567"
                          CONTENT="quantitas,"/>
                  <SP HEIGHT="61" WIDTH="14" VPOS="1153" HPOS="769"/>
                  <String HEIGHT="61" WIDTH="72" VPOS="1153" HPOS="726" CONTENT="&amp;"/>
                  <SP HEIGHT="61" WIDTH="14" VPOS="1153" HPOS="798"/>
                  <String HEIGHT="61"
                          WIDTH="188"
                          VPOS="1153"
                          HPOS="755"
                          CONTENT="materiale"/>
                  <SP HEIGHT="61" WIDTH="14" VPOS="1153" HPOS="943"/>
                  <String HEIGHT="61"
                          WIDTH="217"
                          VPOS="1153"
                          HPOS="900"
                          CONTENT="quantitatis"/>
                  <SP HEIGHT="61" WIDTH="14" VPOS="1153" HPOS="1117"/>
                  <String HEIGHT="61"
                          WIDTH="101"
                          VPOS="1153"
                          HPOS="1073"
                          CONTENT="est"/>
                  <SP HEIGHT="61" WIDTH="14" VPOS="1153" HPOS="1175"/>
                  <String HEIGHT="61"
                          WIDTH="130"
                          VPOS="1153"
                          HPOS="1117"
                          CONTENT="substan"/>
               </TextLine>
               <TextLine ID="r1l69"
                         BASELINE="1253"
                         HEIGHT="49"
                         WIDTH="834"
                         VPOS="1204"
                         HPOS="422">
                  <String HEIGHT="49"
                          WIDTH="124"
                          VPOS="1204"
                          HPOS="407"
                          CONTENT="tia:"/>
                  <SP HEIGHT="49" WIDTH="15" VPOS="1204" HPOS="530"/>
                  <String HEIGHT="49"
                          WIDTH="124"
                          VPOS="1204"
                          HPOS="484"
                          CONTENT="sola"/>
                  <SP HEIGHT="49" WIDTH="15" VPOS="1204" HPOS="607"/>
                  <String HEIGHT="49"
                          WIDTH="139"
                          VPOS="1204"
                          HPOS="561"
                          CONTENT="autem"/>
                  <SP HEIGHT="49" WIDTH="15" VPOS="1204" HPOS="700"/>
                  <String HEIGHT="49"
                          WIDTH="216"
                          VPOS="1204"
                          HPOS="654"
                          CONTENT="substantia"/>
                  <SP HEIGHT="49" WIDTH="15" VPOS="1204" HPOS="870"/>
                  <String HEIGHT="49"
                          WIDTH="108"
                          VPOS="1204"
                          HPOS="824"
                          CONTENT="hoc"/>
                  <SP HEIGHT="49" WIDTH="15" VPOS="1204" HPOS="932"/>
                  <String HEIGHT="49"
                          WIDTH="139"
                          VPOS="1204"
                          HPOS="885"
                          CONTENT="habet"/>
                  <SP HEIGHT="49" WIDTH="15" VPOS="1204" HPOS="1024"/>
                  <String HEIGHT="49"
                          WIDTH="170"
                          VPOS="1204"
                          HPOS="978"
                          CONTENT="tamquam"/>
                  <SP HEIGHT="49" WIDTH="15" VPOS="1204" HPOS="1148"/>
                  <String HEIGHT="49"
                          WIDTH="124"
                          VPOS="1204"
                          HPOS="1102"
                          CONTENT="sibi"/>
                  <SP HEIGHT="49" WIDTH="15" VPOS="1204" HPOS="1225"/>
                  <String HEIGHT="49"
                          WIDTH="93"
                          VPOS="1204"
                          HPOS="1163"
                          CONTENT="pro"
                          SUBS_TYPE="HypPart1"
                          SUBS_CONTENT="proprium,"/>
                  <HYP CONTENT="-"/>
               </TextLine>
               <TextLine ID="r1l71"
                         BASELINE="1297"
                         HEIGHT="64"
                         WIDTH="836"
                         VPOS="1233"
                         HPOS="426">
                  <String HEIGHT="64"
                          WIDTH="158"
                          VPOS="1233"
                          HPOS="410"
                          CONTENT="prium,"
                          SUBS_TYPE="HypPart2"
                          SUBS_CONTENT="proprium,"/>
                  <SP HEIGHT="64" WIDTH="16" VPOS="1233" HPOS="568"/>
                  <String HEIGHT="64"
                          WIDTH="126"
                          VPOS="1233"
                          HPOS="521"
                          CONTENT="quod"/>
                  <SP HEIGHT="64" WIDTH="16" VPOS="1233" HPOS="647"/>
                  <String HEIGHT="64"
                          WIDTH="126"
                          VPOS="1233"
                          HPOS="600"
                          CONTENT="suum"/>
                  <SP HEIGHT="64" WIDTH="16" VPOS="1233" HPOS="726"/>
                  <String HEIGHT="64"
                          WIDTH="221"
                          VPOS="1233"
                          HPOS="678"
                          CONTENT="materiale,"/>
                  <SP HEIGHT="64" WIDTH="16" VPOS="1233" HPOS="899"/>
                  <String HEIGHT="64" WIDTH="79" VPOS="1233" HPOS="852" CONTENT="&amp;"/>
                  <SP HEIGHT="64" WIDTH="16" VPOS="1233" HPOS="931"/>
                  <String HEIGHT="64"
                          WIDTH="174"
                          VPOS="1233"
                          HPOS="883"
                          CONTENT="formale"/>
                  <SP HEIGHT="64" WIDTH="16" VPOS="1233" HPOS="1057"/>
                  <String HEIGHT="64"
                          WIDTH="126"
                          VPOS="1233"
                          HPOS="1010"
                          CONTENT="sunt"/>
                  <SP HEIGHT="64" WIDTH="16" VPOS="1233" HPOS="1136"/>
                  <String HEIGHT="64"
                          WIDTH="174"
                          VPOS="1233"
                          HPOS="1088"
                          CONTENT="eiusdem"/>
                  <SP HEIGHT="64" WIDTH="16" VPOS="1233" HPOS="1262"/>
                  <String HEIGHT="64" WIDTH="63" VPOS="1233" HPOS="1199" CONTENT="ge"/>
               </TextLine>
               <TextLine ID="r1l73"
                         BASELINE="1334"
                         HEIGHT="63"
                         WIDTH="805"
                         VPOS="1271"
                         HPOS="416">
                  <String HEIGHT="63"
                          WIDTH="158"
                          VPOS="1271"
                          HPOS="400"
                          CONTENT="neris:"/>
                  <SP HEIGHT="63" WIDTH="16" VPOS="1271" HPOS="558"/>
                  <String HEIGHT="63"
                          WIDTH="126"
                          VPOS="1271"
                          HPOS="511"
                          CONTENT="quia"/>
                  <SP HEIGHT="63" WIDTH="16" VPOS="1271" HPOS="637"/>
                  <String HEIGHT="63"
                          WIDTH="205"
                          VPOS="1271"
                          HPOS="590"
                          CONTENT="principia"/>
                  <SP HEIGHT="63" WIDTH="16" VPOS="1271" HPOS="795"/>
                  <String HEIGHT="63"
                          WIDTH="237"
                          VPOS="1271"
                          HPOS="747"
                          CONTENT="substantiae"/>
                  <SP HEIGHT="63" WIDTH="16" VPOS="1271" HPOS="984"/>
                  <String HEIGHT="63"
                          WIDTH="126"
                          VPOS="1271"
                          HPOS="937"
                          CONTENT="sunt"/>
                  <SP HEIGHT="63" WIDTH="16" VPOS="1271" HPOS="1063"/>
                  <String HEIGHT="63"
                          WIDTH="237"
                          VPOS="1271"
                          HPOS="1016"
                          CONTENT="substantia."/>
                  <SP HEIGHT="63" WIDTH="16" VPOS="1271" HPOS="1253"/>
                  <String HEIGHT="63" WIDTH="32" VPOS="1271" HPOS="1189" CONTENT=""/>
               </TextLine>
               <TextLine ID="r1l75"
                         BASELINE="1366"
                         HEIGHT="58"
                         WIDTH="812"
                         VPOS="1308"
                         HPOS="453">
                  <String HEIGHT="58"
                          WIDTH="102"
                          VPOS="1308"
                          HPOS="439"
                          CONTENT="Sed"/>
                  <SP HEIGHT="58" WIDTH="15" VPOS="1308" HPOS="540"/>
                  <String HEIGHT="58"
                          WIDTH="116"
                          VPOS="1308"
                          HPOS="497"
                          CONTENT="isti"/>
                  <SP HEIGHT="58" WIDTH="15" VPOS="1308" HPOS="613"/>
                  <String HEIGHT="58"
                          WIDTH="160"
                          VPOS="1308"
                          HPOS="569"
                          CONTENT="quamuis"/>
                  <SP HEIGHT="58" WIDTH="15" VPOS="1308" HPOS="729"/>
                  <String HEIGHT="58"
                          WIDTH="102"
                          VPOS="1308"
                          HPOS="685"
                          CONTENT="per"/>
                  <SP HEIGHT="58" WIDTH="15" VPOS="1308" HPOS="787"/>
                  <String HEIGHT="58"
                          WIDTH="116"
                          VPOS="1308"
                          HPOS="743"
                          CONTENT="alia"/>
                  <SP HEIGHT="58" WIDTH="15" VPOS="1308" HPOS="859"/>
                  <String HEIGHT="58"
                          WIDTH="131"
                          VPOS="1308"
                          HPOS="816"
                          CONTENT="verba"/>
                  <SP HEIGHT="58" WIDTH="15" VPOS="1308" HPOS="946"/>
                  <String HEIGHT="58"
                          WIDTH="189"
                          VPOS="1308"
                          HPOS="903"
                          CONTENT="incedant,"/>
                  <SP HEIGHT="58" WIDTH="15" VPOS="1308" HPOS="1091"/>
                  <String HEIGHT="58"
                          WIDTH="102"
                          VPOS="1308"
                          HPOS="1048"
                          CONTENT="seu"/>
                  <SP HEIGHT="58" WIDTH="15" VPOS="1308" HPOS="1149"/>
                  <String HEIGHT="58"
                          WIDTH="174"
                          VPOS="1308"
                          HPOS="1091"
                          CONTENT="procedant:"/>
               </TextLine>
               <TextLine ID="r1l78"
                         BASELINE="1404"
                         HEIGHT="54"
                         WIDTH="848"
                         VPOS="1350"
                         HPOS="417">
                  <String HEIGHT="54"
                          WIDTH="156"
                          VPOS="1350"
                          HPOS="400"
                          CONTENT="tamen"/>
                  <SP HEIGHT="54" WIDTH="17" VPOS="1350" HPOS="555"/>
                  <String HEIGHT="54" WIDTH="104" VPOS="1350" HPOS="504" CONTENT="in"/>
                  <SP HEIGHT="54" WIDTH="17" VPOS="1350" HPOS="607"/>
                  <String HEIGHT="54" WIDTH="104" VPOS="1350" HPOS="555" CONTENT="re"/>
                  <SP HEIGHT="54" WIDTH="17" VPOS="1350" HPOS="659"/>
                  <String HEIGHT="54"
                          WIDTH="208"
                          VPOS="1350"
                          HPOS="607"
                          CONTENT="videntur"/>
                  <SP HEIGHT="54" WIDTH="17" VPOS="1350" HPOS="815"/>
                  <String HEIGHT="54"
                          WIDTH="138"
                          VPOS="1350"
                          HPOS="763"
                          CONTENT="idem"/>
                  <SP HEIGHT="54" WIDTH="17" VPOS="1350" HPOS="902"/>
                  <String HEIGHT="54"
                          WIDTH="173"
                          VPOS="1350"
                          HPOS="850"
                          CONTENT="dicere"/>
                  <SP HEIGHT="54" WIDTH="17" VPOS="1350" HPOS="1023"/>
                  <String HEIGHT="54"
                          WIDTH="121"
                          VPOS="1350"
                          HPOS="971"
                          CONTENT="cum"/>
                  <SP HEIGHT="54" WIDTH="17" VPOS="1350" HPOS="1092"/>
                  <String HEIGHT="54"
                          WIDTH="208"
                          VPOS="1350"
                          HPOS="1040"
                          CONTENT="opinione"/>
                  <SP HEIGHT="54" WIDTH="17" VPOS="1350" HPOS="1248"/>
                  <String HEIGHT="54"
                          WIDTH="87"
                          VPOS="1350"
                          HPOS="1178"
                          CONTENT="iam"/>
               </TextLine>
               <TextLine ID="r1l83"
                         BASELINE="1452"
                         HEIGHT="54"
                         WIDTH="168"
                         VPOS="1398"
                         HPOS="429">
                  <String HEIGHT="54"
                          WIDTH="202"
                          VPOS="1398"
                          HPOS="395"
                          CONTENT="improbata."/>
               </TextLine>
               <TextLine ID="r1l85"
                         BASELINE="1480"
                         HEIGHT="54"
                         WIDTH="845"
                         VPOS="1426"
                         HPOS="423">
                  <String HEIGHT="54" WIDTH="80" VPOS="1426" HPOS="407" CONTENT="1"/>
                  <SP HEIGHT="54" WIDTH="16" VPOS="1426" HPOS="487"/>
                  <String HEIGHT="54"
                          WIDTH="128"
                          VPOS="1426"
                          HPOS="439"
                          CONTENT="Quia"/>
                  <SP HEIGHT="54" WIDTH="16" VPOS="1426" HPOS="566"/>
                  <String HEIGHT="54"
                          WIDTH="223"
                          VPOS="1426"
                          HPOS="519"
                          CONTENT="accipiendo"/>
                  <SP HEIGHT="54" WIDTH="16" VPOS="1426" HPOS="742"/>
                  <String HEIGHT="54"
                          WIDTH="207"
                          VPOS="1426"
                          HPOS="694"
                          CONTENT="materiale"/>
                  <SP HEIGHT="54" WIDTH="16" VPOS="1426" HPOS="901"/>
                  <String HEIGHT="54"
                          WIDTH="112"
                          VPOS="1426"
                          HPOS="853"
                          CONTENT="pro"/>
                  <SP HEIGHT="54" WIDTH="16" VPOS="1426" HPOS="965"/>
                  <String HEIGHT="54"
                          WIDTH="191"
                          VPOS="1426"
                          HPOS="917"
                          CONTENT="subiecto"/>
                  <SP HEIGHT="54" WIDTH="16" VPOS="1426" HPOS="1109"/>
                  <String HEIGHT="54"
                          WIDTH="112"
                          VPOS="1426"
                          HPOS="1061"
                          CONTENT="(vt"/>
                  <SP HEIGHT="54" WIDTH="16" VPOS="1426" HPOS="1172"/>
                  <String HEIGHT="54"
                          WIDTH="128"
                          VPOS="1426"
                          HPOS="1125"
                          CONTENT="isti"/>
                  <SP HEIGHT="54" WIDTH="16" VPOS="1426" HPOS="1252"/>
                  <String HEIGHT="54"
                          WIDTH="80"
                          VPOS="1426"
                          HPOS="1188"
                          CONTENT="vi"
                          SUBS_TYPE="HypPart1"
                          SUBS_CONTENT="videntur"/>
                  <HYP CONTENT="-"/>
               </TextLine>
               <TextLine ID="r1l87"
                         BASELINE="1523"
                         HEIGHT="62"
                         WIDTH="840"
                         VPOS="1461"
                         HPOS="420">
                  <String HEIGHT="62"
                          WIDTH="153"
                          VPOS="1461"
                          HPOS="405"
                          CONTENT="dentur"
                          SUBS_TYPE="HypPart2"
                          SUBS_CONTENT="videntur"/>
                  <SP HEIGHT="62" WIDTH="15" VPOS="1461" HPOS="557"/>
                  <String HEIGHT="62"
                          WIDTH="183"
                          VPOS="1461"
                          HPOS="512"
                          CONTENT="accipere"/>
                  <SP HEIGHT="62" WIDTH="15" VPOS="1461" HPOS="695"/>
                  <String HEIGHT="62" WIDTH="76" VPOS="1461" HPOS="649" CONTENT=")"/>
                  <SP HEIGHT="62" WIDTH="15" VPOS="1461" HPOS="725"/>
                  <String HEIGHT="62"
                          WIDTH="122"
                          VPOS="1461"
                          HPOS="680"
                          CONTENT="tunc"/>
                  <SP HEIGHT="62" WIDTH="15" VPOS="1461" HPOS="802"/>
                  <String HEIGHT="62"
                          WIDTH="183"
                          VPOS="1461"
                          HPOS="756"
                          CONTENT="accidens"/>
                  <SP HEIGHT="62" WIDTH="15" VPOS="1461" HPOS="939"/>
                  <String HEIGHT="62"
                          WIDTH="107"
                          VPOS="1461"
                          HPOS="893"
                          CONTENT="non"/>
                  <SP HEIGHT="62" WIDTH="15" VPOS="1461" HPOS="1000"/>
                  <String HEIGHT="62"
                          WIDTH="107"
                          VPOS="1461"
                          HPOS="955"
                          CONTENT="est"/>
                  <SP HEIGHT="62" WIDTH="15" VPOS="1461" HPOS="1061"/>
                  <String HEIGHT="62"
                          WIDTH="122"
                          VPOS="1461"
                          HPOS="1016"
                          CONTENT="suum"/>
                  <SP HEIGHT="62" WIDTH="15" VPOS="1461" HPOS="1138"/>
                  <String HEIGHT="62"
                          WIDTH="183"
                          VPOS="1461"
                          HPOS="1077"
                          CONTENT="materiale;"/>
               </TextLine>
               <TextLine ID="r1l90"
                         BASELINE="1559"
                         HEIGHT="52"
                         WIDTH="819"
                         VPOS="1507"
                         HPOS="435">
                  <String HEIGHT="52"
                          WIDTH="108"
                          VPOS="1507"
                          HPOS="420"
                          CONTENT="sed"/>
                  <SP HEIGHT="52" WIDTH="15" VPOS="1507" HPOS="528"/>
                  <String HEIGHT="52"
                          WIDTH="108"
                          VPOS="1507"
                          HPOS="481"
                          CONTENT="est"/>
                  <SP HEIGHT="52" WIDTH="15" VPOS="1507" HPOS="590"/>
                  <String HEIGHT="52"
                          WIDTH="139"
                          VPOS="1507"
                          HPOS="543"
                          CONTENT="solum"/>
                  <SP HEIGHT="52" WIDTH="15" VPOS="1507" HPOS="682"/>
                  <String HEIGHT="52"
                          WIDTH="124"
                          VPOS="1507"
                          HPOS="636"
                          CONTENT="suum"/>
                  <SP HEIGHT="52" WIDTH="15" VPOS="1507" HPOS="760"/>
                  <String HEIGHT="52"
                          WIDTH="185"
                          VPOS="1507"
                          HPOS="713"
                          CONTENT="formale."/>
                  <SP HEIGHT="52" WIDTH="15" VPOS="1507" HPOS="899"/>
                  <String HEIGHT="52"
                          WIDTH="155"
                          VPOS="1507"
                          HPOS="852"
                          CONTENT="Albedo"/>
                  <SP HEIGHT="52" WIDTH="15" VPOS="1507" HPOS="1007"/>
                  <String HEIGHT="52"
                          WIDTH="124"
                          VPOS="1507"
                          HPOS="960"
                          CONTENT="enim"/>
                  <SP HEIGHT="52" WIDTH="15" VPOS="1507" HPOS="1084"/>
                  <String HEIGHT="52"
                          WIDTH="108"
                          VPOS="1507"
                          HPOS="1038"
                          CONTENT="non"/>
                  <SP HEIGHT="52" WIDTH="15" VPOS="1507" HPOS="1146"/>
                  <String HEIGHT="52"
                          WIDTH="108"
                          VPOS="1507"
                          HPOS="1099"
                          CONTENT="est"/>
                  <SP HEIGHT="52" WIDTH="15" VPOS="1507" HPOS="1208"/>
                  <String HEIGHT="52"
                          WIDTH="108"
                          VPOS="1507"
                          HPOS="1146"
                          CONTENT="super"/>
               </TextLine>
               <TextLine ID="r1l92"
                         BASELINE="1602"
                         HEIGHT="58"
                         WIDTH="846"
                         VPOS="1544"
                         HPOS="419">
                  <String HEIGHT="58"
                          WIDTH="160"
                          VPOS="1544"
                          HPOS="404"
                          CONTENT="ficies,"/>
                  <SP HEIGHT="58" WIDTH="15" VPOS="1544" HPOS="565"/>
                  <String HEIGHT="58"
                          WIDTH="102"
                          VPOS="1544"
                          HPOS="521"
                          CONTENT="sed"/>
                  <SP HEIGHT="58" WIDTH="15" VPOS="1544" HPOS="623"/>
                  <String HEIGHT="58"
                          WIDTH="102"
                          VPOS="1544"
                          HPOS="579"
                          CONTENT="est"/>
                  <SP HEIGHT="58" WIDTH="15" VPOS="1544" HPOS="682"/>
                  <String HEIGHT="58"
                          WIDTH="131"
                          VPOS="1544"
                          HPOS="638"
                          CONTENT="solum"/>
                  <SP HEIGHT="58" WIDTH="15" VPOS="1544" HPOS="769"/>
                  <String HEIGHT="58"
                          WIDTH="175"
                          VPOS="1544"
                          HPOS="725"
                          CONTENT="qualitas"/>
                  <SP HEIGHT="58" WIDTH="15" VPOS="1544" HPOS="900"/>
                  <String HEIGHT="58"
                          WIDTH="233"
                          VPOS="1544"
                          HPOS="857"
                          CONTENT="disgregatiua"/>
                  <SP HEIGHT="58" WIDTH="15" VPOS="1544" HPOS="1090"/>
                  <String HEIGHT="58"
                          WIDTH="146"
                          VPOS="1544"
                          HPOS="1046"
                          CONTENT="visus."/>
                  <SP HEIGHT="58" WIDTH="15" VPOS="1544" HPOS="1192"/>
                  <String HEIGHT="58" WIDTH="88" VPOS="1544" HPOS="1148" CONTENT="Et"/>
                  <SP HEIGHT="58" WIDTH="15" VPOS="1544" HPOS="1236"/>
                  <String HEIGHT="58"
                          WIDTH="88"
                          VPOS="1544"
                          HPOS="1177"
                          CONTENT="ideo"/>
               </TextLine>
               <TextLine ID="r1l94"
                         BASELINE="1642"
                         HEIGHT="59"
                         WIDTH="844"
                         VPOS="1583"
                         HPOS="423">
                  <String HEIGHT="59"
                          WIDTH="172"
                          VPOS="1583"
                          HPOS="409"
                          CONTENT="secundum"/>
                  <SP HEIGHT="59" WIDTH="14" VPOS="1583" HPOS="580"/>
                  <String HEIGHT="59"
                          WIDTH="114"
                          VPOS="1583"
                          HPOS="537"
                          CONTENT="hoc,"/>
                  <SP HEIGHT="59" WIDTH="14" VPOS="1583" HPOS="652"/>
                  <String HEIGHT="59"
                          WIDTH="172"
                          VPOS="1583"
                          HPOS="609"
                          CONTENT="scientia"/>
                  <SP HEIGHT="59" WIDTH="14" VPOS="1583" HPOS="781"/>
                  <String HEIGHT="59"
                          WIDTH="129"
                          VPOS="1583"
                          HPOS="738"
                          CONTENT="solum"/>
                  <SP HEIGHT="59" WIDTH="14" VPOS="1583" HPOS="866"/>
                  <String HEIGHT="59"
                          WIDTH="129"
                          VPOS="1583"
                          HPOS="824"
                          CONTENT="esset"/>
                  <SP HEIGHT="59" WIDTH="14" VPOS="1583" HPOS="952"/>
                  <String HEIGHT="59"
                          WIDTH="172"
                          VPOS="1583"
                          HPOS="909"
                          CONTENT="relatio,"/>
                  <SP HEIGHT="59" WIDTH="14" VPOS="1583" HPOS="1081"/>
                  <String HEIGHT="59" WIDTH="86" VPOS="1583" HPOS="1038" CONTENT="vt"/>
                  <SP HEIGHT="59" WIDTH="14" VPOS="1583" HPOS="1124"/>
                  <String HEIGHT="59"
                          WIDTH="143"
                          VPOS="1583"
                          HPOS="1081"
                          CONTENT="posuit"/>
                  <SP HEIGHT="59" WIDTH="14" VPOS="1583" HPOS="1224"/>
                  <String HEIGHT="59"
                          WIDTH="100"
                          VPOS="1583"
                          HPOS="1167"
                          CONTENT="etiam"/>
               </TextLine>
               <TextLine ID="r1l96"
                         BASELINE="1687"
                         HEIGHT="56"
                         WIDTH="216"
                         VPOS="1631"
                         HPOS="431">
                  <String HEIGHT="56"
                          WIDTH="139"
                          VPOS="1631"
                          HPOS="416"
                          CONTENT="prima"/>
                  <SP HEIGHT="56" WIDTH="15" VPOS="1631" HPOS="554"/>
                  <String HEIGHT="56"
                          WIDTH="170"
                          VPOS="1631"
                          HPOS="508"
                          CONTENT="opinio."/>
                  <SP HEIGHT="56" WIDTH="15" VPOS="1631" HPOS="678"/>
                  <String HEIGHT="56" WIDTH="31" VPOS="1631" HPOS="616" CONTENT=""/>
               </TextLine>
               <TextLine ID="r1l98"
                         BASELINE="1717"
                         HEIGHT="56"
                         WIDTH="814"
                         VPOS="1661"
                         HPOS="441">
                  <String HEIGHT="56" WIDTH="73" VPOS="1661" HPOS="426" CONTENT="2"/>
                  <SP HEIGHT="56" WIDTH="15" VPOS="1661" HPOS="499"/>
                  <String HEIGHT="56"
                          WIDTH="204"
                          VPOS="1661"
                          HPOS="456"
                          CONTENT="Praeterea,"/>
                  <SP HEIGHT="56" WIDTH="15" VPOS="1661" HPOS="659"/>
                  <String HEIGHT="56"
                          WIDTH="116"
                          VPOS="1661"
                          HPOS="615"
                          CONTENT="isti"/>
                  <SP HEIGHT="56" WIDTH="15" VPOS="1661" HPOS="732"/>
                  <String HEIGHT="56"
                          WIDTH="189"
                          VPOS="1661"
                          HPOS="688"
                          CONTENT="loquuntur"/>
                  <SP HEIGHT="56" WIDTH="15" VPOS="1661" HPOS="877"/>
                  <String HEIGHT="56"
                          WIDTH="204"
                          VPOS="1661"
                          HPOS="833"
                          CONTENT="improprie:"/>
                  <SP HEIGHT="56" WIDTH="15" VPOS="1661" HPOS="1037"/>
                  <String HEIGHT="56"
                          WIDTH="116"
                          VPOS="1661"
                          HPOS="993"
                          CONTENT="quia"/>
                  <SP HEIGHT="56" WIDTH="15" VPOS="1661" HPOS="1110"/>
                  <String HEIGHT="56"
                          WIDTH="102"
                          VPOS="1661"
                          HPOS="1066"
                          CONTENT="sic"/>
                  <SP HEIGHT="56" WIDTH="15" VPOS="1661" HPOS="1168"/>
                  <String HEIGHT="56"
                          WIDTH="145"
                          VPOS="1661"
                          HPOS="1110"
                          CONTENT="accipien"/>
               </TextLine>
               <TextLine ID="r1l100"
                         BASELINE="1757"
                         HEIGHT="50"
                         WIDTH="845"
                         VPOS="1707"
                         HPOS="422">
                  <String HEIGHT="50" WIDTH="96" VPOS="1707" HPOS="406" CONTENT="do"/>
                  <SP HEIGHT="50" WIDTH="16" VPOS="1707" HPOS="502"/>
                  <String HEIGHT="50"
                          WIDTH="223"
                          VPOS="1707"
                          HPOS="454"
                          CONTENT="materiale,"/>
                  <SP HEIGHT="50" WIDTH="16" VPOS="1707" HPOS="677"/>
                  <String HEIGHT="50"
                          WIDTH="128"
                          VPOS="1707"
                          HPOS="629"
                          CONTENT="tunc"/>
                  <SP HEIGHT="50" WIDTH="16" VPOS="1707" HPOS="757"/>
                  <String HEIGHT="50"
                          WIDTH="191"
                          VPOS="1707"
                          HPOS="709"
                          CONTENT="accidens"/>
                  <SP HEIGHT="50" WIDTH="16" VPOS="1707" HPOS="900"/>
                  <String HEIGHT="50"
                          WIDTH="112"
                          VPOS="1707"
                          HPOS="852"
                          CONTENT="non"/>
                  <SP HEIGHT="50" WIDTH="16" VPOS="1707" HPOS="964"/>
                  <String HEIGHT="50"
                          WIDTH="112"
                          VPOS="1707"
                          HPOS="916"
                          CONTENT="est"/>
                  <SP HEIGHT="50" WIDTH="16" VPOS="1707" HPOS="1028"/>
                  <String HEIGHT="50"
                          WIDTH="223"
                          VPOS="1707"
                          HPOS="980"
                          CONTENT="compositum"/>
                  <SP HEIGHT="50" WIDTH="16" VPOS="1707" HPOS="1203"/>
                  <String HEIGHT="50" WIDTH="96" VPOS="1707" HPOS="1155" CONTENT="ex"/>
                  <SP HEIGHT="50" WIDTH="16" VPOS="1707" HPOS="1251"/>
                  <String HEIGHT="50"
                          WIDTH="80"
                          VPOS="1707"
                          HPOS="1187"
                          CONTENT="suo"/>
               </TextLine>
               <TextLine ID="r1l102"
                         BASELINE="1802"
                         HEIGHT="55"
                         WIDTH="836"
                         VPOS="1747"
                         HPOS="425">
                  <String HEIGHT="55"
                          WIDTH="209"
                          VPOS="1747"
                          HPOS="410"
                          CONTENT="materiali,"/>
                  <SP HEIGHT="55" WIDTH="15" VPOS="1747" HPOS="619"/>
                  <String HEIGHT="55"
                          WIDTH="105"
                          VPOS="1747"
                          HPOS="574"
                          CONTENT="sed"/>
                  <SP HEIGHT="55" WIDTH="15" VPOS="1747" HPOS="679"/>
                  <String HEIGHT="55"
                          WIDTH="105"
                          VPOS="1747"
                          HPOS="634"
                          CONTENT="est"/>
                  <SP HEIGHT="55" WIDTH="15" VPOS="1747" HPOS="739"/>
                  <String HEIGHT="55"
                          WIDTH="209"
                          VPOS="1747"
                          HPOS="694"
                          CONTENT="compositum"/>
                  <SP HEIGHT="55" WIDTH="15" VPOS="1747" HPOS="903"/>
                  <String HEIGHT="55"
                          WIDTH="119"
                          VPOS="1747"
                          HPOS="858"
                          CONTENT="ipsi"/>
                  <SP HEIGHT="55" WIDTH="15" VPOS="1747" HPOS="977"/>
                  <String HEIGHT="55"
                          WIDTH="209"
                          VPOS="1747"
                          HPOS="933"
                          CONTENT="materiali:"/>
                  <SP HEIGHT="55" WIDTH="15" VPOS="1747" HPOS="1142"/>
                  <String HEIGHT="55"
                          WIDTH="134"
                          VPOS="1747"
                          HPOS="1097"
                          CONTENT="talis"/>
                  <SP HEIGHT="55" WIDTH="15" VPOS="1747" HPOS="1231"/>
                  <String HEIGHT="55"
                          WIDTH="90"
                          VPOS="1747"
                          HPOS="1171"
                          CONTENT="enim"/>
               </TextLine>
               <TextLine ID="r1l104"
                         BASELINE="1841"
                         HEIGHT="58"
                         WIDTH="525"
                         VPOS="1783"
                         HPOS="431">
                  <String HEIGHT="58"
                          WIDTH="195"
                          VPOS="1783"
                          HPOS="416"
                          CONTENT="composito"/>
                  <SP HEIGHT="58" WIDTH="15" VPOS="1783" HPOS="611"/>
                  <String HEIGHT="58"
                          WIDTH="105"
                          VPOS="1783"
                          HPOS="566"
                          CONTENT="non"/>
                  <SP HEIGHT="58" WIDTH="15" VPOS="1783" HPOS="671"/>
                  <String HEIGHT="58"
                          WIDTH="105"
                          VPOS="1783"
                          HPOS="626"
                          CONTENT="est"/>
                  <SP HEIGHT="58" WIDTH="15" VPOS="1783" HPOS="731"/>
                  <String HEIGHT="58" WIDTH="90" VPOS="1783" HPOS="686" CONTENT="ex"/>
                  <SP HEIGHT="58" WIDTH="15" VPOS="1783" HPOS="776"/>
                  <String HEIGHT="58"
                          WIDTH="120"
                          VPOS="1783"
                          HPOS="731"
                          CONTENT="his,"/>
                  <SP HEIGHT="58" WIDTH="15" VPOS="1783" HPOS="851"/>
                  <String HEIGHT="58"
                          WIDTH="105"
                          VPOS="1783"
                          HPOS="806"
                          CONTENT="sed"/>
                  <SP HEIGHT="58" WIDTH="15" VPOS="1783" HPOS="911"/>
                  <String HEIGHT="58"
                          WIDTH="105"
                          VPOS="1783"
                          HPOS="851"
                          CONTENT="huic"
                          SUBS_TYPE="HypPart1"
                          SUBS_CONTENT="huicAlij"/>
                  <HYP CONTENT="-"/>
               </TextLine>
               <TextLine ID="r1l107"
                         BASELINE="1870"
                         HEIGHT="54"
                         WIDTH="851"
                         VPOS="1816"
                         HPOS="411">
                  <String HEIGHT="54"
                          WIDTH="133"
                          VPOS="1816"
                          HPOS="394"
                          CONTENT="Alij"
                          SUBS_TYPE="HypPart2"
                          SUBS_CONTENT="huicAlij"/>
                  <SP HEIGHT="54" WIDTH="17" VPOS="1816" HPOS="528"/>
                  <String HEIGHT="54"
                          WIDTH="167"
                          VPOS="1816"
                          HPOS="478"
                          CONTENT="dicunt"/>
                  <SP HEIGHT="54" WIDTH="17" VPOS="1816" HPOS="645"/>
                  <String HEIGHT="54"
                          WIDTH="133"
                          VPOS="1816"
                          HPOS="595"
                          CONTENT="quod"/>
                  <SP HEIGHT="54" WIDTH="17" VPOS="1816" HPOS="728"/>
                  <String HEIGHT="54"
                          WIDTH="184"
                          VPOS="1816"
                          HPOS="678"
                          CONTENT="quamuis"/>
                  <SP HEIGHT="54" WIDTH="17" VPOS="1816" HPOS="862"/>
                  <String HEIGHT="54"
                          WIDTH="184"
                          VPOS="1816"
                          HPOS="811"
                          CONTENT="habitus"/>
                  <SP HEIGHT="54" WIDTH="17" VPOS="1816" HPOS="995"/>
                  <String HEIGHT="54"
                          WIDTH="117"
                          VPOS="1816"
                          HPOS="945"
                          CONTENT="sit"/>
                  <SP HEIGHT="54" WIDTH="17" VPOS="1816" HPOS="1062"/>
                  <String HEIGHT="54"
                          WIDTH="133"
                          VPOS="1816"
                          HPOS="1012"
                          CONTENT="quid"/>
                  <SP HEIGHT="54" WIDTH="17" VPOS="1816" HPOS="1145"/>
                  <String HEIGHT="54"
                          WIDTH="184"
                          VPOS="1816"
                          HPOS="1078"
                          CONTENT="absolutum"/>
               </TextLine>
               <TextLine ID="r1l112"
                         BASELINE="1917"
                         HEIGHT="57"
                         WIDTH="706"
                         VPOS="1860"
                         HPOS="430">
                  <String HEIGHT="57"
                          WIDTH="159"
                          VPOS="1860"
                          HPOS="412"
                          CONTENT="tamen"/>
                  <SP HEIGHT="57" WIDTH="18" VPOS="1860" HPOS="571"/>
                  <String HEIGHT="57"
                          WIDTH="124"
                          VPOS="1860"
                          HPOS="518"
                          CONTENT="non"/>
                  <SP HEIGHT="57" WIDTH="18" VPOS="1860" HPOS="642"/>
                  <String HEIGHT="57"
                          WIDTH="124"
                          VPOS="1860"
                          HPOS="589"
                          CONTENT="est"/>
                  <SP HEIGHT="57" WIDTH="18" VPOS="1860" HPOS="712"/>
                  <String HEIGHT="57"
                          WIDTH="141"
                          VPOS="1860"
                          HPOS="659"
                          CONTENT="res,"/>
                  <SP HEIGHT="57" WIDTH="18" VPOS="1860" HPOS="801"/>
                  <String HEIGHT="57"
                          WIDTH="124"
                          VPOS="1860"
                          HPOS="748"
                          CONTENT="sed"/>
                  <SP HEIGHT="57" WIDTH="18" VPOS="1860" HPOS="871"/>
                  <String HEIGHT="57"
                          WIDTH="177"
                          VPOS="1860"
                          HPOS="818"
                          CONTENT="quidam"/>
                  <SP HEIGHT="57" WIDTH="18" VPOS="1860" HPOS="995"/>
                  <String HEIGHT="57"
                          WIDTH="159"
                          VPOS="1860"
                          HPOS="942"
                          CONTENT="modus"/>
                  <SP HEIGHT="57" WIDTH="18" VPOS="1860" HPOS="1101"/>
                  <String HEIGHT="57"
                          WIDTH="106"
                          VPOS="1860"
                          HPOS="1030"
                          CONTENT="rei."/>
               </TextLine>
               <TextLine ID="r1l116"
                         BASELINE="1962"
                         HEIGHT="67"
                         WIDTH="837"
                         VPOS="1895"
                         HPOS="432">
                  <String HEIGHT="67" WIDTH="80" VPOS="1895" HPOS="416" CONTENT="1"/>
                  <SP HEIGHT="67" WIDTH="16" VPOS="1895" HPOS="496"/>
                  <String HEIGHT="67"
                          WIDTH="129"
                          VPOS="1895"
                          HPOS="448"
                          CONTENT="Quia"/>
                  <SP HEIGHT="67" WIDTH="16" VPOS="1895" HPOS="577"/>
                  <String HEIGHT="67"
                          WIDTH="145"
                          VPOS="1895"
                          HPOS="529"
                          CONTENT="sicut"/>
                  <SP HEIGHT="67" WIDTH="16" VPOS="1895" HPOS="673"/>
                  <String HEIGHT="67"
                          WIDTH="161"
                          VPOS="1895"
                          HPOS="625"
                          CONTENT="illud,"/>
                  <SP HEIGHT="67" WIDTH="16" VPOS="1895" HPOS="786"/>
                  <String HEIGHT="67"
                          WIDTH="129"
                          VPOS="1895"
                          HPOS="738"
                          CONTENT="quod"/>
                  <SP HEIGHT="67" WIDTH="16" VPOS="1895" HPOS="867"/>
                  <String HEIGHT="67"
                          WIDTH="225"
                          VPOS="1895"
                          HPOS="818"
                          CONTENT="requiritur"/>
                  <SP HEIGHT="67" WIDTH="16" VPOS="1895" HPOS="1044"/>
                  <String HEIGHT="67"
                          WIDTH="177"
                          VPOS="1895"
                          HPOS="995"
                          CONTENT="propter"/>
                  <SP HEIGHT="67" WIDTH="16" VPOS="1895" HPOS="1172"/>
                  <String HEIGHT="67"
                          WIDTH="129"
                          VPOS="1895"
                          HPOS="1124"
                          CONTENT="rem,"/>
                  <SP HEIGHT="67" WIDTH="16" VPOS="1895" HPOS="1253"/>
                  <String HEIGHT="67"
                          WIDTH="80"
                          VPOS="1895"
                          HPOS="1189"
                          CONTENT="est"/>
               </TextLine>
               <TextLine ID="r1l120"
                         BASELINE="1994"
                         HEIGHT="55"
                         WIDTH="828"
                         VPOS="1939"
                         HPOS="434">
                  <String HEIGHT="55"
                          WIDTH="116"
                          VPOS="1939"
                          HPOS="419"
                          CONTENT="res,"/>
                  <SP HEIGHT="55" WIDTH="15" VPOS="1939" HPOS="536"/>
                  <String HEIGHT="55"
                          WIDTH="102"
                          VPOS="1939"
                          HPOS="492"
                          CONTENT="sic"/>
                  <SP HEIGHT="55" WIDTH="15" VPOS="1939" HPOS="594"/>
                  <String HEIGHT="55"
                          WIDTH="131"
                          VPOS="1939"
                          HPOS="550"
                          CONTENT="illud"/>
                  <SP HEIGHT="55" WIDTH="15" VPOS="1939" HPOS="681"/>
                  <String HEIGHT="55"
                          WIDTH="116"
                          VPOS="1939"
                          HPOS="637"
                          CONTENT="quod"/>
                  <SP HEIGHT="55" WIDTH="15" VPOS="1939" HPOS="754"/>
                  <String HEIGHT="55"
                          WIDTH="102"
                          VPOS="1939"
                          HPOS="710"
                          CONTENT="non"/>
                  <SP HEIGHT="55" WIDTH="15" VPOS="1939" HPOS="812"/>
                  <String HEIGHT="55"
                          WIDTH="203"
                          VPOS="1939"
                          HPOS="768"
                          CONTENT="requiritur"/>
                  <SP HEIGHT="55" WIDTH="15" VPOS="1939" HPOS="971"/>
                  <String HEIGHT="55"
                          WIDTH="160"
                          VPOS="1939"
                          HPOS="928"
                          CONTENT="propter"/>
                  <SP HEIGHT="55" WIDTH="15" VPOS="1939" HPOS="1088"/>
                  <String HEIGHT="55"
                          WIDTH="116"
                          VPOS="1939"
                          HPOS="1044"
                          CONTENT="rem,"/>
                  <SP HEIGHT="55" WIDTH="15" VPOS="1939" HPOS="1160"/>
                  <String HEIGHT="55"
                          WIDTH="102"
                          VPOS="1939"
                          HPOS="1117"
                          CONTENT="sed"/>
                  <SP HEIGHT="55" WIDTH="15" VPOS="1939" HPOS="1218"/>
                  <String HEIGHT="55"
                          WIDTH="102"
                          VPOS="1939"
                          HPOS="1160"
                          CONTENT="solun"/>
               </TextLine>
               <TextLine ID="r1l123"
                         BASELINE="2030"
                         HEIGHT="56"
                         WIDTH="813"
                         VPOS="1974"
                         HPOS="446">
                  <String HEIGHT="56"
                          WIDTH="166"
                          VPOS="1974"
                          HPOS="431"
                          CONTENT="propter"/>
                  <SP HEIGHT="56" WIDTH="15" VPOS="1974" HPOS="597"/>
                  <String HEIGHT="56"
                          WIDTH="136"
                          VPOS="1974"
                          HPOS="551"
                          CONTENT="modum"/>
                  <SP HEIGHT="56" WIDTH="15" VPOS="1974" HPOS="687"/>
                  <String HEIGHT="56"
                          WIDTH="120"
                          VPOS="1974"
                          HPOS="642"
                          CONTENT="rei,"/>
                  <SP HEIGHT="56" WIDTH="15" VPOS="1974" HPOS="762"/>
                  <String HEIGHT="56"
                          WIDTH="105"
                          VPOS="1974"
                          HPOS="717"
                          CONTENT="non"/>
                  <SP HEIGHT="56" WIDTH="15" VPOS="1974" HPOS="822"/>
                  <String HEIGHT="56"
                          WIDTH="105"
                          VPOS="1974"
                          HPOS="777"
                          CONTENT="est"/>
                  <SP HEIGHT="56" WIDTH="15" VPOS="1974" HPOS="883"/>
                  <String HEIGHT="56"
                          WIDTH="120"
                          VPOS="1974"
                          HPOS="837"
                          CONTENT="res,"/>
                  <SP HEIGHT="56" WIDTH="15" VPOS="1974" HPOS="958"/>
                  <String HEIGHT="56"
                          WIDTH="105"
                          VPOS="1974"
                          HPOS="913"
                          CONTENT="sed"/>
                  <SP HEIGHT="56" WIDTH="15" VPOS="1974" HPOS="1018"/>
                  <String HEIGHT="56"
                          WIDTH="136"
                          VPOS="1974"
                          HPOS="973"
                          CONTENT="modus"/>
                  <SP HEIGHT="56" WIDTH="15" VPOS="1974" HPOS="1108"/>
                  <String HEIGHT="56"
                          WIDTH="120"
                          VPOS="1974"
                          HPOS="1063"
                          CONTENT="rei."/>
                  <SP HEIGHT="56" WIDTH="15" VPOS="1974" HPOS="1184"/>
                  <String HEIGHT="56"
                          WIDTH="120"
                          VPOS="1974"
                          HPOS="1139"
                          CONTENT="Ista"/>
                  <SP HEIGHT="56" WIDTH="15" VPOS="1974" HPOS="1259"/>
                  <String HEIGHT="56" WIDTH="60" VPOS="1974" HPOS="1199" CONTENT="pa"/>
               </TextLine>
               <TextLine ID="r1l126"
                         BASELINE="2075"
                         HEIGHT="60"
                         WIDTH="840"
                         VPOS="2015"
                         HPOS="434">
                  <String HEIGHT="60"
                          WIDTH="122"
                          VPOS="2015"
                          HPOS="419"
                          CONTENT="tet:"/>
                  <SP HEIGHT="60" WIDTH="15" VPOS="2015" HPOS="541"/>
                  <String HEIGHT="60"
                          WIDTH="122"
                          VPOS="2015"
                          HPOS="495"
                          CONTENT="quia"/>
                  <SP HEIGHT="60" WIDTH="15" VPOS="2015" HPOS="617"/>
                  <String HEIGHT="60"
                          WIDTH="137"
                          VPOS="2015"
                          HPOS="571"
                          CONTENT="sicut"/>
                  <SP HEIGHT="60" WIDTH="15" VPOS="2015" HPOS="709"/>
                  <String HEIGHT="60" WIDTH="92" VPOS="2015" HPOS="663" CONTENT="se"/>
                  <SP HEIGHT="60" WIDTH="15" VPOS="2015" HPOS="755"/>
                  <String HEIGHT="60"
                          WIDTH="137"
                          VPOS="2015"
                          HPOS="709"
                          CONTENT="habet"/>
                  <SP HEIGHT="60" WIDTH="15" VPOS="2015" HPOS="846"/>
                  <String HEIGHT="60"
                          WIDTH="107"
                          VPOS="2015"
                          HPOS="801"
                          CONTENT="res"/>
                  <SP HEIGHT="60" WIDTH="15" VPOS="2015" HPOS="907"/>
                  <String HEIGHT="60" WIDTH="92" VPOS="2015" HPOS="862" CONTENT="ad"/>
                  <SP HEIGHT="60" WIDTH="15" VPOS="2015" HPOS="953"/>
                  <String HEIGHT="60"
                          WIDTH="122"
                          VPOS="2015"
                          HPOS="907"
                          CONTENT="rem,"/>
                  <SP HEIGHT="60" WIDTH="15" VPOS="2015" HPOS="1030"/>
                  <String HEIGHT="60"
                          WIDTH="107"
                          VPOS="2015"
                          HPOS="984"
                          CONTENT="sic"/>
                  <SP HEIGHT="60" WIDTH="15" VPOS="2015" HPOS="1091"/>
                  <String HEIGHT="60" WIDTH="92" VPOS="2015" HPOS="1045" CONTENT="se"/>
                  <SP HEIGHT="60" WIDTH="15" VPOS="2015" HPOS="1137"/>
                  <String HEIGHT="60"
                          WIDTH="137"
                          VPOS="2015"
                          HPOS="1091"
                          CONTENT="habet"/>
                  <SP HEIGHT="60" WIDTH="15" VPOS="2015" HPOS="1228"/>
                  <String HEIGHT="60"
                          WIDTH="107"
                          VPOS="2015"
                          HPOS="1167"
                          CONTENT="modus"/>
               </TextLine>
               <TextLine ID="r1l129"
                         BASELINE="2104"
                         HEIGHT="44"
                         WIDTH="830"
                         VPOS="2060"
                         HPOS="437">
                  <String HEIGHT="44" WIDTH="98" VPOS="2060" HPOS="421" CONTENT="ad"/>
                  <SP HEIGHT="44" WIDTH="16" VPOS="2060" HPOS="518"/>
                  <String HEIGHT="44"
                          WIDTH="163"
                          VPOS="2060"
                          HPOS="470"
                          CONTENT="modum:"/>
                  <SP HEIGHT="44" WIDTH="16" VPOS="2060" HPOS="632"/>
                  <String HEIGHT="44"
                          WIDTH="114"
                          VPOS="2060"
                          HPOS="583"
                          CONTENT="sed"/>
                  <SP HEIGHT="44" WIDTH="16" VPOS="2060" HPOS="697"/>
                  <String HEIGHT="44"
                          WIDTH="179"
                          VPOS="2060"
                          HPOS="649"
                          CONTENT="habitus"/>
                  <SP HEIGHT="44" WIDTH="16" VPOS="2060" HPOS="828"/>
                  <String HEIGHT="44"
                          WIDTH="228"
                          VPOS="2060"
                          HPOS="779"
                          CONTENT="tantummodo"/>
                  <SP HEIGHT="44" WIDTH="16" VPOS="2060" HPOS="1007"/>
                  <String HEIGHT="44"
                          WIDTH="228"
                          VPOS="2060"
                          HPOS="958"
                          CONTENT="requiritur"/>
                  <SP HEIGHT="44" WIDTH="16" VPOS="2060" HPOS="1186"/>
                  <String HEIGHT="44"
                          WIDTH="146"
                          VPOS="2060"
                          HPOS="1121"
                          CONTENT="propter"/>
               </TextLine>
               <TextLine ID="r1l132"
                         BASELINE="2143"
                         HEIGHT="49"
                         WIDTH="828"
                         VPOS="2094"
                         HPOS="437">
                  <String HEIGHT="49"
                          WIDTH="146"
                          VPOS="2094"
                          HPOS="421"
                          CONTENT="modum"/>
                  <SP HEIGHT="49" WIDTH="16" VPOS="2094" HPOS="567"/>
                  <String HEIGHT="49"
                          WIDTH="130"
                          VPOS="2094"
                          HPOS="518"
                          CONTENT="rei,"/>
                  <SP HEIGHT="49" WIDTH="16" VPOS="2094" HPOS="648"/>
                  <String HEIGHT="49"
                          WIDTH="146"
                          VPOS="2094"
                          HPOS="599"
                          CONTENT="puta,"/>
                  <SP HEIGHT="49" WIDTH="16" VPOS="2094" HPOS="745"/>
                  <String HEIGHT="49" WIDTH="97" VPOS="2094" HPOS="697" CONTENT="vt"/>
                  <SP HEIGHT="49" WIDTH="16" VPOS="2094" HPOS="794"/>
                  <String HEIGHT="49"
                          WIDTH="146"
                          VPOS="2094"
                          HPOS="745"
                          CONTENT="actus"/>
                  <SP HEIGHT="49" WIDTH="16" VPOS="2094" HPOS="892"/>
                  <String HEIGHT="49"
                          WIDTH="195"
                          VPOS="2094"
                          HPOS="843"
                          CONTENT="prompte,"/>
                  <SP HEIGHT="49" WIDTH="16" VPOS="2094" HPOS="1038"/>
                  <String HEIGHT="49" WIDTH="81" VPOS="2094" HPOS="989" CONTENT="&amp;"/>
                  <SP HEIGHT="49" WIDTH="16" VPOS="2094" HPOS="1070"/>
                  <String HEIGHT="49"
                          WIDTH="260"
                          VPOS="2094"
                          HPOS="1005"
                          CONTENT="delectabilite"/>
               </TextLine>
               <TextLine ID="r1l135"
                         BASELINE="2188"
                         HEIGHT="48"
                         WIDTH="138"
                         VPOS="2140"
                         HPOS="441">
                  <String HEIGHT="48"
                          WIDTH="166"
                          VPOS="2140"
                          HPOS="413"
                          CONTENT="eliciatur."/>
               </TextLine>
               <TextLine ID="r1l137"
                         BASELINE="2219"
                         HEIGHT="48"
                         WIDTH="827"
                         VPOS="2171"
                         HPOS="442">
                  <String HEIGHT="48" WIDTH="80" VPOS="2171" HPOS="426" CONTENT="2"/>
                  <SP HEIGHT="48" WIDTH="16" VPOS="2171" HPOS="506"/>
                  <String HEIGHT="48"
                          WIDTH="223"
                          VPOS="2171"
                          HPOS="458"
                          CONTENT="Praeterea,"/>
                  <SP HEIGHT="48" WIDTH="16" VPOS="2171" HPOS="681"/>
                  <String HEIGHT="48"
                          WIDTH="175"
                          VPOS="2171"
                          HPOS="633"
                          CONTENT="habitus"/>
                  <SP HEIGHT="48" WIDTH="16" VPOS="2171" HPOS="808"/>
                  <String HEIGHT="48"
                          WIDTH="191"
                          VPOS="2171"
                          HPOS="760"
                          CONTENT="corporis"/>
                  <SP HEIGHT="48" WIDTH="16" VPOS="2171" HPOS="951"/>
                  <String HEIGHT="48"
                          WIDTH="111"
                          VPOS="2171"
                          HPOS="903"
                          CONTENT="est"/>
                  <SP HEIGHT="48" WIDTH="16" VPOS="2171" HPOS="1015"/>
                  <String HEIGHT="48"
                          WIDTH="159"
                          VPOS="2171"
                          HPOS="967"
                          CONTENT="quidam"/>
                  <SP HEIGHT="48" WIDTH="16" VPOS="2171" HPOS="1126"/>
                  <String HEIGHT="48"
                          WIDTH="159"
                          VPOS="2171"
                          HPOS="1078"
                          CONTENT="modus:"/>
                  <SP HEIGHT="48" WIDTH="16" VPOS="2171" HPOS="1237"/>
                  <String HEIGHT="48"
                          WIDTH="95"
                          VPOS="2171"
                          HPOS="1174"
                          CONTENT="ergo"/>
               </TextLine>
               <TextLine ID="r1l140"
                         BASELINE="2265"
                         HEIGHT="59"
                         WIDTH="833"
                         VPOS="2206"
                         HPOS="438">
                  <String HEIGHT="59" WIDTH="76" VPOS="2206" HPOS="423" CONTENT="&amp;"/>
                  <SP HEIGHT="59" WIDTH="15" VPOS="2206" HPOS="499"/>
                  <String HEIGHT="59"
                          WIDTH="167"
                          VPOS="2206"
                          HPOS="453"
                          CONTENT="habitus"/>
                  <SP HEIGHT="59" WIDTH="15" VPOS="2206" HPOS="620"/>
                  <String HEIGHT="59"
                          WIDTH="167"
                          VPOS="2206"
                          HPOS="574"
                          CONTENT="animae."/>
                  <SP HEIGHT="59" WIDTH="15" VPOS="2206" HPOS="741"/>
                  <String HEIGHT="59"
                          WIDTH="242"
                          VPOS="2206"
                          HPOS="695"
                          CONTENT="Consequentia"/>
                  <SP HEIGHT="59" WIDTH="15" VPOS="2206" HPOS="938"/>
                  <String HEIGHT="59"
                          WIDTH="136"
                          VPOS="2206"
                          HPOS="892"
                          CONTENT="patet"/>
                  <SP HEIGHT="59" WIDTH="15" VPOS="2206" HPOS="1029"/>
                  <String HEIGHT="59" WIDTH="76" VPOS="2206" HPOS="983" CONTENT="a"/>
                  <SP HEIGHT="59" WIDTH="15" VPOS="2206" HPOS="1059"/>
                  <String HEIGHT="59"
                          WIDTH="167"
                          VPOS="2206"
                          HPOS="1014"
                          CONTENT="simili."/>
                  <SP HEIGHT="59" WIDTH="15" VPOS="2206" HPOS="1180"/>
                  <String HEIGHT="59"
                          WIDTH="151"
                          VPOS="2206"
                          HPOS="1120"
                          CONTENT="Probatur"/>
               </TextLine>
               <TextLine ID="r1l142"
                         BASELINE="2300"
                         HEIGHT="40"
                         WIDTH="852"
                         VPOS="2260"
                         HPOS="428">
                  <String HEIGHT="40"
                          WIDTH="228"
                          VPOS="2260"
                          HPOS="413"
                          CONTENT="antecedens:"/>
                  <SP HEIGHT="40" WIDTH="15" VPOS="2260" HPOS="641"/>
                  <String HEIGHT="40"
                          WIDTH="122"
                          VPOS="2260"
                          HPOS="595"
                          CONTENT="quia"/>
                  <SP HEIGHT="40" WIDTH="15" VPOS="2260" HPOS="717"/>
                  <String HEIGHT="40"
                          WIDTH="183"
                          VPOS="2260"
                          HPOS="671"
                          CONTENT="sanitas,"/>
                  <SP HEIGHT="40" WIDTH="15" VPOS="2260" HPOS="854"/>
                  <String HEIGHT="40"
                          WIDTH="122"
                          VPOS="2260"
                          HPOS="808"
                          CONTENT="quae"/>
                  <SP HEIGHT="40" WIDTH="15" VPOS="2260" HPOS="930"/>
                  <String HEIGHT="40"
                          WIDTH="107"
                          VPOS="2260"
                          HPOS="884"
                          CONTENT="est"/>
                  <SP HEIGHT="40" WIDTH="15" VPOS="2260" HPOS="991"/>
                  <String HEIGHT="40"
                          WIDTH="152"
                          VPOS="2260"
                          HPOS="945"
                          CONTENT="quidam"/>
                  <SP HEIGHT="40" WIDTH="15" VPOS="2260" HPOS="1097"/>
                  <String HEIGHT="40"
                          WIDTH="167"
                          VPOS="2260"
                          HPOS="1052"
                          CONTENT="habitus"/>
                  <SP HEIGHT="40" WIDTH="15" VPOS="2260" HPOS="1219"/>
                  <String HEIGHT="40"
                          WIDTH="122"
                          VPOS="2260"
                          HPOS="1158"
                          CONTENT="corpo"
                          SUBS_TYPE="HypPart1"
                          SUBS_CONTENT="corporalis"/>
                  <HYP CONTENT="-"/>
               </TextLine>
               <TextLine ID="r1l144"
                         BASELINE="2341"
                         HEIGHT="42"
                         WIDTH="834"
                         VPOS="2299"
                         HPOS="437">
                  <String HEIGHT="42"
                          WIDTH="136"
                          VPOS="2299"
                          HPOS="422"
                          CONTENT="ralis"
                          SUBS_TYPE="HypPart2"
                          SUBS_CONTENT="corporalis"/>
                  <SP HEIGHT="42" WIDTH="15" VPOS="2299" HPOS="558"/>
                  <String HEIGHT="42"
                          WIDTH="182"
                          VPOS="2299"
                          HPOS="513"
                          CONTENT="secundum"/>
                  <SP HEIGHT="42" WIDTH="15" VPOS="2299" HPOS="695"/>
                  <String HEIGHT="42"
                          WIDTH="106"
                          VPOS="2299"
                          HPOS="649"
                          CONTENT="se,"/>
                  <SP HEIGHT="42" WIDTH="15" VPOS="2299" HPOS="755"/>
                  <String HEIGHT="42"
                          WIDTH="106"
                          VPOS="2299"
                          HPOS="710"
                          CONTENT="non"/>
                  <SP HEIGHT="42" WIDTH="15" VPOS="2299" HPOS="816"/>
                  <String HEIGHT="42"
                          WIDTH="106"
                          VPOS="2299"
                          HPOS="771"
                          CONTENT="est"/>
                  <SP HEIGHT="42" WIDTH="15" VPOS="2299" HPOS="877"/>
                  <String HEIGHT="42"
                          WIDTH="152"
                          VPOS="2299"
                          HPOS="831"
                          CONTENT="aliqua"/>
                  <SP HEIGHT="42" WIDTH="15" VPOS="2299" HPOS="983"/>
                  <String HEIGHT="42"
                          WIDTH="167"
                          VPOS="2299"
                          HPOS="937"
                          CONTENT="natura,"/>
                  <SP HEIGHT="42" WIDTH="15" VPOS="2299" HPOS="1104"/>
                  <String HEIGHT="42"
                          WIDTH="106"
                          VPOS="2299"
                          HPOS="1059"
                          CONTENT="sed"/>
                  <SP HEIGHT="42" WIDTH="15" VPOS="2299" HPOS="1165"/>
                  <String HEIGHT="42"
                          WIDTH="106"
                          VPOS="2299"
                          HPOS="1119"
                          CONTENT="est"/>
                  <SP HEIGHT="42" WIDTH="15" VPOS="2299" HPOS="1226"/>
                  <String HEIGHT="42"
                          WIDTH="106"
                          VPOS="2299"
                          HPOS="1165"
                          CONTENT="solum"/>
               </TextLine>
               <TextLine ID="r1l146"
                         BASELINE="2386"
                         HEIGHT="58"
                         WIDTH="850"
                         VPOS="2328"
                         HPOS="425">
                  <String HEIGHT="58"
                          WIDTH="191"
                          VPOS="2328"
                          HPOS="408"
                          CONTENT="quaedam"/>
                  <SP HEIGHT="58" WIDTH="17" VPOS="2328" HPOS="598"/>
                  <String HEIGHT="58"
                          WIDTH="312"
                          VPOS="2328"
                          HPOS="546"
                          CONTENT="commensuratio,"/>
                  <SP HEIGHT="58" WIDTH="17" VPOS="2328" HPOS="859"/>
                  <String HEIGHT="58"
                          WIDTH="121"
                          VPOS="2328"
                          HPOS="807"
                          CONTENT="seu"/>
                  <SP HEIGHT="58" WIDTH="17" VPOS="2328" HPOS="928"/>
                  <String HEIGHT="58"
                          WIDTH="226"
                          VPOS="2328"
                          HPOS="876"
                          CONTENT="proportio"/>
                  <SP HEIGHT="58" WIDTH="17" VPOS="2328" HPOS="1102"/>
                  <String HEIGHT="58"
                          WIDTH="208"
                          VPOS="2328"
                          HPOS="1049"
                          CONTENT="humorum,"/>
                  <SP HEIGHT="58" WIDTH="17" VPOS="2328" HPOS="1258"/>
                  <String HEIGHT="58"
                          WIDTH="87"
                          VPOS="2328"
                          HPOS="1188"
                          CONTENT="seu"/>
               </TextLine>
               <TextLine ID="r1l149"
                         BASELINE="2424"
                         HEIGHT="55"
                         WIDTH="431"
                         VPOS="2369"
                         HPOS="430">
                  <String HEIGHT="55"
                          WIDTH="180"
                          VPOS="2369"
                          HPOS="412"
                          CONTENT="debita"/>
                  <SP HEIGHT="55" WIDTH="18" VPOS="2369" HPOS="592"/>
                  <String HEIGHT="55"
                          WIDTH="216"
                          VPOS="2369"
                          HPOS="538"
                          CONTENT="habitudo"/>
                  <SP HEIGHT="55" WIDTH="18" VPOS="2369" HPOS="753"/>
                  <String HEIGHT="55"
                          WIDTH="180"
                          VPOS="2369"
                          HPOS="681"
                          CONTENT="eorundem"/>
               </TextLine>
               <TextLine ID="r1l153"
                         BASELINE="2457"
                         HEIGHT="43"
                         WIDTH="830"
                         VPOS="2414"
                         HPOS="444">
                  <String HEIGHT="43" WIDTH="80" VPOS="2414" HPOS="428" CONTENT="3"/>
                  <SP HEIGHT="43" WIDTH="16" VPOS="2414" HPOS="508"/>
                  <String HEIGHT="43"
                          WIDTH="208"
                          VPOS="2414"
                          HPOS="460"
                          CONTENT="Praeterea"/>
                  <SP HEIGHT="43" WIDTH="16" VPOS="2414" HPOS="667"/>
                  <String HEIGHT="43" WIDTH="96" VPOS="2414" HPOS="620" CONTENT="9."/>
                  <SP HEIGHT="43" WIDTH="16" VPOS="2414" HPOS="715"/>
                  <String HEIGHT="43"
                          WIDTH="176"
                          VPOS="2414"
                          HPOS="667"
                          CONTENT="metaph."/>
                  <SP HEIGHT="43" WIDTH="16" VPOS="2414" HPOS="843"/>
                  <String HEIGHT="43"
                          WIDTH="192"
                          VPOS="2414"
                          HPOS="795"
                          CONTENT="dicitur,"/>
                  <SP HEIGHT="43" WIDTH="16" VPOS="2414" HPOS="987"/>
                  <String HEIGHT="43"
                          WIDTH="128"
                          VPOS="2414"
                          HPOS="939"
                          CONTENT="quod"/>
                  <SP HEIGHT="43" WIDTH="16" VPOS="2414" HPOS="1067"/>
                  <String HEIGHT="43"
                          WIDTH="112"
                          VPOS="2414"
                          HPOS="1019"
                          CONTENT="per"/>
                  <SP HEIGHT="43" WIDTH="16" VPOS="2414" HPOS="1130"/>
                  <String HEIGHT="43"
                          WIDTH="144"
                          VPOS="2414"
                          HPOS="1082"
                          CONTENT="actum"/>
                  <SP HEIGHT="43" WIDTH="16" VPOS="2414" HPOS="1226"/>
                  <String HEIGHT="43"
                          WIDTH="112"
                          VPOS="2414"
                          HPOS="1162"
                          CONTENT="intra"/>
               </TextLine>
               <TextLine ID="r1l155"
                         BASELINE="2498"
                         HEIGHT="53"
                         WIDTH="836"
                         VPOS="2445"
                         HPOS="430">
                  <String HEIGHT="53"
                          WIDTH="189"
                          VPOS="2445"
                          HPOS="414"
                          CONTENT="manentem"/>
                  <SP HEIGHT="53" WIDTH="16" VPOS="2445" HPOS="604"/>
                  <String HEIGHT="53"
                          WIDTH="142"
                          VPOS="2445"
                          HPOS="556"
                          CONTENT="nihil"/>
                  <SP HEIGHT="53" WIDTH="16" VPOS="2445" HPOS="698"/>
                  <String HEIGHT="53"
                          WIDTH="142"
                          VPOS="2445"
                          HPOS="651"
                          CONTENT="aliud"/>
                  <SP HEIGHT="53" WIDTH="16" VPOS="2445" HPOS="793"/>
                  <String HEIGHT="53"
                          WIDTH="268"
                          VPOS="2445"
                          HPOS="745"
                          CONTENT="constituitur:"/>
                  <SP HEIGHT="53" WIDTH="16" VPOS="2445" HPOS="1014"/>
                  <String HEIGHT="53"
                          WIDTH="110"
                          VPOS="2445"
                          HPOS="966"
                          CONTENT="sed"/>
                  <SP HEIGHT="53" WIDTH="16" VPOS="2445" HPOS="1077"/>
                  <String HEIGHT="53"
                          WIDTH="174"
                          VPOS="2445"
                          HPOS="1029"
                          CONTENT="habitus"/>
                  <SP HEIGHT="53" WIDTH="16" VPOS="2445" HPOS="1203"/>
                  <String HEIGHT="53"
                          WIDTH="126"
                          VPOS="2445"
                          HPOS="1140"
                          CONTENT="causa"
                          SUBS_TYPE="HypPart1"
                          SUBS_CONTENT="causatur"/>
                  <HYP CONTENT="-"/>
               </TextLine>
               <TextLine ID="r1l157"
                         BASELINE="2540"
                         HEIGHT="54"
                         WIDTH="844"
                         VPOS="2486"
                         HPOS="435">
                  <String HEIGHT="54"
                          WIDTH="111"
                          VPOS="2486"
                          HPOS="419"
                          CONTENT="tur"
                          SUBS_TYPE="HypPart2"
                          SUBS_CONTENT="causatur"/>
                  <SP HEIGHT="54" WIDTH="16" VPOS="2486" HPOS="531"/>
                  <String HEIGHT="54"
                          WIDTH="111"
                          VPOS="2486"
                          HPOS="483"
                          CONTENT="per"/>
                  <SP HEIGHT="54" WIDTH="16" VPOS="2486" HPOS="594"/>
                  <String HEIGHT="54"
                          WIDTH="239"
                          VPOS="2486"
                          HPOS="546"
                          CONTENT="srequentiam"/>
                  <SP HEIGHT="54" WIDTH="16" VPOS="2486" HPOS="785"/>
                  <String HEIGHT="54"
                          WIDTH="159"
                          VPOS="2486"
                          HPOS="738"
                          CONTENT="actuum"/>
                  <SP HEIGHT="54" WIDTH="16" VPOS="2486" HPOS="897"/>
                  <String HEIGHT="54"
                          WIDTH="143"
                          VPOS="2486"
                          HPOS="849"
                          CONTENT="intra"/>
                  <SP HEIGHT="54" WIDTH="16" VPOS="2486" HPOS="992"/>
                  <String HEIGHT="54"
                          WIDTH="223"
                          VPOS="2486"
                          HPOS="945"
                          CONTENT="manentium:"/>
                  <SP HEIGHT="54" WIDTH="16" VPOS="2486" HPOS="1168"/>
                  <String HEIGHT="54"
                          WIDTH="127"
                          VPOS="2486"
                          HPOS="1120"
                          CONTENT="ergo"/>
                  <SP HEIGHT="54" WIDTH="16" VPOS="2486" HPOS="1247"/>
                  <String HEIGHT="54"
                          WIDTH="96"
                          VPOS="2486"
                          HPOS="1183"
                          CONTENT="habi"/>
               </TextLine>
               <TextLine ID="r1l159"
                         BASELINE="2576"
                         HEIGHT="53"
                         WIDTH="831"
                         VPOS="2523"
                         HPOS="440">
                  <String HEIGHT="53"
                          WIDTH="106"
                          VPOS="2523"
                          HPOS="425"
                          CONTENT="tus"/>
                  <SP HEIGHT="53" WIDTH="15" VPOS="2523" HPOS="531"/>
                  <String HEIGHT="53"
                          WIDTH="106"
                          VPOS="2523"
                          HPOS="485"
                          CONTENT="non"/>
                  <SP HEIGHT="53" WIDTH="15" VPOS="2523" HPOS="591"/>
                  <String HEIGHT="53"
                          WIDTH="121"
                          VPOS="2523"
                          HPOS="546"
                          CONTENT="erit"/>
                  <SP HEIGHT="53" WIDTH="15" VPOS="2523" HPOS="667"/>
                  <String HEIGHT="53"
                          WIDTH="106"
                          VPOS="2523"
                          HPOS="621"
                          CONTENT="res"/>
                  <SP HEIGHT="53" WIDTH="15" VPOS="2523" HPOS="727"/>
                  <String HEIGHT="53"
                          WIDTH="151"
                          VPOS="2523"
                          HPOS="682"
                          CONTENT="aliqua"/>
                  <SP HEIGHT="53" WIDTH="15" VPOS="2523" HPOS="833"/>
                  <String HEIGHT="53"
                          WIDTH="227"
                          VPOS="2523"
                          HPOS="788"
                          CONTENT="constituta,"/>
                  <SP HEIGHT="53" WIDTH="15" VPOS="2523" HPOS="1014"/>
                  <String HEIGHT="53"
                          WIDTH="106"
                          VPOS="2523"
                          HPOS="969"
                          CONTENT="sed"/>
                  <SP HEIGHT="53" WIDTH="15" VPOS="2523" HPOS="1075"/>
                  <String HEIGHT="53"
                          WIDTH="136"
                          VPOS="2523"
                          HPOS="1029"
                          CONTENT="solum"/>
                  <SP HEIGHT="53" WIDTH="15" VPOS="2523" HPOS="1165"/>
                  <String HEIGHT="53"
                          WIDTH="136"
                          VPOS="2523"
                          HPOS="1120"
                          CONTENT="modus"/>
                  <SP HEIGHT="53" WIDTH="15" VPOS="2523" HPOS="1256"/>
                  <String HEIGHT="53"
                          WIDTH="76"
                          VPOS="2523"
                          HPOS="1195"
                          CONTENT="rei"/>
               </TextLine>
               <TextLine ID="r1l161"
                         BASELINE="2609"
                         HEIGHT="46"
                         WIDTH="829"
                         VPOS="2563"
                         HPOS="436">
                  <String HEIGHT="46" WIDTH="78" VPOS="2563" HPOS="420" CONTENT="4"/>
                  <SP HEIGHT="46" WIDTH="16" VPOS="2563" HPOS="499"/>
                  <String HEIGHT="46"
                          WIDTH="219"
                          VPOS="2563"
                          HPOS="452"
                          CONTENT="Praeterea,"/>
                  <SP HEIGHT="46" WIDTH="16" VPOS="2563" HPOS="671"/>
                  <String HEIGHT="46"
                          WIDTH="156"
                          VPOS="2563"
                          HPOS="624"
                          CONTENT="illud,"/>
                  <SP HEIGHT="46" WIDTH="16" VPOS="2563" HPOS="780"/>
                  <String HEIGHT="46"
                          WIDTH="125"
                          VPOS="2563"
                          HPOS="733"
                          CONTENT="quod"/>
                  <SP HEIGHT="46" WIDTH="16" VPOS="2563" HPOS="858"/>
                  <String HEIGHT="46"
                          WIDTH="219"
                          VPOS="2563"
                          HPOS="811"
                          CONTENT="acquiritur"/>
                  <SP HEIGHT="46" WIDTH="16" VPOS="2563" HPOS="1030"/>
                  <String HEIGHT="46"
                          WIDTH="109"
                          VPOS="2563"
                          HPOS="983"
                          CONTENT="per"/>
                  <SP HEIGHT="46" WIDTH="16" VPOS="2563" HPOS="1093"/>
                  <String HEIGHT="46"
                          WIDTH="250"
                          VPOS="2563"
                          HPOS="1046"
                          CONTENT="frequentiam,"/>
                  <SP HEIGHT="46" WIDTH="16" VPOS="2563" HPOS="1296"/>
                  <String HEIGHT="46" WIDTH="31" VPOS="2563" HPOS="1234" CONTENT=""/>
               </TextLine>
               <TextLine ID="r1l163"
                         BASELINE="2652"
                         HEIGHT="51"
                         WIDTH="838"
                         VPOS="2601"
                         HPOS="433">
                  <String HEIGHT="51"
                          WIDTH="111"
                          VPOS="2601"
                          HPOS="417"
                          CONTENT="seu"/>
                  <SP HEIGHT="51" WIDTH="16" VPOS="2601" HPOS="528"/>
                  <String HEIGHT="51"
                          WIDTH="269"
                          VPOS="2601"
                          HPOS="480"
                          CONTENT="consuetudinem"/>
                  <SP HEIGHT="51" WIDTH="16" VPOS="2601" HPOS="749"/>
                  <String HEIGHT="51"
                          WIDTH="174"
                          VPOS="2601"
                          HPOS="702"
                          CONTENT="actuum,"/>
                  <SP HEIGHT="51" WIDTH="16" VPOS="2601" HPOS="876"/>
                  <String HEIGHT="51" WIDTH="79" VPOS="2601" HPOS="828" CONTENT="&amp;"/>
                  <SP HEIGHT="51" WIDTH="16" VPOS="2601" HPOS="907"/>
                  <String HEIGHT="51"
                          WIDTH="190"
                          VPOS="2601"
                          HPOS="860"
                          CONTENT="perditur"/>
                  <SP HEIGHT="51" WIDTH="16" VPOS="2601" HPOS="1050"/>
                  <String HEIGHT="51"
                          WIDTH="111"
                          VPOS="2601"
                          HPOS="1002"
                          CONTENT="per"/>
                  <SP HEIGHT="51" WIDTH="16" VPOS="2601" HPOS="1113"/>
                  <String HEIGHT="51"
                          WIDTH="142"
                          VPOS="2601"
                          HPOS="1065"
                          CONTENT="solam"/>
                  <SP HEIGHT="51" WIDTH="16" VPOS="2601" HPOS="1208"/>
                  <String HEIGHT="51"
                          WIDTH="126"
                          VPOS="2601"
                          HPOS="1145"
                          CONTENT="cessa"
                          SUBS_TYPE="HypPart1"
                          SUBS_CONTENT="cessationem"/>
                  <HYP CONTENT="-"/>
               </TextLine>
               <TextLine ID="r1l165"
                         BASELINE="2693"
                         HEIGHT="53"
                         WIDTH="828"
                         VPOS="2640"
                         HPOS="437">
                  <String HEIGHT="53"
                          WIDTH="145"
                          VPOS="2640"
                          HPOS="422"
                          CONTENT="tionem"
                          SUBS_TYPE="HypPart2"
                          SUBS_CONTENT="cessationem"/>
                  <SP HEIGHT="53" WIDTH="15" VPOS="2640" HPOS="568"/>
                  <String HEIGHT="53" WIDTH="87" VPOS="2640" HPOS="524" CONTENT="ab"/>
                  <SP HEIGHT="53" WIDTH="15" VPOS="2640" HPOS="611"/>
                  <String HEIGHT="53"
                          WIDTH="131"
                          VPOS="2640"
                          HPOS="568"
                          CONTENT="actu,"/>
                  <SP HEIGHT="53" WIDTH="15" VPOS="2640" HPOS="698"/>
                  <String HEIGHT="53"
                          WIDTH="102"
                          VPOS="2640"
                          HPOS="655"
                          CONTENT="non"/>
                  <SP HEIGHT="53" WIDTH="15" VPOS="2640" HPOS="757"/>
                  <String HEIGHT="53"
                          WIDTH="102"
                          VPOS="2640"
                          HPOS="713"
                          CONTENT="est"/>
                  <SP HEIGHT="53" WIDTH="15" VPOS="2640" HPOS="815"/>
                  <String HEIGHT="53"
                          WIDTH="116"
                          VPOS="2640"
                          HPOS="771"
                          CONTENT="res,"/>
                  <SP HEIGHT="53" WIDTH="15" VPOS="2640" HPOS="887"/>
                  <String HEIGHT="53"
                          WIDTH="102"
                          VPOS="2640"
                          HPOS="844"
                          CONTENT="sed"/>
                  <SP HEIGHT="53" WIDTH="15" VPOS="2640" HPOS="945"/>
                  <String HEIGHT="53"
                          WIDTH="145"
                          VPOS="2640"
                          HPOS="902"
                          CONTENT="modus:"/>
                  <SP HEIGHT="53" WIDTH="15" VPOS="2640" HPOS="1047"/>
                  <String HEIGHT="53"
                          WIDTH="160"
                          VPOS="2640"
                          HPOS="1004"
                          CONTENT="habitus"/>
                  <SP HEIGHT="53" WIDTH="15" VPOS="2640" HPOS="1163"/>
                  <String HEIGHT="53"
                          WIDTH="102"
                          VPOS="2640"
                          HPOS="1120"
                          CONTENT="est"/>
                  <SP HEIGHT="53" WIDTH="15" VPOS="2640" HPOS="1221"/>
                  <String HEIGHT="53"
                          WIDTH="102"
                          VPOS="2640"
                          HPOS="1163"
                          CONTENT="huius"/>
               </TextLine>
               <TextLine ID="r1l167"
                         BASELINE="2729"
                         HEIGHT="39"
                         WIDTH="843"
                         VPOS="2690"
                         HPOS="429">
                  <String HEIGHT="39"
                          WIDTH="146"
                          VPOS="2690"
                          HPOS="413"
                          CONTENT="modi,"/>
                  <SP HEIGHT="39" WIDTH="16" VPOS="2690" HPOS="559"/>
                  <String HEIGHT="39"
                          WIDTH="162"
                          VPOS="2690"
                          HPOS="510"
                          CONTENT="maxime"/>
                  <SP HEIGHT="39" WIDTH="16" VPOS="2690" HPOS="672"/>
                  <String HEIGHT="39"
                          WIDTH="195"
                          VPOS="2690"
                          HPOS="624"
                          CONTENT="loquendo"/>
                  <SP HEIGHT="39" WIDTH="16" VPOS="2690" HPOS="818"/>
                  <String HEIGHT="39" WIDTH="97" VPOS="2690" HPOS="769" CONTENT="de"/>
                  <SP HEIGHT="39" WIDTH="16" VPOS="2690" HPOS="867"/>
                  <String HEIGHT="39"
                          WIDTH="162"
                          VPOS="2690"
                          HPOS="818"
                          CONTENT="habitu"/>
                  <SP HEIGHT="39" WIDTH="16" VPOS="2690" HPOS="980"/>
                  <String HEIGHT="39"
                          WIDTH="227"
                          VPOS="2690"
                          HPOS="932"
                          CONTENT="acquisito."/>
                  <SP HEIGHT="39" WIDTH="16" VPOS="2690" HPOS="1159"/>
                  <String HEIGHT="39"
                          WIDTH="146"
                          VPOS="2690"
                          HPOS="1110"
                          CONTENT="Maior"/>
                  <SP HEIGHT="39" WIDTH="16" VPOS="2690" HPOS="1256"/>
                  <String HEIGHT="39"
                          WIDTH="81"
                          VPOS="2690"
                          HPOS="1191"
                          CONTENT="pa"
                          SUBS_TYPE="HypPart1"
                          SUBS_CONTENT="patet:"/>
                  <HYP CONTENT="-"/>
               </TextLine>
               <TextLine ID="r1l169"
                         BASELINE="2771"
                         HEIGHT="46"
                         WIDTH="826"
                         VPOS="2725"
                         HPOS="436">
                  <String HEIGHT="46"
                          WIDTH="125"
                          VPOS="2725"
                          HPOS="420"
                          CONTENT="tet:"
                          SUBS_TYPE="HypPart2"
                          SUBS_CONTENT="patet:"/>
                  <SP HEIGHT="46" WIDTH="16" VPOS="2725" HPOS="545"/>
                  <String HEIGHT="46"
                          WIDTH="109"
                          VPOS="2725"
                          HPOS="498"
                          CONTENT="nam"/>
                  <SP HEIGHT="46" WIDTH="16" VPOS="2725" HPOS="607"/>
                  <String HEIGHT="46"
                          WIDTH="140"
                          VPOS="2725"
                          HPOS="561"
                          CONTENT="sicut"/>
                  <SP HEIGHT="46" WIDTH="16" VPOS="2725" HPOS="701"/>
                  <String HEIGHT="46"
                          WIDTH="109"
                          VPOS="2725"
                          HPOS="654"
                          CONTENT="cum"/>
                  <SP HEIGHT="46" WIDTH="16" VPOS="2725" HPOS="763"/>
                  <String HEIGHT="46"
                          WIDTH="140"
                          VPOS="2725"
                          HPOS="717"
                          CONTENT="equus"/>
                  <SP HEIGHT="46" WIDTH="16" VPOS="2725" HPOS="857"/>
                  <String HEIGHT="46"
                          WIDTH="203"
                          VPOS="2725"
                          HPOS="810"
                          CONTENT="inducitur"/>
                  <SP HEIGHT="46" WIDTH="16" VPOS="2725" HPOS="1013"/>
                  <String HEIGHT="46" WIDTH="94" VPOS="2725" HPOS="966" CONTENT="ad"/>
                  <SP HEIGHT="46" WIDTH="16" VPOS="2725" HPOS="1059"/>
                  <String HEIGHT="46"
                          WIDTH="125"
                          VPOS="2725"
                          HPOS="1013"
                          CONTENT="hoc,"/>
                  <SP HEIGHT="46" WIDTH="16" VPOS="2725" HPOS="1137"/>
                  <String HEIGHT="46" WIDTH="94" VPOS="2725" HPOS="1091" CONTENT="vt"/>
                  <SP HEIGHT="46" WIDTH="16" VPOS="2725" HPOS="1184"/>
                  <String HEIGHT="46"
                          WIDTH="140"
                          VPOS="2725"
                          HPOS="1122"
                          CONTENT="ambulet"/>
               </TextLine>
               <TextLine ID="r1l172"
                         BASELINE="2810"
                         HEIGHT="42"
                         WIDTH="831"
                         VPOS="2768"
                         HPOS="436">
                  <String HEIGHT="42"
                          WIDTH="110"
                          VPOS="2768"
                          HPOS="420"
                          CONTENT="non"/>
                  <SP HEIGHT="42" WIDTH="16" VPOS="2768" HPOS="530"/>
                  <String HEIGHT="42"
                          WIDTH="110"
                          VPOS="2768"
                          HPOS="483"
                          CONTENT="fit"/>
                  <SP HEIGHT="42" WIDTH="16" VPOS="2768" HPOS="593"/>
                  <String HEIGHT="42" WIDTH="94" VPOS="2768" HPOS="546" CONTENT="in"/>
                  <SP HEIGHT="42" WIDTH="16" VPOS="2768" HPOS="640"/>
                  <String HEIGHT="42"
                          WIDTH="125"
                          VPOS="2768"
                          HPOS="593"
                          CONTENT="equo"/>
                  <SP HEIGHT="42" WIDTH="16" VPOS="2768" HPOS="718"/>
                  <String HEIGHT="42"
                          WIDTH="157"
                          VPOS="2768"
                          HPOS="671"
                          CONTENT="aliqua"/>
                  <SP HEIGHT="42" WIDTH="16" VPOS="2768" HPOS="828"/>
                  <String HEIGHT="42"
                          WIDTH="110"
                          VPOS="2768"
                          HPOS="781"
                          CONTENT="res"/>
                  <SP HEIGHT="42" WIDTH="16" VPOS="2768" HPOS="891"/>
                  <String HEIGHT="42"
                          WIDTH="204"
                          VPOS="2768"
                          HPOS="844"
                          CONTENT="absoluta,"/>
                  <SP HEIGHT="42" WIDTH="16" VPOS="2768" HPOS="1047"/>
                  <String HEIGHT="42"
                          WIDTH="110"
                          VPOS="2768"
                          HPOS="1000"
                          CONTENT="sed"/>
                  <SP HEIGHT="42" WIDTH="16" VPOS="2768" HPOS="1110"/>
                  <String HEIGHT="42"
                          WIDTH="141"
                          VPOS="2768"
                          HPOS="1063"
                          CONTENT="solum"/>
                  <SP HEIGHT="42" WIDTH="16" VPOS="2768" HPOS="1204"/>
                  <String HEIGHT="42"
                          WIDTH="125"
                          VPOS="2768"
                          HPOS="1142"
                          CONTENT="quidan"/>
               </TextLine>
               <TextLine ID="r1l175"
                         BASELINE="2848"
                         HEIGHT="42"
                         WIDTH="833"
                         VPOS="2806"
                         HPOS="447">
                  <String HEIGHT="42"
                          WIDTH="129"
                          VPOS="2806"
                          HPOS="433"
                          CONTENT="modus"/>
                  <SP HEIGHT="42" WIDTH="14" VPOS="2806" HPOS="562"/>
                  <String HEIGHT="42"
                          WIDTH="287"
                          VPOS="2806"
                          HPOS="519"
                          CONTENT="consuetudinalis:"/>
                  <SP HEIGHT="42" WIDTH="14" VPOS="2806" HPOS="806"/>
                  <String HEIGHT="42"
                          WIDTH="101"
                          VPOS="2806"
                          HPOS="763"
                          CONTENT="sic"/>
                  <SP HEIGHT="42" WIDTH="14" VPOS="2806" HPOS="864"/>
                  <String HEIGHT="42" WIDTH="86" VPOS="2806" HPOS="820" CONTENT="ex"/>
                  <SP HEIGHT="42" WIDTH="14" VPOS="2806" HPOS="907"/>
                  <String HEIGHT="42"
                          WIDTH="101"
                          VPOS="2806"
                          HPOS="864"
                          CONTENT="eo,"/>
                  <SP HEIGHT="42" WIDTH="14" VPOS="2806" HPOS="964"/>
                  <String HEIGHT="42"
                          WIDTH="115"
                          VPOS="2806"
                          HPOS="921"
                          CONTENT="quod"/>
                  <SP HEIGHT="42" WIDTH="14" VPOS="2806" HPOS="1036"/>
                  <String HEIGHT="42"
                          WIDTH="101"
                          VPOS="2806"
                          HPOS="993"
                          CONTENT="fit"/>
                  <SP HEIGHT="42" WIDTH="14" VPOS="2806" HPOS="1093"/>
                  <String HEIGHT="42" WIDTH="86" VPOS="2806" HPOS="1050" CONTENT="in"/>
                  <SP HEIGHT="42" WIDTH="14" VPOS="2806" HPOS="1136"/>
                  <String HEIGHT="42"
                          WIDTH="129"
                          VPOS="2806"
                          HPOS="1093"
                          CONTENT="nobis"/>
                  <SP HEIGHT="42" WIDTH="14" VPOS="2806" HPOS="1223"/>
                  <String HEIGHT="42"
                          WIDTH="115"
                          VPOS="2806"
                          HPOS="1165"
                          CONTENT="aliqua"/>
               </TextLine>
               <TextLine ID="r1l176"
                         BASELINE="2892"
                         HEIGHT="49"
                         WIDTH="829"
                         VPOS="2843"
                         HPOS="441">
                  <String HEIGHT="49"
                          WIDTH="199"
                          VPOS="2843"
                          HPOS="424"
                          CONTENT="pronitas"/>
                  <SP HEIGHT="49" WIDTH="17" VPOS="2843" HPOS="623"/>
                  <String HEIGHT="49" WIDTH="99" VPOS="2843" HPOS="574" CONTENT="ad"/>
                  <SP HEIGHT="49" WIDTH="17" VPOS="2843" HPOS="673"/>
                  <String HEIGHT="49"
                          WIDTH="149"
                          VPOS="2843"
                          HPOS="623"
                          CONTENT="bene,"/>
                  <SP HEIGHT="49" WIDTH="17" VPOS="2843" HPOS="773"/>
                  <String HEIGHT="49"
                          WIDTH="116"
                          VPOS="2843"
                          HPOS="723"
                          CONTENT="vel"/>
                  <SP HEIGHT="49" WIDTH="17" VPOS="2843" HPOS="839"/>
                  <String HEIGHT="49"
                          WIDTH="133"
                          VPOS="2843"
                          HPOS="789"
                          CONTENT="male"/>
                  <SP HEIGHT="49" WIDTH="17" VPOS="2843" HPOS="922"/>
                  <String HEIGHT="49"
                          WIDTH="182"
                          VPOS="2843"
                          HPOS="872"
                          CONTENT="agendum"/>
                  <SP HEIGHT="49" WIDTH="17" VPOS="2843" HPOS="1054"/>
                  <String HEIGHT="49" WIDTH="99" VPOS="2843" HPOS="1005" CONTENT="ex"/>
                  <SP HEIGHT="49" WIDTH="17" VPOS="2843" HPOS="1104"/>
                  <String HEIGHT="49"
                          WIDTH="232"
                          VPOS="2843"
                          HPOS="1038"
                          CONTENT="consuetudins"/>
               </TextLine>
               <TextLine ID="r1l179"
                         BASELINE="2925"
                         HEIGHT="49"
                         WIDTH="837"
                         VPOS="2876"
                         HPOS="434">
                  <String HEIGHT="49"
                          WIDTH="164"
                          VPOS="2876"
                          HPOS="418"
                          CONTENT="actuum"/>
                  <SP HEIGHT="49" WIDTH="16" VPOS="2876" HPOS="582"/>
                  <String HEIGHT="49"
                          WIDTH="197"
                          VPOS="2876"
                          HPOS="532"
                          CONTENT="bonorum,"/>
                  <SP HEIGHT="49" WIDTH="16" VPOS="2876" HPOS="729"/>
                  <String HEIGHT="49"
                          WIDTH="115"
                          VPOS="2876"
                          HPOS="680"
                          CONTENT="vel"/>
                  <SP HEIGHT="49" WIDTH="16" VPOS="2876" HPOS="795"/>
                  <String HEIGHT="49"
                          WIDTH="197"
                          VPOS="2876"
                          HPOS="746"
                          CONTENT="malorum,"/>
                  <SP HEIGHT="49" WIDTH="16" VPOS="2876" HPOS="943"/>
                  <String HEIGHT="49"
                          WIDTH="115"
                          VPOS="2876"
                          HPOS="894"
                          CONTENT="non"/>
                  <SP HEIGHT="49" WIDTH="16" VPOS="2876" HPOS="1008"/>
                  <String HEIGHT="49"
                          WIDTH="230"
                          VPOS="2876"
                          HPOS="959"
                          CONTENT="acquiritur"/>
                  <SP HEIGHT="49" WIDTH="16" VPOS="2876" HPOS="1189"/>
                  <String HEIGHT="49" WIDTH="98" VPOS="2876" HPOS="1140" CONTENT="in"/>
                  <SP HEIGHT="49" WIDTH="16" VPOS="2876" HPOS="1238"/>
                  <String HEIGHT="49"
                          WIDTH="98"
                          VPOS="2876"
                          HPOS="1173"
                          CONTENT="nobi"/>
               </TextLine>
               <TextLine ID="r1l185"
                         BASELINE="2962"
                         HEIGHT="49"
                         WIDTH="313"
                         VPOS="2913"
                         HPOS="442">
                  <String HEIGHT="49"
                          WIDTH="167"
                          VPOS="2913"
                          HPOS="421"
                          CONTENT="res,"/>
                  <SP HEIGHT="49" WIDTH="21" VPOS="2913" HPOS="588"/>
                  <String HEIGHT="49"
                          WIDTH="146"
                          VPOS="2913"
                          HPOS="525"
                          CONTENT="sed"/>
                  <SP HEIGHT="49" WIDTH="21" VPOS="2913" HPOS="672"/>
                  <String HEIGHT="49"
                          WIDTH="167"
                          VPOS="2913"
                          HPOS="588"
                          CONTENT="modus."/>
               </TextLine>
               <TextLine ID="r1l187"
                         BASELINE="3001"
                         HEIGHT="45"
                         WIDTH="826"
                         VPOS="2956"
                         HPOS="436">
                  <String HEIGHT="45"
                          WIDTH="109"
                          VPOS="2956"
                          HPOS="420"
                          CONTENT="Sed"/>
                  <SP HEIGHT="45" WIDTH="16" VPOS="2956" HPOS="530"/>
                  <String HEIGHT="45"
                          WIDTH="109"
                          VPOS="2956"
                          HPOS="483"
                          CONTENT="nec"/>
                  <SP HEIGHT="45" WIDTH="16" VPOS="2956" HPOS="592"/>
                  <String HEIGHT="45"
                          WIDTH="140"
                          VPOS="2956"
                          HPOS="545"
                          CONTENT="illud"/>
                  <SP HEIGHT="45" WIDTH="16" VPOS="2956" HPOS="685"/>
                  <String HEIGHT="45"
                          WIDTH="156"
                          VPOS="2956"
                          HPOS="639"
                          CONTENT="valet."/>
                  <SP HEIGHT="45" WIDTH="16" VPOS="2956" HPOS="794"/>
                  <String HEIGHT="45" WIDTH="78" VPOS="2956" HPOS="748" CONTENT="1"/>
                  <SP HEIGHT="45" WIDTH="16" VPOS="2956" HPOS="826"/>
                  <String HEIGHT="45"
                          WIDTH="125"
                          VPOS="2956"
                          HPOS="779"
                          CONTENT="Quia"/>
                  <SP HEIGHT="45" WIDTH="16" VPOS="2956" HPOS="904"/>
                  <String HEIGHT="45"
                          WIDTH="156"
                          VPOS="2956"
                          HPOS="857"
                          CONTENT="(sicut"/>
                  <SP HEIGHT="45" WIDTH="16" VPOS="2956" HPOS="1013"/>
                  <String HEIGHT="45"
                          WIDTH="187"
                          VPOS="2956"
                          HPOS="966"
                          CONTENT="superius"/>
                  <SP HEIGHT="45" WIDTH="16" VPOS="2956" HPOS="1153"/>
                  <String HEIGHT="45"
                          WIDTH="171"
                          VPOS="2956"
                          HPOS="1091"
                          CONTENT="declaraui"/>
               </TextLine>
               <TextLine ID="r1l191"
                         BASELINE="3045"
                         HEIGHT="44"
                         WIDTH="821"
                         VPOS="3001"
                         HPOS="453">
                  <String HEIGHT="44"
                          WIDTH="130"
                          VPOS="3001"
                          HPOS="439"
                          CONTENT="modus"/>
                  <SP HEIGHT="44" WIDTH="14" VPOS="3001" HPOS="568"/>
                  <String HEIGHT="44"
                          WIDTH="101"
                          VPOS="3001"
                          HPOS="525"
                          CONTENT="non"/>
                  <SP HEIGHT="44" WIDTH="14" VPOS="3001" HPOS="626"/>
                  <String HEIGHT="44"
                          WIDTH="158"
                          VPOS="3001"
                          HPOS="583"
                          CONTENT="differt"/>
                  <SP HEIGHT="44" WIDTH="14" VPOS="3001" HPOS="741"/>
                  <String HEIGHT="44"
                          WIDTH="173"
                          VPOS="3001"
                          HPOS="698"
                          CONTENT="realiter"/>
                  <SP HEIGHT="44" WIDTH="14" VPOS="3001" HPOS="871"/>
                  <String HEIGHT="44" WIDTH="86" VPOS="3001" HPOS="827" CONTENT="ab"/>
                  <SP HEIGHT="44" WIDTH="14" VPOS="3001" HPOS="914"/>
                  <String HEIGHT="44"
                          WIDTH="101"
                          VPOS="3001"
                          HPOS="871"
                          CONTENT="eo,"/>
                  <SP HEIGHT="44" WIDTH="14" VPOS="3001" HPOS="972"/>
                  <String HEIGHT="44"
                          WIDTH="130"
                          VPOS="3001"
                          HPOS="928"
                          CONTENT="cuius"/>
                  <SP HEIGHT="44" WIDTH="14" VPOS="3001" HPOS="1058"/>
                  <String HEIGHT="44"
                          WIDTH="101"
                          VPOS="3001"
                          HPOS="1015"
                          CONTENT="est"/>
                  <SP HEIGHT="44" WIDTH="14" VPOS="3001" HPOS="1116"/>
                  <String HEIGHT="44"
                          WIDTH="144"
                          VPOS="3001"
                          HPOS="1072"
                          CONTENT="modus,"/>
                  <SP HEIGHT="44" WIDTH="14" VPOS="3001" HPOS="1216"/>
                  <String HEIGHT="44"
                          WIDTH="101"
                          VPOS="3001"
                          HPOS="1173"
                          CONTENT="sed"/>
                  <SP HEIGHT="44" WIDTH="14" VPOS="3001" HPOS="1274"/>
                  <String HEIGHT="44" WIDTH="58" VPOS="3001" HPOS="1216" CONTENT="ha"/>
               </TextLine>
               <TextLine ID="r1l194"
                         BASELINE="3078"
                         HEIGHT="47"
                         WIDTH="839"
                         VPOS="3031"
                         HPOS="434">
                  <String HEIGHT="47"
                          WIDTH="126"
                          VPOS="3031"
                          HPOS="420"
                          CONTENT="bitus"/>
                  <SP HEIGHT="47" WIDTH="14" VPOS="3031" HPOS="546"/>
                  <String HEIGHT="47"
                          WIDTH="154"
                          VPOS="3031"
                          HPOS="504"
                          CONTENT="differt"/>
                  <SP HEIGHT="47" WIDTH="14" VPOS="3031" HPOS="658"/>
                  <String HEIGHT="47"
                          WIDTH="168"
                          VPOS="3031"
                          HPOS="616"
                          CONTENT="realiter"/>
                  <SP HEIGHT="47" WIDTH="14" VPOS="3031" HPOS="784"/>
                  <String HEIGHT="47" WIDTH="70" VPOS="3031" HPOS="742" CONTENT="a"/>
                  <SP HEIGHT="47" WIDTH="14" VPOS="3031" HPOS="812"/>
                  <String HEIGHT="47"
                          WIDTH="182"
                          VPOS="3031"
                          HPOS="770"
                          CONTENT="potentia,"/>
                  <SP HEIGHT="47" WIDTH="14" VPOS="3031" HPOS="951"/>
                  <String HEIGHT="47"
                          WIDTH="126"
                          VPOS="3031"
                          HPOS="909"
                          CONTENT="cuius"/>
                  <SP HEIGHT="47" WIDTH="14" VPOS="3031" HPOS="1035"/>
                  <String HEIGHT="47" WIDTH="98" VPOS="3031" HPOS="993" CONTENT="est"/>
                  <SP HEIGHT="47" WIDTH="14" VPOS="3031" HPOS="1091"/>
                  <String HEIGHT="47"
                          WIDTH="168"
                          VPOS="3031"
                          HPOS="1049"
                          CONTENT="habitus:"/>
                  <SP HEIGHT="47" WIDTH="14" VPOS="3031" HPOS="1217"/>
                  <String HEIGHT="47"
                          WIDTH="112"
                          VPOS="3031"
                          HPOS="1161"
                          CONTENT="scien"
                          SUBS_TYPE="HypPart1"
                          SUBS_CONTENT="scientia"/>
                  <HYP CONTENT="-"/>
               </TextLine>
               <TextLine ID="r1l196"
                         BASELINE="3137"
                         HEIGHT="61"
                         WIDTH="615"
                         VPOS="3076"
                         HPOS="442">
                  <String HEIGHT="61"
                          WIDTH="108"
                          VPOS="3076"
                          HPOS="427"
                          CONTENT="tia"
                          SUBS_TYPE="HypPart2"
                          SUBS_CONTENT="scientia"/>
                  <SP HEIGHT="61" WIDTH="15" VPOS="3076" HPOS="534"/>
                  <String HEIGHT="61"
                          WIDTH="123"
                          VPOS="3076"
                          HPOS="488"
                          CONTENT="enim"/>
                  <SP HEIGHT="61" WIDTH="15" VPOS="3076" HPOS="611"/>
                  <String HEIGHT="61"
                          WIDTH="108"
                          VPOS="3076"
                          HPOS="565"
                          CONTENT="non"/>
                  <SP HEIGHT="61" WIDTH="15" VPOS="3076" HPOS="673"/>
                  <String HEIGHT="61"
                          WIDTH="108"
                          VPOS="3076"
                          HPOS="627"
                          CONTENT="est"/>
                  <SP HEIGHT="61" WIDTH="15" VPOS="3076" HPOS="734"/>
                  <String HEIGHT="61"
                          WIDTH="138"
                          VPOS="3076"
                          HPOS="688"
                          CONTENT="eadem"/>
                  <SP HEIGHT="61" WIDTH="15" VPOS="3076" HPOS="826"/>
                  <String HEIGHT="61"
                          WIDTH="123"
                          VPOS="3076"
                          HPOS="780"
                          CONTENT="quod"/>
                  <SP HEIGHT="61" WIDTH="15" VPOS="3076" HPOS="903"/>
                  <String HEIGHT="61"
                          WIDTH="215"
                          VPOS="3076"
                          HPOS="842"
                          CONTENT="intellectus."/>
               </TextLine>
            </TextBlock>
            <TextBlock ID="TextRegion_1603043269156_4142"
                       HEIGHT="2967"
                       WIDTH="912"
                       VPOS="193"
                       HPOS="1267">
               <Shape>
                  <Polygon POINTS="1267,193 2152,193 2177,2901 2179,3160 1298,3160 1296,2945"/>
               </Shape>
               <TextLine ID="r1l5"
                         BASELINE="302"
                         HEIGHT="59"
                         WIDTH="857"
                         VPOS="243"
                         HPOS="1293">
                  <String HEIGHT="59" WIDTH="82" VPOS="243" HPOS="1277" CONTENT="2"/>
                  <SP HEIGHT="59" WIDTH="16" VPOS="243" HPOS="1359"/>
                  <String HEIGHT="59"
                          WIDTH="231"
                          VPOS="243"
                          HPOS="1309"
                          CONTENT="Praeterea,"/>
                  <SP HEIGHT="59" WIDTH="16" VPOS="243" HPOS="1540"/>
                  <String HEIGHT="59" WIDTH="99" VPOS="243" HPOS="1491" CONTENT="si"/>
                  <SP HEIGHT="59" WIDTH="16" VPOS="243" HPOS="1590"/>
                  <String HEIGHT="59"
                          WIDTH="181"
                          VPOS="243"
                          HPOS="1540"
                          CONTENT="habitus"/>
                  <SP HEIGHT="59" WIDTH="16" VPOS="243" HPOS="1722"/>
                  <String HEIGHT="59"
                          WIDTH="165"
                          VPOS="243"
                          HPOS="1672"
                          CONTENT="essent"/>
                  <SP HEIGHT="59" WIDTH="16" VPOS="243" HPOS="1837"/>
                  <String HEIGHT="59"
                          WIDTH="148"
                          VPOS="243"
                          HPOS="1787"
                          CONTENT="modi,"/>
                  <SP HEIGHT="59" WIDTH="16" VPOS="243" HPOS="1936"/>
                  <String HEIGHT="59" WIDTH="82" VPOS="243" HPOS="1886" CONTENT="&amp;"/>
                  <SP HEIGHT="59" WIDTH="16" VPOS="243" HPOS="1969"/>
                  <String HEIGHT="59"
                          WIDTH="115"
                          VPOS="243"
                          HPOS="1919"
                          CONTENT="non"/>
                  <SP HEIGHT="59" WIDTH="16" VPOS="243" HPOS="2035"/>
                  <String HEIGHT="59"
                          WIDTH="132"
                          VPOS="243"
                          HPOS="1985"
                          CONTENT="res,"/>
                  <SP HEIGHT="59" WIDTH="16" VPOS="243" HPOS="2117"/>
                  <String HEIGHT="59"
                          WIDTH="99"
                          VPOS="243"
                          HPOS="2051"
                          CONTENT="tune"/>
               </TextLine>
               <TextLine ID="r1l7"
                         BASELINE="341"
                         HEIGHT="52"
                         WIDTH="839"
                         VPOS="289"
                         HPOS="1309">
                  <String HEIGHT="52"
                          WIDTH="171"
                          VPOS="289"
                          HPOS="1293"
                          CONTENT="cientia"/>
                  <SP HEIGHT="52" WIDTH="16" VPOS="289" HPOS="1464"/>
                  <String HEIGHT="52"
                          WIDTH="171"
                          VPOS="289"
                          HPOS="1418"
                          CONTENT="moralis"/>
                  <SP HEIGHT="52" WIDTH="16" VPOS="289" HPOS="1589"/>
                  <String HEIGHT="52"
                          WIDTH="140"
                          VPOS="289"
                          HPOS="1542"
                          CONTENT="esset"/>
                  <SP HEIGHT="52" WIDTH="16" VPOS="289" HPOS="1682"/>
                  <String HEIGHT="52" WIDTH="93" VPOS="289" HPOS="1635" CONTENT="de"/>
                  <SP HEIGHT="52" WIDTH="16" VPOS="289" HPOS="1729"/>
                  <String HEIGHT="52"
                          WIDTH="140"
                          VPOS="289"
                          HPOS="1682"
                          CONTENT="modis"/>
                  <SP HEIGHT="52" WIDTH="16" VPOS="289" HPOS="1822"/>
                  <String HEIGHT="52"
                          WIDTH="171"
                          VPOS="289"
                          HPOS="1775"
                          CONTENT="tantum,"/>
                  <SP HEIGHT="52" WIDTH="16" VPOS="289" HPOS="1946"/>
                  <String HEIGHT="52"
                          WIDTH="109"
                          VPOS="289"
                          HPOS="1899"
                          CONTENT="cum"/>
                  <SP HEIGHT="52" WIDTH="16" VPOS="289" HPOS="2008"/>
                  <String HEIGHT="52"
                          WIDTH="124"
                          VPOS="289"
                          HPOS="1962"
                          CONTENT="tota"/>
                  <SP HEIGHT="52" WIDTH="16" VPOS="289" HPOS="2086"/>
                  <String HEIGHT="52"
                          WIDTH="109"
                          VPOS="289"
                          HPOS="2039"
                          CONTENT="sit"/>
                  <SP HEIGHT="52" WIDTH="16" VPOS="289" HPOS="2148"/>
                  <String HEIGHT="52" WIDTH="62" VPOS="289" HPOS="2086" CONTENT="de"/>
               </TextLine>
               <TextLine ID="r1l10"
                         BASELINE="383"
                         HEIGHT="52"
                         WIDTH="164"
                         VPOS="331"
                         HPOS="1290">
                  <String HEIGHT="52"
                          WIDTH="200"
                          VPOS="331"
                          HPOS="1254"
                          CONTENT="habitibus"/>
               </TextLine>
               <TextLine ID="r1l13"
                         BASELINE="422"
                         HEIGHT="55"
                         WIDTH="848"
                         VPOS="367"
                         HPOS="1305">
                  <String HEIGHT="55" WIDTH="82" VPOS="367" HPOS="1289" CONTENT="3"/>
                  <SP HEIGHT="55" WIDTH="16" VPOS="367" HPOS="1370"/>
                  <String HEIGHT="55"
                          WIDTH="228"
                          VPOS="367"
                          HPOS="1321"
                          CONTENT="Praeterea,"/>
                  <SP HEIGHT="55" WIDTH="16" VPOS="367" HPOS="1550"/>
                  <String HEIGHT="55"
                          WIDTH="130"
                          VPOS="367"
                          HPOS="1501"
                          CONTENT="quod"/>
                  <SP HEIGHT="55" WIDTH="16" VPOS="367" HPOS="1631"/>
                  <String HEIGHT="55"
                          WIDTH="114"
                          VPOS="367"
                          HPOS="1582"
                          CONTENT="per"/>
                  <SP HEIGHT="55" WIDTH="16" VPOS="367" HPOS="1696"/>
                  <String HEIGHT="55" WIDTH="98" VPOS="367" HPOS="1647" CONTENT="se"/>
                  <SP HEIGHT="55" WIDTH="16" VPOS="367" HPOS="1745"/>
                  <String HEIGHT="55"
                          WIDTH="147"
                          VPOS="367"
                          HPOS="1696"
                          CONTENT="dicit"/>
                  <SP HEIGHT="55" WIDTH="16" VPOS="367" HPOS="1843"/>
                  <String HEIGHT="55"
                          WIDTH="228"
                          VPOS="367"
                          HPOS="1794"
                          CONTENT="bonitatem,"/>
                  <SP HEIGHT="55" WIDTH="16" VPOS="367" HPOS="2023"/>
                  <String HEIGHT="55"
                          WIDTH="114"
                          VPOS="367"
                          HPOS="1974"
                          CONTENT="hoc"/>
                  <SP HEIGHT="55" WIDTH="16" VPOS="367" HPOS="2088"/>
                  <String HEIGHT="55"
                          WIDTH="114"
                          VPOS="367"
                          HPOS="2039"
                          CONTENT="per"/>
                  <SP HEIGHT="55" WIDTH="16" VPOS="367" HPOS="2153"/>
                  <String HEIGHT="55" WIDTH="65" VPOS="367" HPOS="2088" CONTENT="se"/>
               </TextLine>
               <TextLine ID="r1l16"
                         BASELINE="453"
                         HEIGHT="45"
                         WIDTH="855"
                         VPOS="408"
                         HPOS="1290">
                  <String HEIGHT="45"
                          WIDTH="148"
                          VPOS="408"
                          HPOS="1274"
                          CONTENT="dicit"/>
                  <SP HEIGHT="45" WIDTH="16" VPOS="408" HPOS="1422"/>
                  <String HEIGHT="45"
                          WIDTH="230"
                          VPOS="408"
                          HPOS="1372"
                          CONTENT="entitatem:"/>
                  <SP HEIGHT="45" WIDTH="16" VPOS="408" HPOS="1602"/>
                  <String HEIGHT="45"
                          WIDTH="115"
                          VPOS="408"
                          HPOS="1553"
                          CONTENT="nam"/>
                  <SP HEIGHT="45" WIDTH="16" VPOS="408" HPOS="1668"/>
                  <String HEIGHT="45"
                          WIDTH="115"
                          VPOS="408"
                          HPOS="1619"
                          CONTENT="cum"/>
                  <SP HEIGHT="45" WIDTH="16" VPOS="408" HPOS="1734"/>
                  <String HEIGHT="45"
                          WIDTH="164"
                          VPOS="408"
                          HPOS="1685"
                          CONTENT="bonum,"/>
                  <SP HEIGHT="45" WIDTH="16" VPOS="408" HPOS="1849"/>
                  <String HEIGHT="45" WIDTH="82" VPOS="408" HPOS="1800" CONTENT="&amp;"/>
                  <SP HEIGHT="45" WIDTH="16" VPOS="408" HPOS="1882"/>
                  <String HEIGHT="45"
                          WIDTH="115"
                          VPOS="408"
                          HPOS="1833"
                          CONTENT="ens"/>
                  <SP HEIGHT="45" WIDTH="16" VPOS="408" HPOS="1948"/>
                  <String HEIGHT="45"
                          WIDTH="280"
                          VPOS="408"
                          HPOS="1898"
                          CONTENT="conuertantur,"/>
                  <SP HEIGHT="45" WIDTH="16" VPOS="408" HPOS="2178"/>
                  <String HEIGHT="45" WIDTH="33" VPOS="408" HPOS="2112" CONTENT=""/>
               </TextLine>
               <TextLine ID="r1l19"
                         BASELINE="494"
                         HEIGHT="46"
                         WIDTH="842"
                         VPOS="448"
                         HPOS="1292">
                  <String HEIGHT="46"
                          WIDTH="248"
                          VPOS="448"
                          HPOS="1275"
                          CONTENT="vnumquodque"/>
                  <SP HEIGHT="46" WIDTH="17" VPOS="448" HPOS="1523"/>
                  <String HEIGHT="46"
                          WIDTH="165"
                          VPOS="448"
                          HPOS="1474"
                          CONTENT="tantum"/>
                  <SP HEIGHT="46" WIDTH="17" VPOS="448" HPOS="1639"/>
                  <String HEIGHT="46"
                          WIDTH="149"
                          VPOS="448"
                          HPOS="1589"
                          CONTENT="dicit"/>
                  <SP HEIGHT="46" WIDTH="17" VPOS="448" HPOS="1738"/>
                  <String HEIGHT="46" WIDTH="99" VPOS="448" HPOS="1688" CONTENT="do"/>
                  <SP HEIGHT="46" WIDTH="17" VPOS="448" HPOS="1787"/>
                  <String HEIGHT="46"
                          WIDTH="215"
                          VPOS="448"
                          HPOS="1738"
                          CONTENT="entitate,"/>
                  <SP HEIGHT="46" WIDTH="17" VPOS="448" HPOS="1952"/>
                  <String HEIGHT="46"
                          WIDTH="182"
                          VPOS="448"
                          HPOS="1903"
                          CONTENT="quantum"/>
                  <SP HEIGHT="46" WIDTH="17" VPOS="448" HPOS="2084"/>
                  <String HEIGHT="46"
                          WIDTH="116"
                          VPOS="448"
                          HPOS="2018"
                          CONTENT="dicij"/>
               </TextLine>
               <TextLine ID="r1l22"
                         BASELINE="535"
                         HEIGHT="46"
                         WIDTH="847"
                         VPOS="489"
                         HPOS="1295">
                  <String HEIGHT="46" WIDTH="88" VPOS="489" HPOS="1280" CONTENT="de"/>
                  <SP HEIGHT="46" WIDTH="15" VPOS="489" HPOS="1368"/>
                  <String HEIGHT="46"
                          WIDTH="190"
                          VPOS="489"
                          HPOS="1324"
                          CONTENT="bonitate:"/>
                  <SP HEIGHT="46" WIDTH="15" VPOS="489" HPOS="1514"/>
                  <String HEIGHT="46"
                          WIDTH="102"
                          VPOS="489"
                          HPOS="1470"
                          CONTENT="sed"/>
                  <SP HEIGHT="46" WIDTH="15" VPOS="489" HPOS="1572"/>
                  <String HEIGHT="46"
                          WIDTH="161"
                          VPOS="489"
                          HPOS="1529"
                          CONTENT="habitus"/>
                  <SP HEIGHT="46" WIDTH="15" VPOS="489" HPOS="1689"/>
                  <String HEIGHT="46"
                          WIDTH="146"
                          VPOS="489"
                          HPOS="1645"
                          CONTENT="saltem"/>
                  <SP HEIGHT="46" WIDTH="15" VPOS="489" HPOS="1792"/>
                  <String HEIGHT="46"
                          WIDTH="175"
                          VPOS="489"
                          HPOS="1748"
                          CONTENT="virtuosi"/>
                  <SP HEIGHT="46" WIDTH="15" VPOS="489" HPOS="1923"/>
                  <String HEIGHT="46"
                          WIDTH="146"
                          VPOS="489"
                          HPOS="1879"
                          CONTENT="dicunt"/>
                  <SP HEIGHT="46" WIDTH="15" VPOS="489" HPOS="2025"/>
                  <String HEIGHT="46"
                          WIDTH="102"
                          VPOS="489"
                          HPOS="1981"
                          CONTENT="per"/>
                  <SP HEIGHT="46" WIDTH="15" VPOS="489" HPOS="2084"/>
                  <String HEIGHT="46" WIDTH="88" VPOS="489" HPOS="2040" CONTENT="se"/>
                  <SP HEIGHT="46" WIDTH="15" VPOS="489" HPOS="2127"/>
                  <String HEIGHT="46"
                          WIDTH="73"
                          VPOS="489"
                          HPOS="2069"
                          CONTENT="bo"
                          SUBS_TYPE="HypPart1"
                          SUBS_CONTENT="bonitatem:"/>
                  <HYP CONTENT="-"/>
               </TextLine>
               <TextLine ID="r1l24"
                         BASELINE="575"
                         HEIGHT="44"
                         WIDTH="834"
                         VPOS="531"
                         HPOS="1305">
                  <String HEIGHT="44"
                          WIDTH="170"
                          VPOS="531"
                          HPOS="1291"
                          CONTENT="nitatem:"
                          SUBS_TYPE="HypPart2"
                          SUBS_CONTENT="bonitatem:"/>
                  <SP HEIGHT="44" WIDTH="14" VPOS="531" HPOS="1460"/>
                  <String HEIGHT="44"
                          WIDTH="113"
                          VPOS="531"
                          HPOS="1418"
                          CONTENT="quia"/>
                  <SP HEIGHT="44" WIDTH="14" VPOS="531" HPOS="1531"/>
                  <String HEIGHT="44"
                          WIDTH="170"
                          VPOS="531"
                          HPOS="1489"
                          CONTENT="virtures"/>
                  <SP HEIGHT="44" WIDTH="14" VPOS="531" HPOS="1658"/>
                  <String HEIGHT="44" WIDTH="99" VPOS="531" HPOS="1616" CONTENT="per"/>
                  <SP HEIGHT="44" WIDTH="14" VPOS="531" HPOS="1715"/>
                  <String HEIGHT="44" WIDTH="85" VPOS="531" HPOS="1673" CONTENT="se"/>
                  <SP HEIGHT="44" WIDTH="14" VPOS="531" HPOS="1757"/>
                  <String HEIGHT="44"
                          WIDTH="113"
                          VPOS="531"
                          HPOS="1715"
                          CONTENT="sunt"/>
                  <SP HEIGHT="44" WIDTH="14" VPOS="531" HPOS="1828"/>
                  <String HEIGHT="44"
                          WIDTH="212"
                          VPOS="531"
                          HPOS="1786"
                          CONTENT="diligendae,"/>
                  <SP HEIGHT="44" WIDTH="14" VPOS="531" HPOS="1998"/>
                  <String HEIGHT="44" WIDTH="85" VPOS="531" HPOS="1955" CONTENT="vt"/>
                  <SP HEIGHT="44" WIDTH="14" VPOS="531" HPOS="2040"/>
                  <String HEIGHT="44"
                          WIDTH="127"
                          VPOS="531"
                          HPOS="1998"
                          CONTENT="patet"/>
                  <SP HEIGHT="44" WIDTH="14" VPOS="531" HPOS="2125"/>
                  <String HEIGHT="44" WIDTH="71" VPOS="531" HPOS="2068" CONTENT="per"/>
               </TextLine>
               <TextLine ID="r1l26"
                         BASELINE="618"
                         HEIGHT="53"
                         WIDTH="554"
                         VPOS="565"
                         HPOS="1286">
                  <String HEIGHT="53"
                          WIDTH="287"
                          VPOS="565"
                          HPOS="1265"
                          CONTENT="Magistrum."/>
                  <SP HEIGHT="53" WIDTH="21" VPOS="565" HPOS="1553"/>
                  <String HEIGHT="53" WIDTH="123" VPOS="565" HPOS="1491" CONTENT="1."/>
                  <SP HEIGHT="53" WIDTH="21" VPOS="565" HPOS="1614"/>
                  <String HEIGHT="53"
                          WIDTH="164"
                          VPOS="565"
                          HPOS="1553"
                          CONTENT="lib."/>
                  <SP HEIGHT="53" WIDTH="21" VPOS="565" HPOS="1717"/>
                  <String HEIGHT="53"
                          WIDTH="185"
                          VPOS="565"
                          HPOS="1655"
                          CONTENT="dist."/>
                  <SP HEIGHT="53" WIDTH="21" VPOS="565" HPOS="1840"/>
                  <String HEIGHT="53" WIDTH="82" VPOS="565" HPOS="1758" CONTENT="1."/>
               </TextLine>
               <TextLine ID="r1l29"
                         BASELINE="653"
                         HEIGHT="43"
                         WIDTH="849"
                         VPOS="610"
                         HPOS="1292">
                  <String HEIGHT="43" WIDTH="87" VPOS="610" HPOS="1275" CONTENT="4"/>
                  <SP HEIGHT="43" WIDTH="17" VPOS="610" HPOS="1361"/>
                  <String HEIGHT="43"
                          WIDTH="243"
                          VPOS="610"
                          HPOS="1309"
                          CONTENT="Praeterea,"/>
                  <SP HEIGHT="43" WIDTH="17" VPOS="610" HPOS="1552"/>
                  <String HEIGHT="43"
                          WIDTH="173"
                          VPOS="610"
                          HPOS="1500"
                          CONTENT="illud,"/>
                  <SP HEIGHT="43" WIDTH="17" VPOS="610" HPOS="1673"/>
                  <String HEIGHT="43"
                          WIDTH="139"
                          VPOS="610"
                          HPOS="1621"
                          CONTENT="quod"/>
                  <SP HEIGHT="43" WIDTH="17" VPOS="610" HPOS="1760"/>
                  <String HEIGHT="43"
                          WIDTH="156"
                          VPOS="610"
                          HPOS="1708"
                          CONTENT="dicit"/>
                  <SP HEIGHT="43" WIDTH="17" VPOS="610" HPOS="1864"/>
                  <String HEIGHT="43"
                          WIDTH="156"
                          VPOS="610"
                          HPOS="1812"
                          CONTENT="veram"/>
                  <SP HEIGHT="43" WIDTH="17" VPOS="610" HPOS="1968"/>
                  <String HEIGHT="43"
                          WIDTH="243"
                          VPOS="610"
                          HPOS="1898"
                          CONTENT="perfectionem"/>
               </TextLine>
               <TextLine ID="r1l31"
                         BASELINE="690"
                         HEIGHT="45"
                         WIDTH="848"
                         VPOS="645"
                         HPOS="1290">
                  <String HEIGHT="45"
                          WIDTH="141"
                          VPOS="645"
                          HPOS="1274"
                          CONTENT="eius,"/>
                  <SP HEIGHT="45" WIDTH="16" VPOS="645" HPOS="1416"/>
                  <String HEIGHT="45" WIDTH="94" VPOS="645" HPOS="1369" CONTENT="in"/>
                  <SP HEIGHT="45" WIDTH="16" VPOS="645" HPOS="1463"/>
                  <String HEIGHT="45"
                          WIDTH="110"
                          VPOS="645"
                          HPOS="1416"
                          CONTENT="quo"/>
                  <SP HEIGHT="45" WIDTH="16" VPOS="645" HPOS="1526"/>
                  <String HEIGHT="45"
                          WIDTH="126"
                          VPOS="645"
                          HPOS="1478"
                          CONTENT="est,"/>
                  <SP HEIGHT="45" WIDTH="16" VPOS="645" HPOS="1604"/>
                  <String HEIGHT="45"
                          WIDTH="110"
                          VPOS="645"
                          HPOS="1557"
                          CONTENT="non"/>
                  <SP HEIGHT="45" WIDTH="16" VPOS="645" HPOS="1667"/>
                  <String HEIGHT="45"
                          WIDTH="110"
                          VPOS="645"
                          HPOS="1620"
                          CONTENT="est"/>
                  <SP HEIGHT="45" WIDTH="16" VPOS="645" HPOS="1730"/>
                  <String HEIGHT="45"
                          WIDTH="141"
                          VPOS="645"
                          HPOS="1683"
                          CONTENT="modus"/>
                  <SP HEIGHT="45" WIDTH="16" VPOS="645" HPOS="1824"/>
                  <String HEIGHT="45"
                          WIDTH="173"
                          VPOS="645"
                          HPOS="1777"
                          CONTENT="tantum:"/>
                  <SP HEIGHT="45" WIDTH="16" VPOS="645" HPOS="1950"/>
                  <String HEIGHT="45"
                          WIDTH="110"
                          VPOS="645"
                          HPOS="1902"
                          CONTENT="nam"/>
                  <SP HEIGHT="45" WIDTH="16" VPOS="645" HPOS="2012"/>
                  <String HEIGHT="45"
                          WIDTH="141"
                          VPOS="645"
                          HPOS="1965"
                          CONTENT="modus"/>
                  <SP HEIGHT="45" WIDTH="16" VPOS="645" HPOS="2107"/>
                  <String HEIGHT="45"
                          WIDTH="110"
                          VPOS="645"
                          HPOS="2059"
                          CONTENT="non"/>
                  <SP HEIGHT="45" WIDTH="16" VPOS="645" HPOS="2169"/>
                  <String HEIGHT="45" WIDTH="31" VPOS="645" HPOS="2107" CONTENT=""/>
               </TextLine>
               <TextLine ID="r1l33"
                         BASELINE="735"
                         HEIGHT="53"
                         WIDTH="849"
                         VPOS="682"
                         HPOS="1301">
                  <String HEIGHT="53" WIDTH="99" VPOS="682" HPOS="1287" CONTENT="est"/>
                  <SP HEIGHT="53" WIDTH="14" VPOS="682" HPOS="1386"/>
                  <String HEIGHT="53"
                          WIDTH="198"
                          VPOS="682"
                          HPOS="1343"
                          CONTENT="perfectio,"/>
                  <SP HEIGHT="53" WIDTH="14" VPOS="682" HPOS="1542"/>
                  <String HEIGHT="53"
                          WIDTH="127"
                          VPOS="682"
                          HPOS="1499"
                          CONTENT="licet"/>
                  <SP HEIGHT="53" WIDTH="14" VPOS="682" HPOS="1626"/>
                  <String HEIGHT="53" WIDTH="71" VPOS="682" HPOS="1584" CONTENT="a"/>
                  <SP HEIGHT="53" WIDTH="14" VPOS="682" HPOS="1655"/>
                  <String HEIGHT="53"
                          WIDTH="212"
                          VPOS="682"
                          HPOS="1612"
                          CONTENT="perfectione"/>
                  <SP HEIGHT="53" WIDTH="14" VPOS="682" HPOS="1825"/>
                  <String HEIGHT="53"
                          WIDTH="170"
                          VPOS="682"
                          HPOS="1782"
                          CONTENT="resultet"/>
                  <SP HEIGHT="53" WIDTH="14" VPOS="682" HPOS="1952"/>
                  <String HEIGHT="53" WIDTH="85" VPOS="682" HPOS="1909" CONTENT="in"/>
                  <SP HEIGHT="53" WIDTH="14" VPOS="682" HPOS="1994"/>
                  <String HEIGHT="53" WIDTH="99" VPOS="682" HPOS="1952" CONTENT="eo,"/>
                  <SP HEIGHT="53" WIDTH="14" VPOS="682" HPOS="2051"/>
                  <String HEIGHT="53"
                          WIDTH="127"
                          VPOS="682"
                          HPOS="2009"
                          CONTENT="cuius"/>
                  <SP HEIGHT="53" WIDTH="14" VPOS="682" HPOS="2136"/>
                  <String HEIGHT="53" WIDTH="71" VPOS="682" HPOS="2079" CONTENT="est"/>
               </TextLine>
               <TextLine ID="r1l35"
                         BASELINE="775"
                         HEIGHT="53"
                         WIDTH="852"
                         VPOS="722"
                         HPOS="1289">
                  <String HEIGHT="53"
                          WIDTH="152"
                          VPOS="722"
                          HPOS="1274"
                          CONTENT="modus,"/>
                  <SP HEIGHT="53" WIDTH="15" VPOS="722" HPOS="1426"/>
                  <String HEIGHT="53"
                          WIDTH="137"
                          VPOS="722"
                          HPOS="1380"
                          CONTENT="puta,"/>
                  <SP HEIGHT="53" WIDTH="15" VPOS="722" HPOS="1517"/>
                  <String HEIGHT="53"
                          WIDTH="183"
                          VPOS="722"
                          HPOS="1472"
                          CONTENT="extensio"/>
                  <SP HEIGHT="53" WIDTH="15" VPOS="722" HPOS="1654"/>
                  <String HEIGHT="53"
                          WIDTH="183"
                          VPOS="722"
                          HPOS="1609"
                          CONTENT="materiae"/>
                  <SP HEIGHT="53" WIDTH="15" VPOS="722" HPOS="1791"/>
                  <String HEIGHT="53"
                          WIDTH="183"
                          VPOS="722"
                          HPOS="1745"
                          CONTENT="resultat"/>
                  <SP HEIGHT="53" WIDTH="15" VPOS="722" HPOS="1928"/>
                  <String HEIGHT="53" WIDTH="76" VPOS="722" HPOS="1882" CONTENT="a"/>
                  <SP HEIGHT="53" WIDTH="15" VPOS="722" HPOS="1958"/>
                  <String HEIGHT="53"
                          WIDTH="213"
                          VPOS="722"
                          HPOS="1913"
                          CONTENT="quantitate"/>
                  <SP HEIGHT="53" WIDTH="15" VPOS="722" HPOS="2126"/>
                  <String HEIGHT="53"
                          WIDTH="76"
                          VPOS="722"
                          HPOS="2065"
                          CONTENT="in"
                          SUBS_TYPE="HypPart1"
                          SUBS_CONTENT="informante,"/>
                  <HYP CONTENT="-"/>
               </TextLine>
               <TextLine ID="r1l37"
                         BASELINE="807"
                         HEIGHT="48"
                         WIDTH="836"
                         VPOS="759"
                         HPOS="1298">
                  <String HEIGHT="48"
                          WIDTH="198"
                          VPOS="759"
                          HPOS="1283"
                          CONTENT="formante,"
                          SUBS_TYPE="HypPart2"
                          SUBS_CONTENT="informante,"/>
                  <SP HEIGHT="48" WIDTH="15" VPOS="759" HPOS="1480"/>
                  <String HEIGHT="48"
                          WIDTH="106"
                          VPOS="759"
                          HPOS="1435"
                          CONTENT="seu"/>
                  <SP HEIGHT="48" WIDTH="15" VPOS="759" HPOS="1541"/>
                  <String HEIGHT="48"
                          WIDTH="228"
                          VPOS="759"
                          HPOS="1496"
                          CONTENT="perficiente"/>
                  <SP HEIGHT="48" WIDTH="15" VPOS="759" HPOS="1724"/>
                  <String HEIGHT="48"
                          WIDTH="198"
                          VPOS="759"
                          HPOS="1678"
                          CONTENT="materiam,"/>
                  <SP HEIGHT="48" WIDTH="15" VPOS="759" HPOS="1876"/>
                  <String HEIGHT="48"
                          WIDTH="106"
                          VPOS="759"
                          HPOS="1830"
                          CONTENT="sed"/>
                  <SP HEIGHT="48" WIDTH="15" VPOS="759" HPOS="1936"/>
                  <String HEIGHT="48"
                          WIDTH="152"
                          VPOS="759"
                          HPOS="1891"
                          CONTENT="virtus"/>
                  <SP HEIGHT="48" WIDTH="15" VPOS="759" HPOS="2043"/>
                  <String HEIGHT="48"
                          WIDTH="106"
                          VPOS="759"
                          HPOS="1997"
                          CONTENT="est"/>
                  <SP HEIGHT="48" WIDTH="15" VPOS="759" HPOS="2104"/>
                  <String HEIGHT="48"
                          WIDTH="91"
                          VPOS="759"
                          HPOS="2043"
                          CONTENT="veri"/>
               </TextLine>
               <TextLine ID="r1l39"
                         BASELINE="853"
                         HEIGHT="54"
                         WIDTH="836"
                         VPOS="799"
                         HPOS="1302">
                  <String HEIGHT="54"
                          WIDTH="194"
                          VPOS="799"
                          HPOS="1287"
                          CONTENT="perfectio"/>
                  <SP HEIGHT="54" WIDTH="15" VPOS="799" HPOS="1481"/>
                  <String HEIGHT="54"
                          WIDTH="134"
                          VPOS="799"
                          HPOS="1436"
                          CONTENT="eius,"/>
                  <SP HEIGHT="54" WIDTH="15" VPOS="799" HPOS="1571"/>
                  <String HEIGHT="54" WIDTH="90" VPOS="799" HPOS="1526" CONTENT="in"/>
                  <SP HEIGHT="54" WIDTH="15" VPOS="799" HPOS="1616"/>
                  <String HEIGHT="54"
                          WIDTH="105"
                          VPOS="799"
                          HPOS="1571"
                          CONTENT="quo"/>
                  <SP HEIGHT="54" WIDTH="15" VPOS="799" HPOS="1675"/>
                  <String HEIGHT="54"
                          WIDTH="119"
                          VPOS="799"
                          HPOS="1630"
                          CONTENT="est:"/>
                  <SP HEIGHT="54" WIDTH="15" VPOS="799" HPOS="1750"/>
                  <String HEIGHT="54"
                          WIDTH="105"
                          VPOS="799"
                          HPOS="1705"
                          CONTENT="nam"/>
                  <SP HEIGHT="54" WIDTH="15" VPOS="799" HPOS="1810"/>
                  <String HEIGHT="54"
                          WIDTH="149"
                          VPOS="799"
                          HPOS="1765"
                          CONTENT="virtus"/>
                  <SP HEIGHT="54" WIDTH="15" VPOS="799" HPOS="1914"/>
                  <String HEIGHT="54"
                          WIDTH="179"
                          VPOS="799"
                          HPOS="1869"
                          CONTENT="habentem"/>
                  <SP HEIGHT="54" WIDTH="15" VPOS="799" HPOS="2048"/>
                  <String HEIGHT="54"
                          WIDTH="149"
                          VPOS="799"
                          HPOS="1989"
                          CONTENT="perficit"/>
               </TextLine>
               <TextLine ID="r1l42"
                         BASELINE="888"
                         HEIGHT="46"
                         WIDTH="803"
                         VPOS="842"
                         HPOS="1293">
                  <String HEIGHT="46" WIDTH="87" VPOS="842" HPOS="1276" CONTENT="&amp;"/>
                  <SP HEIGHT="46" WIDTH="17" VPOS="842" HPOS="1363"/>
                  <String HEIGHT="46"
                          WIDTH="140"
                          VPOS="842"
                          HPOS="1310"
                          CONTENT="opus"/>
                  <SP HEIGHT="46" WIDTH="17" VPOS="842" HPOS="1450"/>
                  <String HEIGHT="46"
                          WIDTH="140"
                          VPOS="842"
                          HPOS="1398"
                          CONTENT="suum"/>
                  <SP HEIGHT="46" WIDTH="17" VPOS="842" HPOS="1537"/>
                  <String HEIGHT="46"
                          WIDTH="157"
                          VPOS="842"
                          HPOS="1485"
                          CONTENT="bonum"/>
                  <SP HEIGHT="46" WIDTH="17" VPOS="842" HPOS="1642"/>
                  <String HEIGHT="46"
                          WIDTH="192"
                          VPOS="842"
                          HPOS="1590"
                          CONTENT="reddit,"/>
                  <SP HEIGHT="46" WIDTH="17" VPOS="842" HPOS="1782"/>
                  <String HEIGHT="46" WIDTH="105" VPOS="842" HPOS="1729" CONTENT="vt"/>
                  <SP HEIGHT="46" WIDTH="17" VPOS="842" HPOS="1834"/>
                  <String HEIGHT="46"
                          WIDTH="192"
                          VPOS="842"
                          HPOS="1782"
                          CONTENT="dicitur"/>
                  <SP HEIGHT="46" WIDTH="17" VPOS="842" HPOS="1974"/>
                  <String HEIGHT="46" WIDTH="105" VPOS="842" HPOS="1921" CONTENT="2."/>
                  <SP HEIGHT="46" WIDTH="17" VPOS="842" HPOS="2026"/>
                  <String HEIGHT="46"
                          WIDTH="140"
                          VPOS="842"
                          HPOS="1956"
                          CONTENT="ethic."/>
               </TextLine>
               <TextLine ID="r1l44"
                         BASELINE="922"
                         HEIGHT="51"
                         WIDTH="837"
                         VPOS="871"
                         HPOS="1305">
                  <String HEIGHT="51" WIDTH="78" VPOS="871" HPOS="1290" CONTENT="3"/>
                  <SP HEIGHT="51" WIDTH="16" VPOS="871" HPOS="1367"/>
                  <String HEIGHT="51"
                          WIDTH="217"
                          VPOS="871"
                          HPOS="1321"
                          CONTENT="Praeterea,"/>
                  <SP HEIGHT="51" WIDTH="16" VPOS="871" HPOS="1538"/>
                  <String HEIGHT="51"
                          WIDTH="124"
                          VPOS="871"
                          HPOS="1491"
                          CONTENT="quod"/>
                  <SP HEIGHT="51" WIDTH="16" VPOS="871" HPOS="1615"/>
                  <String HEIGHT="51"
                          WIDTH="109"
                          VPOS="871"
                          HPOS="1569"
                          CONTENT="est"/>
                  <SP HEIGHT="51" WIDTH="16" VPOS="871" HPOS="1677"/>
                  <String HEIGHT="51"
                          WIDTH="124"
                          VPOS="871"
                          HPOS="1631"
                          CONTENT="vera"/>
                  <SP HEIGHT="51" WIDTH="16" VPOS="871" HPOS="1755"/>
                  <String HEIGHT="51"
                          WIDTH="171"
                          VPOS="871"
                          HPOS="1708"
                          CONTENT="species"/>
                  <SP HEIGHT="51" WIDTH="16" VPOS="871" HPOS="1879"/>
                  <String HEIGHT="51"
                          WIDTH="264"
                          VPOS="871"
                          HPOS="1832"
                          CONTENT="praedicamenti"/>
                  <SP HEIGHT="51" WIDTH="16" VPOS="871" HPOS="2096"/>
                  <String HEIGHT="51"
                          WIDTH="109"
                          VPOS="871"
                          HPOS="2034"
                          CONTENT="abso"
                          SUBS_TYPE="HypPart1"
                          SUBS_CONTENT="absoluti,"/>
                  <HYP CONTENT="-"/>
               </TextLine>
               <TextLine ID="r1l48"
                         BASELINE="962"
                         HEIGHT="44"
                         WIDTH="841"
                         VPOS="918"
                         HPOS="1291">
                  <String HEIGHT="44"
                          WIDTH="128"
                          VPOS="918"
                          HPOS="1277"
                          CONTENT="luti,"
                          SUBS_TYPE="HypPart2"
                          SUBS_CONTENT="absoluti,"/>
                  <SP HEIGHT="44" WIDTH="14" VPOS="918" HPOS="1405"/>
                  <String HEIGHT="44"
                          WIDTH="100"
                          VPOS="918"
                          HPOS="1362"
                          CONTENT="non"/>
                  <SP HEIGHT="44" WIDTH="14" VPOS="918" HPOS="1462"/>
                  <String HEIGHT="44"
                          WIDTH="100"
                          VPOS="918"
                          HPOS="1419"
                          CONTENT="est"/>
                  <SP HEIGHT="44" WIDTH="14" VPOS="918" HPOS="1519"/>
                  <String HEIGHT="44"
                          WIDTH="128"
                          VPOS="918"
                          HPOS="1476"
                          CONTENT="modus"/>
                  <SP HEIGHT="44" WIDTH="14" VPOS="918" HPOS="1605"/>
                  <String HEIGHT="44"
                          WIDTH="200"
                          VPOS="918"
                          HPOS="1562"
                          CONTENT="distinctus"/>
                  <SP HEIGHT="44" WIDTH="14" VPOS="918" HPOS="1761"/>
                  <String HEIGHT="44"
                          WIDTH="143"
                          VPOS="918"
                          HPOS="1719"
                          CONTENT="contra"/>
                  <SP HEIGHT="44" WIDTH="14" VPOS="918" HPOS="1861"/>
                  <String HEIGHT="44"
                          WIDTH="114"
                          VPOS="918"
                          HPOS="1818"
                          CONTENT="rem:"/>
                  <SP HEIGHT="44" WIDTH="14" VPOS="918" HPOS="1932"/>
                  <String HEIGHT="44"
                          WIDTH="100"
                          VPOS="918"
                          HPOS="1890"
                          CONTENT="sed"/>
                  <SP HEIGHT="44" WIDTH="14" VPOS="918" HPOS="1989"/>
                  <String HEIGHT="44"
                          WIDTH="100"
                          VPOS="918"
                          HPOS="1947"
                          CONTENT="(vt"/>
                  <SP HEIGHT="44" WIDTH="14" VPOS="918" HPOS="2046"/>
                  <String HEIGHT="44"
                          WIDTH="143"
                          VPOS="918"
                          HPOS="1989"
                          CONTENT="superius"/>
               </TextLine>
               <TextLine ID="r1l51"
                         BASELINE="1005"
                         HEIGHT="46"
                         WIDTH="837"
                         VPOS="959"
                         HPOS="1308">
                  <String HEIGHT="46"
                          WIDTH="162"
                          VPOS="959"
                          HPOS="1293"
                          CONTENT="patuit)"/>
                  <SP HEIGHT="46" WIDTH="15" VPOS="959" HPOS="1455"/>
                  <String HEIGHT="46"
                          WIDTH="162"
                          VPOS="959"
                          HPOS="1411"
                          CONTENT="habitus"/>
                  <SP HEIGHT="46" WIDTH="15" VPOS="959" HPOS="1572"/>
                  <String HEIGHT="46"
                          WIDTH="103"
                          VPOS="959"
                          HPOS="1528"
                          CONTENT="est"/>
                  <SP HEIGHT="46" WIDTH="15" VPOS="959" HPOS="1631"/>
                  <String HEIGHT="46"
                          WIDTH="132"
                          VPOS="959"
                          HPOS="1587"
                          CONTENT="prima"/>
                  <SP HEIGHT="46" WIDTH="15" VPOS="959" HPOS="1719"/>
                  <String HEIGHT="46"
                          WIDTH="162"
                          VPOS="959"
                          HPOS="1675"
                          CONTENT="species"/>
                  <SP HEIGHT="46" WIDTH="15" VPOS="959" HPOS="1837"/>
                  <String HEIGHT="46"
                          WIDTH="220"
                          VPOS="959"
                          HPOS="1793"
                          CONTENT="qualitatis."/>
                  <SP HEIGHT="46" WIDTH="15" VPOS="959" HPOS="2013"/>
                  <String HEIGHT="46"
                          WIDTH="191"
                          VPOS="959"
                          HPOS="1954"
                          CONTENT="Maiorpatet:"/>
               </TextLine>
               <TextLine ID="r1l54"
                         BASELINE="1040"
                         HEIGHT="47"
                         WIDTH="851"
                         VPOS="993"
                         HPOS="1302">
                  <String HEIGHT="47"
                          WIDTH="106"
                          VPOS="993"
                          HPOS="1287"
                          CONTENT="nam"/>
                  <SP HEIGHT="47" WIDTH="15" VPOS="993" HPOS="1393"/>
                  <String HEIGHT="47"
                          WIDTH="106"
                          VPOS="993"
                          HPOS="1348"
                          CONTENT="cum"/>
                  <SP HEIGHT="47" WIDTH="15" VPOS="993" HPOS="1454"/>
                  <String HEIGHT="47"
                          WIDTH="122"
                          VPOS="993"
                          HPOS="1408"
                          CONTENT="tota"/>
                  <SP HEIGHT="47" WIDTH="15" VPOS="993" HPOS="1530"/>
                  <String HEIGHT="47"
                          WIDTH="137"
                          VPOS="993"
                          HPOS="1484"
                          CONTENT="ratio"/>
                  <SP HEIGHT="47" WIDTH="15" VPOS="993" HPOS="1621"/>
                  <String HEIGHT="47"
                          WIDTH="167"
                          VPOS="993"
                          HPOS="1576"
                          CONTENT="generis"/>
                  <SP HEIGHT="47" WIDTH="15" VPOS="993" HPOS="1743"/>
                  <String HEIGHT="47"
                          WIDTH="198"
                          VPOS="993"
                          HPOS="1697"
                          CONTENT="claudatur"/>
                  <SP HEIGHT="47" WIDTH="15" VPOS="993" HPOS="1895"/>
                  <String HEIGHT="47" WIDTH="91" VPOS="993" HPOS="1849" CONTENT="in"/>
                  <SP HEIGHT="47" WIDTH="15" VPOS="993" HPOS="1940"/>
                  <String HEIGHT="47"
                          WIDTH="167"
                          VPOS="993"
                          HPOS="1895"
                          CONTENT="ratione"/>
                  <SP HEIGHT="47" WIDTH="15" VPOS="993" HPOS="2062"/>
                  <String HEIGHT="47"
                          WIDTH="152"
                          VPOS="993"
                          HPOS="2001"
                          CONTENT="cuiusli"
                          SUBS_TYPE="HypPart1"
                          SUBS_CONTENT="cuiuslibet"/>
                  <HYP CONTENT="-"/>
               </TextLine>
               <TextLine ID="r1l57"
                         BASELINE="1087"
                         HEIGHT="55"
                         WIDTH="857"
                         VPOS="1032"
                         HPOS="1292">
                  <String HEIGHT="55"
                          WIDTH="109"
                          VPOS="1032"
                          HPOS="1276"
                          CONTENT="bet"
                          SUBS_TYPE="HypPart2"
                          SUBS_CONTENT="cuiuslibet"/>
                  <SP HEIGHT="55" WIDTH="16" VPOS="1032" HPOS="1385"/>
                  <String HEIGHT="55"
                          WIDTH="125"
                          VPOS="1032"
                          HPOS="1339"
                          CONTENT="suae"/>
                  <SP HEIGHT="55" WIDTH="16" VPOS="1032" HPOS="1463"/>
                  <String HEIGHT="55"
                          WIDTH="187"
                          VPOS="1032"
                          HPOS="1417"
                          CONTENT="speciei,"/>
                  <SP HEIGHT="55" WIDTH="16" VPOS="1032" HPOS="1604"/>
                  <String HEIGHT="55"
                          WIDTH="109"
                          VPOS="1032"
                          HPOS="1557"
                          CONTENT="non"/>
                  <SP HEIGHT="55" WIDTH="16" VPOS="1032" HPOS="1666"/>
                  <String HEIGHT="55"
                          WIDTH="156"
                          VPOS="1032"
                          HPOS="1619"
                          CONTENT="potest"/>
                  <SP HEIGHT="55" WIDTH="16" VPOS="1032" HPOS="1775"/>
                  <String HEIGHT="55"
                          WIDTH="156"
                          VPOS="1032"
                          HPOS="1728"
                          CONTENT="fieri,"/>
                  <SP HEIGHT="55" WIDTH="16" VPOS="1032" HPOS="1884"/>
                  <String HEIGHT="55"
                          WIDTH="125"
                          VPOS="1032"
                          HPOS="1837"
                          CONTENT="quod"/>
                  <SP HEIGHT="55" WIDTH="16" VPOS="1032" HPOS="1962"/>
                  <String HEIGHT="55"
                          WIDTH="140"
                          VPOS="1032"
                          HPOS="1915"
                          CONTENT="genus"/>
                  <SP HEIGHT="55" WIDTH="16" VPOS="1032" HPOS="2056"/>
                  <String HEIGHT="55"
                          WIDTH="156"
                          VPOS="1032"
                          HPOS="1993"
                          CONTENT="secundum"/>
               </TextLine>
               <TextLine ID="r1l60"
                         BASELINE="1123"
                         HEIGHT="48"
                         WIDTH="836"
                         VPOS="1075"
                         HPOS="1295">
                  <String HEIGHT="48"
                          WIDTH="131"
                          VPOS="1075"
                          HPOS="1279"
                          CONTENT="suam"/>
                  <SP HEIGHT="48" WIDTH="16" VPOS="1075" HPOS="1410"/>
                  <String HEIGHT="48"
                          WIDTH="197"
                          VPOS="1075"
                          HPOS="1361"
                          CONTENT="rationem"/>
                  <SP HEIGHT="48" WIDTH="16" VPOS="1075" HPOS="1557"/>
                  <String HEIGHT="48"
                          WIDTH="148"
                          VPOS="1075"
                          HPOS="1508"
                          CONTENT="dicat"/>
                  <SP HEIGHT="48" WIDTH="16" VPOS="1075" HPOS="1656"/>
                  <String HEIGHT="48"
                          WIDTH="148"
                          VPOS="1075"
                          HPOS="1606"
                          CONTENT="veram"/>
                  <SP HEIGHT="48" WIDTH="16" VPOS="1075" HPOS="1754"/>
                  <String HEIGHT="48"
                          WIDTH="131"
                          VPOS="1075"
                          HPOS="1705"
                          CONTENT="rem,"/>
                  <SP HEIGHT="48" WIDTH="16" VPOS="1075" HPOS="1836"/>
                  <String HEIGHT="48" WIDTH="82" VPOS="1075" HPOS="1787" CONTENT="&amp;"/>
                  <SP HEIGHT="48" WIDTH="16" VPOS="1075" HPOS="1869"/>
                  <String HEIGHT="48"
                          WIDTH="131"
                          VPOS="1075"
                          HPOS="1820"
                          CONTENT="quod"/>
                  <SP HEIGHT="48" WIDTH="16" VPOS="1075" HPOS="1951"/>
                  <String HEIGHT="48"
                          WIDTH="180"
                          VPOS="1075"
                          HPOS="1902"
                          CONTENT="species"/>
                  <SP HEIGHT="48" WIDTH="16" VPOS="1075" HPOS="2082"/>
                  <String HEIGHT="48"
                          WIDTH="115"
                          VPOS="1075"
                          HPOS="2016"
                          CONTENT="secun"/>
               </TextLine>
               <TextLine ID="r1l63"
                         BASELINE="1157"
                         HEIGHT="41"
                         WIDTH="844"
                         VPOS="1116"
                         HPOS="1294">
                  <String HEIGHT="41"
                          WIDTH="123"
                          VPOS="1116"
                          HPOS="1276"
                          CONTENT="dum"/>
                  <SP HEIGHT="41" WIDTH="18" VPOS="1116" HPOS="1400"/>
                  <String HEIGHT="41"
                          WIDTH="141"
                          VPOS="1116"
                          HPOS="1347"
                          CONTENT="suam"/>
                  <SP HEIGHT="41" WIDTH="18" VPOS="1116" HPOS="1487"/>
                  <String HEIGHT="41"
                          WIDTH="211"
                          VPOS="1116"
                          HPOS="1435"
                          CONTENT="rationem"/>
                  <SP HEIGHT="41" WIDTH="18" VPOS="1116" HPOS="1646"/>
                  <String HEIGHT="41"
                          WIDTH="281"
                          VPOS="1116"
                          HPOS="1593"
                          CONTENT="distinguatur"/>
                  <SP HEIGHT="41" WIDTH="18" VPOS="1116" HPOS="1874"/>
                  <String HEIGHT="41"
                          WIDTH="176"
                          VPOS="1116"
                          HPOS="1822"
                          CONTENT="contra"/>
                  <SP HEIGHT="41" WIDTH="18" VPOS="1116" HPOS="1997"/>
                  <String HEIGHT="41"
                          WIDTH="158"
                          VPOS="1116"
                          HPOS="1945"
                          CONTENT="illam"/>
                  <SP HEIGHT="41" WIDTH="18" VPOS="1116" HPOS="2103"/>
                  <String HEIGHT="41"
                          WIDTH="106"
                          VPOS="1116"
                          HPOS="2033"
                          CONTENT="rem."/>
               </TextLine>
               <TextLine ID="r1l65"
                         BASELINE="1203"
                         HEIGHT="48"
                         WIDTH="842"
                         VPOS="1155"
                         HPOS="1299">
                  <String HEIGHT="48"
                          WIDTH="112"
                          VPOS="1155"
                          HPOS="1280"
                          CONTENT="Ad"/>
                  <SP HEIGHT="48" WIDTH="19" VPOS="1155" HPOS="1393"/>
                  <String HEIGHT="48"
                          WIDTH="187"
                          VPOS="1155"
                          HPOS="1336"
                          CONTENT="primum"/>
                  <SP HEIGHT="48" WIDTH="19" VPOS="1155" HPOS="1524"/>
                  <String HEIGHT="48"
                          WIDTH="262"
                          VPOS="1155"
                          HPOS="1467"
                          CONTENT="argumentum"/>
                  <SP HEIGHT="48" WIDTH="19" VPOS="1155" HPOS="1729"/>
                  <String HEIGHT="48"
                          WIDTH="168"
                          VPOS="1155"
                          HPOS="1673"
                          CONTENT="eorum"/>
                  <SP HEIGHT="48" WIDTH="19" VPOS="1155" HPOS="1842"/>
                  <String HEIGHT="48"
                          WIDTH="225"
                          VPOS="1155"
                          HPOS="1785"
                          CONTENT="dicedum,"/>
                  <SP HEIGHT="48" WIDTH="19" VPOS="1155" HPOS="2010"/>
                  <String HEIGHT="48"
                          WIDTH="150"
                          VPOS="1155"
                          HPOS="1954"
                          CONTENT="quod"/>
                  <SP HEIGHT="48" WIDTH="19" VPOS="1155" HPOS="2104"/>
                  <String HEIGHT="48"
                          WIDTH="112"
                          VPOS="1155"
                          HPOS="2029"
                          CONTENT="pri"
                          SUBS_TYPE="HypPart1"
                          SUBS_CONTENT="primo"/>
                  <HYP CONTENT="-"/>
               </TextLine>
               <TextLine ID="r1l68"
                         BASELINE="1240"
                         HEIGHT="47"
                         WIDTH="835"
                         VPOS="1193"
                         HPOS="1305">
                  <String HEIGHT="47"
                          WIDTH="86"
                          VPOS="1193"
                          HPOS="1291"
                          CONTENT="mo"
                          SUBS_TYPE="HypPart2"
                          SUBS_CONTENT="primo"/>
                  <SP HEIGHT="47" WIDTH="14" VPOS="1193" HPOS="1377"/>
                  <String HEIGHT="47"
                          WIDTH="158"
                          VPOS="1193"
                          HPOS="1334"
                          CONTENT="deficit"/>
                  <SP HEIGHT="47" WIDTH="14" VPOS="1193" HPOS="1492"/>
                  <String HEIGHT="47"
                          WIDTH="115"
                          VPOS="1193"
                          HPOS="1449"
                          CONTENT="ista"/>
                  <SP HEIGHT="47" WIDTH="14" VPOS="1193" HPOS="1564"/>
                  <String HEIGHT="47"
                          WIDTH="144"
                          VPOS="1193"
                          HPOS="1521"
                          CONTENT="ratio:"/>
                  <SP HEIGHT="47" WIDTH="14" VPOS="1193" HPOS="1665"/>
                  <String HEIGHT="47"
                          WIDTH="115"
                          VPOS="1193"
                          HPOS="1622"
                          CONTENT="quia"/>
                  <SP HEIGHT="47" WIDTH="14" VPOS="1193" HPOS="1737"/>
                  <String HEIGHT="47"
                          WIDTH="158"
                          VPOS="1193"
                          HPOS="1694"
                          CONTENT="assumit"/>
                  <SP HEIGHT="47" WIDTH="14" VPOS="1193" HPOS="1852"/>
                  <String HEIGHT="47"
                          WIDTH="115"
                          VPOS="1193"
                          HPOS="1809"
                          CONTENT="quod"/>
                  <SP HEIGHT="47" WIDTH="14" VPOS="1193" HPOS="1924"/>
                  <String HEIGHT="47"
                          WIDTH="144"
                          VPOS="1193"
                          HPOS="1881"
                          CONTENT="multis"/>
                  <SP HEIGHT="47" WIDTH="14" VPOS="1193" HPOS="2025"/>
                  <String HEIGHT="47"
                          WIDTH="101"
                          VPOS="1193"
                          HPOS="1982"
                          CONTENT="est"/>
                  <SP HEIGHT="47" WIDTH="14" VPOS="1193" HPOS="2082"/>
                  <String HEIGHT="47"
                          WIDTH="115"
                          VPOS="1193"
                          HPOS="2025"
                          CONTENT="dubium"/>
               </TextLine>
               <TextLine ID="r1l70"
                         BASELINE="1281"
                         HEIGHT="53"
                         WIDTH="838"
                         VPOS="1228"
                         HPOS="1305">
                  <String HEIGHT="53"
                          WIDTH="137"
                          VPOS="1228"
                          HPOS="1290"
                          CONTENT="puta,"/>
                  <SP HEIGHT="53" WIDTH="15" VPOS="1228" HPOS="1427"/>
                  <String HEIGHT="53"
                          WIDTH="122"
                          VPOS="1228"
                          HPOS="1381"
                          CONTENT="quod"/>
                  <SP HEIGHT="53" WIDTH="15" VPOS="1228" HPOS="1503"/>
                  <String HEIGHT="53"
                          WIDTH="168"
                          VPOS="1228"
                          HPOS="1457"
                          CONTENT="habitus"/>
                  <SP HEIGHT="53" WIDTH="15" VPOS="1228" HPOS="1625"/>
                  <String HEIGHT="53"
                          WIDTH="137"
                          VPOS="1228"
                          HPOS="1579"
                          CONTENT="solum"/>
                  <SP HEIGHT="53" WIDTH="15" VPOS="1228" HPOS="1716"/>
                  <String HEIGHT="53"
                          WIDTH="152"
                          VPOS="1228"
                          HPOS="1671"
                          CONTENT="faciat"/>
                  <SP HEIGHT="53" WIDTH="15" VPOS="1228" HPOS="1823"/>
                  <String HEIGHT="53" WIDTH="91" VPOS="1228" HPOS="1777" CONTENT="ad"/>
                  <SP HEIGHT="53" WIDTH="15" VPOS="1228" HPOS="1869"/>
                  <String HEIGHT="53"
                          WIDTH="137"
                          VPOS="1228"
                          HPOS="1823"
                          CONTENT="modum"/>
                  <SP HEIGHT="53" WIDTH="15" VPOS="1228" HPOS="1960"/>
                  <String HEIGHT="53"
                          WIDTH="152"
                          VPOS="1228"
                          HPOS="1914"
                          CONTENT="actus,"/>
                  <SP HEIGHT="53" WIDTH="15" VPOS="1228" HPOS="2067"/>
                  <String HEIGHT="53" WIDTH="76" VPOS="1228" HPOS="2021" CONTENT="&amp;"/>
                  <SP HEIGHT="53" WIDTH="15" VPOS="1228" HPOS="2097"/>
                  <String HEIGHT="53"
                          WIDTH="107"
                          VPOS="1228"
                          HPOS="2036"
                          CONTENT="nullo"/>
               </TextLine>
               <TextLine ID="r1l72"
                         BASELINE="1316"
                         HEIGHT="49"
                         WIDTH="846"
                         VPOS="1267"
                         HPOS="1295">
                  <String HEIGHT="49"
                          WIDTH="119"
                          VPOS="1267"
                          HPOS="1280"
                          CONTENT="modo"/>
                  <SP HEIGHT="49" WIDTH="15" VPOS="1267" HPOS="1399"/>
                  <String HEIGHT="49" WIDTH="89" VPOS="1267" HPOS="1354" CONTENT="ad"/>
                  <SP HEIGHT="49" WIDTH="15" VPOS="1267" HPOS="1443"/>
                  <String HEIGHT="49"
                          WIDTH="223"
                          VPOS="1267"
                          HPOS="1399"
                          CONTENT="substantiam"/>
                  <SP HEIGHT="49" WIDTH="15" VPOS="1267" HPOS="1622"/>
                  <String HEIGHT="49"
                          WIDTH="148"
                          VPOS="1267"
                          HPOS="1577"
                          CONTENT="actus."/>
                  <SP HEIGHT="49" WIDTH="15" VPOS="1267" HPOS="1725"/>
                  <String HEIGHT="49"
                          WIDTH="178"
                          VPOS="1267"
                          HPOS="1681"
                          CONTENT="Secundo:"/>
                  <SP HEIGHT="49" WIDTH="15" VPOS="1267" HPOS="1859"/>
                  <String HEIGHT="49"
                          WIDTH="119"
                          VPOS="1267"
                          HPOS="1814"
                          CONTENT="quia"/>
                  <SP HEIGHT="49" WIDTH="15" VPOS="1267" HPOS="1933"/>
                  <String HEIGHT="49" WIDTH="89" VPOS="1267" HPOS="1889" CONTENT="si"/>
                  <SP HEIGHT="49" WIDTH="15" VPOS="1267" HPOS="1978"/>
                  <String HEIGHT="49" WIDTH="89" VPOS="1267" HPOS="1933" CONTENT="ex"/>
                  <SP HEIGHT="49" WIDTH="15" VPOS="1267" HPOS="2022"/>
                  <String HEIGHT="49"
                          WIDTH="104"
                          VPOS="1267"
                          HPOS="1978"
                          CONTENT="hoc"/>
                  <SP HEIGHT="49" WIDTH="15" VPOS="1267" HPOS="2082"/>
                  <String HEIGHT="49"
                          WIDTH="119"
                          VPOS="1267"
                          HPOS="2022"
                          CONTENT="suffi"
                          SUBS_TYPE="HypPart1"
                          SUBS_CONTENT="sufficienter"/>
                  <HYP CONTENT="-"/>
               </TextLine>
               <TextLine ID="r1l74"
                         BASELINE="1356"
                         HEIGHT="50"
                         WIDTH="829"
                         VPOS="1306"
                         HPOS="1308">
                  <String HEIGHT="50"
                          WIDTH="175"
                          VPOS="1306"
                          HPOS="1292"
                          CONTENT="cienter"
                          SUBS_TYPE="HypPart2"
                          SUBS_CONTENT="sufficienter"/>
                  <SP HEIGHT="50" WIDTH="16" VPOS="1306" HPOS="1467"/>
                  <String HEIGHT="50"
                          WIDTH="287"
                          VPOS="1306"
                          HPOS="1420"
                          CONTENT="concluderetur,"/>
                  <SP HEIGHT="50" WIDTH="16" VPOS="1306" HPOS="1707"/>
                  <String HEIGHT="50"
                          WIDTH="128"
                          VPOS="1306"
                          HPOS="1659"
                          CONTENT="quod"/>
                  <SP HEIGHT="50" WIDTH="16" VPOS="1306" HPOS="1786"/>
                  <String HEIGHT="50"
                          WIDTH="175"
                          VPOS="1306"
                          HPOS="1738"
                          CONTENT="habitus"/>
                  <SP HEIGHT="50" WIDTH="16" VPOS="1306" HPOS="1914"/>
                  <String HEIGHT="50"
                          WIDTH="143"
                          VPOS="1306"
                          HPOS="1866"
                          CONTENT="esset"/>
                  <SP HEIGHT="50" WIDTH="16" VPOS="1306" HPOS="2009"/>
                  <String HEIGHT="50"
                          WIDTH="159"
                          VPOS="1306"
                          HPOS="1962"
                          CONTENT="modus:"/>
                  <SP HEIGHT="50" WIDTH="16" VPOS="1306" HPOS="2121"/>
                  <String HEIGHT="50"
                          WIDTH="80"
                          VPOS="1306"
                          HPOS="2057"
                          CONTENT="qui"/>
               </TextLine>
               <TextLine ID="r1l77"
                         BASELINE="1397"
                         HEIGHT="48"
                         WIDTH="836"
                         VPOS="1349"
                         HPOS="1304">
                  <String HEIGHT="48"
                          WIDTH="161"
                          VPOS="1349"
                          HPOS="1288"
                          CONTENT="causat"/>
                  <SP HEIGHT="48" WIDTH="16" VPOS="1349" HPOS="1449"/>
                  <String HEIGHT="48"
                          WIDTH="145"
                          VPOS="1349"
                          HPOS="1400"
                          CONTENT="modum"/>
                  <SP HEIGHT="48" WIDTH="16" VPOS="1349" HPOS="1545"/>
                  <String HEIGHT="48"
                          WIDTH="129"
                          VPOS="1349"
                          HPOS="1497"
                          CONTENT="rei,"/>
                  <SP HEIGHT="48" WIDTH="16" VPOS="1349" HPOS="1626"/>
                  <String HEIGHT="48"
                          WIDTH="129"
                          VPOS="1349"
                          HPOS="1577"
                          CONTENT="eade"/>
                  <SP HEIGHT="48" WIDTH="16" VPOS="1349" HPOS="1706"/>
                  <String HEIGHT="48"
                          WIDTH="177"
                          VPOS="1349"
                          HPOS="1658"
                          CONTENT="ratione"/>
                  <SP HEIGHT="48" WIDTH="16" VPOS="1349" HPOS="1835"/>
                  <String HEIGHT="48"
                          WIDTH="241"
                          VPOS="1349"
                          HPOS="1786"
                          CONTENT="sequeretur,"/>
                  <SP HEIGHT="48" WIDTH="16" VPOS="1349" HPOS="2027"/>
                  <String HEIGHT="48"
                          WIDTH="129"
                          VPOS="1349"
                          HPOS="1979"
                          CONTENT="quod"/>
                  <SP HEIGHT="48" WIDTH="16" VPOS="1349" HPOS="2108"/>
                  <String HEIGHT="48"
                          WIDTH="96"
                          VPOS="1349"
                          HPOS="2044"
                          CONTENT="actu"/>
               </TextLine>
               <TextLine ID="r1l79"
                         BASELINE="1433"
                         HEIGHT="46"
                         WIDTH="827"
                         VPOS="1387"
                         HPOS="1313">
                  <String HEIGHT="46"
                          WIDTH="241"
                          VPOS="1387"
                          HPOS="1298"
                          CONTENT="praecedentes"/>
                  <SP HEIGHT="46" WIDTH="15" VPOS="1387" HPOS="1539"/>
                  <String HEIGHT="46"
                          WIDTH="180"
                          VPOS="1387"
                          HPOS="1493"
                          CONTENT="habitum,"/>
                  <SP HEIGHT="46" WIDTH="15" VPOS="1387" HPOS="1674"/>
                  <String HEIGHT="46"
                          WIDTH="150"
                          VPOS="1387"
                          HPOS="1629"
                          CONTENT="essent"/>
                  <SP HEIGHT="46" WIDTH="15" VPOS="1387" HPOS="1779"/>
                  <String HEIGHT="46"
                          WIDTH="135"
                          VPOS="1387"
                          HPOS="1734"
                          CONTENT="modi,"/>
                  <SP HEIGHT="46" WIDTH="15" VPOS="1387" HPOS="1869"/>
                  <String HEIGHT="46" WIDTH="75" VPOS="1387" HPOS="1824" CONTENT="&amp;"/>
                  <SP HEIGHT="46" WIDTH="15" VPOS="1387" HPOS="1899"/>
                  <String HEIGHT="46"
                          WIDTH="105"
                          VPOS="1387"
                          HPOS="1854"
                          CONTENT="non"/>
                  <SP HEIGHT="46" WIDTH="15" VPOS="1387" HPOS="1960"/>
                  <String HEIGHT="46"
                          WIDTH="120"
                          VPOS="1387"
                          HPOS="1914"
                          CONTENT="res:"/>
                  <SP HEIGHT="46" WIDTH="15" VPOS="1387" HPOS="2035"/>
                  <String HEIGHT="46"
                          WIDTH="120"
                          VPOS="1387"
                          HPOS="1990"
                          CONTENT="quia"/>
                  <SP HEIGHT="46" WIDTH="15" VPOS="1387" HPOS="2110"/>
                  <String HEIGHT="46"
                          WIDTH="90"
                          VPOS="1387"
                          HPOS="2050"
                          CONTENT="cau"
                          SUBS_TYPE="HypPart1"
                          SUBS_CONTENT="causant"/>
                  <HYP CONTENT="-"/>
               </TextLine>
               <TextLine ID="r1l84"
                         BASELINE="1471"
                         HEIGHT="43"
                         WIDTH="839"
                         VPOS="1428"
                         HPOS="1302">
                  <String HEIGHT="43"
                          WIDTH="134"
                          VPOS="1428"
                          HPOS="1285"
                          CONTENT="sant"
                          SUBS_TYPE="HypPart2"
                          SUBS_CONTENT="causant"/>
                  <SP HEIGHT="43" WIDTH="17" VPOS="1428" HPOS="1419"/>
                  <String HEIGHT="43"
                          WIDTH="201"
                          VPOS="1428"
                          HPOS="1369"
                          CONTENT="habitum,"/>
                  <SP HEIGHT="43" WIDTH="17" VPOS="1428" HPOS="1570"/>
                  <String HEIGHT="43"
                          WIDTH="117"
                          VPOS="1428"
                          HPOS="1520"
                          CONTENT="qui"/>
                  <SP HEIGHT="43" WIDTH="17" VPOS="1428" HPOS="1638"/>
                  <String HEIGHT="43"
                          WIDTH="201"
                          VPOS="1428"
                          HPOS="1587"
                          CONTENT="secundum"/>
                  <SP HEIGHT="43" WIDTH="17" VPOS="1428" HPOS="1789"/>
                  <String HEIGHT="43"
                          WIDTH="101"
                          VPOS="1428"
                          HPOS="1738"
                          CONTENT="te"/>
                  <SP HEIGHT="43" WIDTH="17" VPOS="1428" HPOS="1839"/>
                  <String HEIGHT="43"
                          WIDTH="117"
                          VPOS="1428"
                          HPOS="1789"
                          CONTENT="est"/>
                  <SP HEIGHT="43" WIDTH="17" VPOS="1428" HPOS="1906"/>
                  <String HEIGHT="43"
                          WIDTH="168"
                          VPOS="1428"
                          HPOS="1856"
                          CONTENT="modus,"/>
                  <SP HEIGHT="43" WIDTH="17" VPOS="1428" HPOS="2024"/>
                  <String HEIGHT="43" WIDTH="84" VPOS="1428" HPOS="1973" CONTENT="&amp;"/>
                  <SP HEIGHT="43" WIDTH="17" VPOS="1428" HPOS="2057"/>
                  <String HEIGHT="43"
                          WIDTH="117"
                          VPOS="1428"
                          HPOS="2007"
                          CONTENT="non"/>
                  <SP HEIGHT="43" WIDTH="17" VPOS="1428" HPOS="2124"/>
                  <String HEIGHT="43"
                          WIDTH="84"
                          VPOS="1428"
                          HPOS="2057"
                          CONTENT="res"/>
               </TextLine>
               <TextLine ID="r1l86"
                         BASELINE="1516"
                         HEIGHT="52"
                         WIDTH="845"
                         VPOS="1464"
                         HPOS="1309">
                  <String HEIGHT="52"
                          WIDTH="146"
                          VPOS="1464"
                          HPOS="1293"
                          CONTENT="Eadem"/>
                  <SP HEIGHT="52" WIDTH="16" VPOS="1464" HPOS="1439"/>
                  <String HEIGHT="52"
                          WIDTH="179"
                          VPOS="1464"
                          HPOS="1390"
                          CONTENT="ratione"/>
                  <SP HEIGHT="52" WIDTH="16" VPOS="1464" HPOS="1569"/>
                  <String HEIGHT="52"
                          WIDTH="211"
                          VPOS="1464"
                          HPOS="1520"
                          CONTENT="potentia,"/>
                  <SP HEIGHT="52" WIDTH="16" VPOS="1464" HPOS="1732"/>
                  <String HEIGHT="52" WIDTH="81" VPOS="1464" HPOS="1683" CONTENT="&amp;"/>
                  <SP HEIGHT="52" WIDTH="16" VPOS="1464" HPOS="1764"/>
                  <String HEIGHT="52"
                          WIDTH="195"
                          VPOS="1464"
                          HPOS="1715"
                          CONTENT="obiectum"/>
                  <SP HEIGHT="52" WIDTH="16" VPOS="1464" HPOS="1910"/>
                  <String HEIGHT="52"
                          WIDTH="163"
                          VPOS="1464"
                          HPOS="1862"
                          CONTENT="essent"/>
                  <SP HEIGHT="52" WIDTH="16" VPOS="1464" HPOS="2024"/>
                  <String HEIGHT="52"
                          WIDTH="146"
                          VPOS="1464"
                          HPOS="1975"
                          CONTENT="modi:"/>
                  <SP HEIGHT="52" WIDTH="16" VPOS="1464" HPOS="2122"/>
                  <String HEIGHT="52"
                          WIDTH="98"
                          VPOS="1464"
                          HPOS="2057"
                          CONTENT="quia"/>
               </TextLine>
               <TextLine ID="r1l89"
                         BASELINE="1549"
                         HEIGHT="39"
                         WIDTH="585"
                         VPOS="1510"
                         HPOS="1308">
                  <String HEIGHT="39"
                          WIDTH="208"
                          VPOS="1510"
                          HPOS="1289"
                          CONTENT="causant"/>
                  <SP HEIGHT="39" WIDTH="19" VPOS="1510" HPOS="1497"/>
                  <String HEIGHT="39"
                          WIDTH="189"
                          VPOS="1510"
                          HPOS="1440"
                          CONTENT="actus,"/>
                  <SP HEIGHT="39" WIDTH="19" VPOS="1510" HPOS="1629"/>
                  <String HEIGHT="39"
                          WIDTH="132"
                          VPOS="1510"
                          HPOS="1572"
                          CONTENT="qui"/>
                  <SP HEIGHT="39" WIDTH="19" VPOS="1510" HPOS="1704"/>
                  <String HEIGHT="39"
                          WIDTH="189"
                          VPOS="1510"
                          HPOS="1648"
                          CONTENT="essent"/>
                  <SP HEIGHT="39" WIDTH="19" VPOS="1510" HPOS="1836"/>
                  <String HEIGHT="39"
                          WIDTH="132"
                          VPOS="1510"
                          HPOS="1761"
                          CONTENT="modi."/>
               </TextLine>
               <TextLine ID="r1l91"
                         BASELINE="1588"
                         HEIGHT="46"
                         WIDTH="849"
                         VPOS="1542"
                         HPOS="1305">
                  <String HEIGHT="46"
                          WIDTH="104"
                          VPOS="1542"
                          HPOS="1288"
                          CONTENT="Ad"/>
                  <SP HEIGHT="46" WIDTH="17" VPOS="1542" HPOS="1392"/>
                  <String HEIGHT="46"
                          WIDTH="225"
                          VPOS="1542"
                          HPOS="1340"
                          CONTENT="secundum,"/>
                  <SP HEIGHT="46" WIDTH="17" VPOS="1542" HPOS="1565"/>
                  <String HEIGHT="46"
                          WIDTH="139"
                          VPOS="1542"
                          HPOS="1513"
                          CONTENT="nego"/>
                  <SP HEIGHT="46" WIDTH="17" VPOS="1542" HPOS="1652"/>
                  <String HEIGHT="46"
                          WIDTH="243"
                          VPOS="1542"
                          HPOS="1600"
                          CONTENT="antecedens"/>
                  <SP HEIGHT="46" WIDTH="17" VPOS="1542" HPOS="1842"/>
                  <String HEIGHT="46"
                          WIDTH="139"
                          VPOS="1542"
                          HPOS="1790"
                          CONTENT="quia"/>
                  <SP HEIGHT="46" WIDTH="17" VPOS="1542" HPOS="1929"/>
                  <String HEIGHT="46"
                          WIDTH="191"
                          VPOS="1542"
                          HPOS="1877"
                          CONTENT="sanitas"/>
                  <SP HEIGHT="46" WIDTH="17" VPOS="1542" HPOS="2067"/>
                  <String HEIGHT="46"
                          WIDTH="121"
                          VPOS="1542"
                          HPOS="2015"
                          CONTENT="non"/>
                  <SP HEIGHT="46" WIDTH="17" VPOS="1542" HPOS="2137"/>
                  <String HEIGHT="46"
                          WIDTH="87"
                          VPOS="1542"
                          HPOS="2067"
                          CONTENT="di"
                          SUBS_TYPE="HypPart1"
                          SUBS_CONTENT="dicit"/>
                  <HYP CONTENT="-"/>
               </TextLine>
               <TextLine ID="r1l93"
                         BASELINE="1628"
                         HEIGHT="45"
                         WIDTH="838"
                         VPOS="1583"
                         HPOS="1311">
                  <String HEIGHT="45"
                          WIDTH="107"
                          VPOS="1583"
                          HPOS="1296"
                          CONTENT="cit"
                          SUBS_TYPE="HypPart2"
                          SUBS_CONTENT="dicit"/>
                  <SP HEIGHT="45" WIDTH="15" VPOS="1583" HPOS="1402"/>
                  <String HEIGHT="45"
                          WIDTH="213"
                          VPOS="1583"
                          HPOS="1357"
                          CONTENT="formaliter"/>
                  <SP HEIGHT="45" WIDTH="15" VPOS="1583" HPOS="1570"/>
                  <String HEIGHT="45"
                          WIDTH="137"
                          VPOS="1583"
                          HPOS="1524"
                          CONTENT="illam"/>
                  <SP HEIGHT="45" WIDTH="15" VPOS="1583" HPOS="1661"/>
                  <String HEIGHT="45"
                          WIDTH="244"
                          VPOS="1583"
                          HPOS="1616"
                          CONTENT="habitudinem,"/>
                  <SP HEIGHT="45" WIDTH="15" VPOS="1583" HPOS="1860"/>
                  <String HEIGHT="45"
                          WIDTH="107"
                          VPOS="1583"
                          HPOS="1814"
                          CONTENT="seu"/>
                  <SP HEIGHT="45" WIDTH="15" VPOS="1583" HPOS="1920"/>
                  <String HEIGHT="45"
                          WIDTH="259"
                          VPOS="1583"
                          HPOS="1875"
                          CONTENT="proportionem:"/>
                  <SP HEIGHT="45" WIDTH="15" VPOS="1583" HPOS="2134"/>
                  <String HEIGHT="45"
                          WIDTH="76"
                          VPOS="1583"
                          HPOS="2073"
                          CONTENT="sed"/>
               </TextLine>
               <TextLine ID="r1l95"
                         BASELINE="1661"
                         HEIGHT="39"
                         WIDTH="841"
                         VPOS="1622"
                         HPOS="1309">
                  <String HEIGHT="39"
                          WIDTH="143"
                          VPOS="1622"
                          HPOS="1293"
                          CONTENT="dicit"/>
                  <SP HEIGHT="39" WIDTH="16" VPOS="1622" HPOS="1436"/>
                  <String HEIGHT="39"
                          WIDTH="222"
                          VPOS="1622"
                          HPOS="1388"
                          CONTENT="qualitatem"/>
                  <SP HEIGHT="39" WIDTH="16" VPOS="1622" HPOS="1610"/>
                  <String HEIGHT="39"
                          WIDTH="206"
                          VPOS="1622"
                          HPOS="1563"
                          CONTENT="absolutam"/>
                  <SP HEIGHT="39" WIDTH="16" VPOS="1622" HPOS="1769"/>
                  <String HEIGHT="39"
                          WIDTH="206"
                          VPOS="1622"
                          HPOS="1722"
                          CONTENT="huiusmodi"/>
                  <SP HEIGHT="39" WIDTH="16" VPOS="1622" HPOS="1928"/>
                  <String HEIGHT="39"
                          WIDTH="254"
                          VPOS="1622"
                          HPOS="1880"
                          CONTENT="proportionem"/>
                  <SP HEIGHT="39" WIDTH="16" VPOS="1622" HPOS="2134"/>
                  <String HEIGHT="39"
                          WIDTH="79"
                          VPOS="1622"
                          HPOS="2071"
                          CONTENT="con"/>
               </TextLine>
               <TextLine ID="r1l97"
                         BASELINE="1710"
                         HEIGHT="51"
                         WIDTH="842"
                         VPOS="1659"
                         HPOS="1305">
                  <String HEIGHT="51"
                          WIDTH="203"
                          VPOS="1659"
                          HPOS="1289"
                          CONTENT="tinentem,"/>
                  <SP HEIGHT="51" WIDTH="16" VPOS="1659" HPOS="1492"/>
                  <String HEIGHT="51" WIDTH="94" VPOS="1659" HPOS="1445" CONTENT="ac"/>
                  <SP HEIGHT="51" WIDTH="16" VPOS="1659" HPOS="1539"/>
                  <String HEIGHT="51"
                          WIDTH="109"
                          VPOS="1659"
                          HPOS="1492"
                          CONTENT="sub"/>
                  <SP HEIGHT="51" WIDTH="16" VPOS="1659" HPOS="1601"/>
                  <String HEIGHT="51"
                          WIDTH="203"
                          VPOS="1659"
                          HPOS="1554"
                          CONTENT="huiusmodi"/>
                  <SP HEIGHT="51" WIDTH="16" VPOS="1659" HPOS="1757"/>
                  <String HEIGHT="51"
                          WIDTH="234"
                          VPOS="1659"
                          HPOS="1710"
                          CONTENT="proportione"/>
                  <SP HEIGHT="51" WIDTH="16" VPOS="1659" HPOS="1944"/>
                  <String HEIGHT="51"
                          WIDTH="218"
                          VPOS="1659"
                          HPOS="1898"
                          CONTENT="actualiter"/>
                  <SP HEIGHT="51" WIDTH="16" VPOS="1659" HPOS="2116"/>
                  <String HEIGHT="51"
                          WIDTH="94"
                          VPOS="1659"
                          HPOS="2053"
                          CONTENT="exi"
                          SUBS_TYPE="HypPart1"
                          SUBS_CONTENT="existentem."/>
                  <HYP CONTENT="-"/>
               </TextLine>
               <TextLine ID="r1l99"
                         BASELINE="1751"
                         HEIGHT="53"
                         WIDTH="842"
                         VPOS="1698"
                         HPOS="1307">
                  <String HEIGHT="53"
                          WIDTH="184"
                          VPOS="1698"
                          HPOS="1292"
                          CONTENT="stentem."
                          SUBS_TYPE="HypPart2"
                          SUBS_CONTENT="existentem."/>
                  <SP HEIGHT="53" WIDTH="15" VPOS="1698" HPOS="1475"/>
                  <String HEIGHT="53" WIDTH="92" VPOS="1698" HPOS="1429" CONTENT="Et"/>
                  <SP HEIGHT="53" WIDTH="15" VPOS="1698" HPOS="1521"/>
                  <String HEIGHT="53" WIDTH="92" VPOS="1698" HPOS="1475" CONTENT="si"/>
                  <SP HEIGHT="53" WIDTH="15" VPOS="1698" HPOS="1567"/>
                  <String HEIGHT="53"
                          WIDTH="199"
                          VPOS="1698"
                          HPOS="1521"
                          CONTENT="quandoque"/>
                  <SP HEIGHT="53" WIDTH="15" VPOS="1698" HPOS="1720"/>
                  <String HEIGHT="53" WIDTH="92" VPOS="1698" HPOS="1674" CONTENT="in"/>
                  <SP HEIGHT="53" WIDTH="15" VPOS="1698" HPOS="1766"/>
                  <String HEIGHT="53"
                          WIDTH="153"
                          VPOS="1698"
                          HPOS="1720"
                          CONTENT="dictis"/>
                  <SP HEIGHT="53" WIDTH="15" VPOS="1698" HPOS="1873"/>
                  <String HEIGHT="53"
                          WIDTH="184"
                          VPOS="1698"
                          HPOS="1828"
                          CONTENT="Aristot."/>
                  <SP HEIGHT="53" WIDTH="15" VPOS="1698" HPOS="2011"/>
                  <String HEIGHT="53"
                          WIDTH="107"
                          VPOS="1698"
                          HPOS="1965"
                          CONTENT="vel"/>
                  <SP HEIGHT="53" WIDTH="15" VPOS="1698" HPOS="2072"/>
                  <String HEIGHT="53"
                          WIDTH="138"
                          VPOS="1698"
                          HPOS="2011"
                          CONTENT="aliorum"/>
               </TextLine>
               <TextLine ID="r1l101"
                         BASELINE="1791"
                         HEIGHT="46"
                         WIDTH="836"
                         VPOS="1745"
                         HPOS="1313">
                  <String HEIGHT="46"
                          WIDTH="279"
                          VPOS="1745"
                          HPOS="1297"
                          CONTENT="philosophorum"/>
                  <SP HEIGHT="46" WIDTH="16" VPOS="1745" HPOS="1575"/>
                  <String HEIGHT="46"
                          WIDTH="229"
                          VPOS="1745"
                          HPOS="1526"
                          CONTENT="inuenitur,"/>
                  <SP HEIGHT="46" WIDTH="16" VPOS="1745" HPOS="1756"/>
                  <String HEIGHT="46"
                          WIDTH="131"
                          VPOS="1745"
                          HPOS="1706"
                          CONTENT="quod"/>
                  <SP HEIGHT="46" WIDTH="16" VPOS="1745" HPOS="1838"/>
                  <String HEIGHT="46"
                          WIDTH="180"
                          VPOS="1745"
                          HPOS="1788"
                          CONTENT="sanitas"/>
                  <SP HEIGHT="46" WIDTH="16" VPOS="1745" HPOS="1969"/>
                  <String HEIGHT="46"
                          WIDTH="115"
                          VPOS="1745"
                          HPOS="1920"
                          CONTENT="est"/>
                  <SP HEIGHT="46" WIDTH="16" VPOS="1745" HPOS="2034"/>
                  <String HEIGHT="46"
                          WIDTH="180"
                          VPOS="1745"
                          HPOS="1969"
                          CONTENT="commensu"
                          SUBS_TYPE="HypPart1"
                          SUBS_CONTENT="commensuratio"/>
                  <HYP CONTENT="-"/>
               </TextLine>
               <TextLine ID="line_1603043252561_4134"
                         BASELINE="1828"
                         HEIGHT="47"
                         WIDTH="858"
                         VPOS="1781"
                         HPOS="1313">
                  <String HEIGHT="47"
                          WIDTH="143"
                          VPOS="1781"
                          HPOS="1297"
                          CONTENT="ratio"
                          SUBS_TYPE="HypPart2"
                          SUBS_CONTENT="commensuratio"/>
                  <SP HEIGHT="47" WIDTH="16" VPOS="1781" HPOS="1440"/>
                  <String HEIGHT="47"
                          WIDTH="191"
                          VPOS="1781"
                          HPOS="1392"
                          CONTENT="humorum,"/>
                  <SP HEIGHT="47" WIDTH="16" VPOS="1781" HPOS="1583"/>
                  <String HEIGHT="47"
                          WIDTH="111"
                          VPOS="1781"
                          HPOS="1535"
                          CONTENT="seu"/>
                  <SP HEIGHT="47" WIDTH="16" VPOS="1781" HPOS="1647"/>
                  <String HEIGHT="47"
                          WIDTH="222"
                          VPOS="1781"
                          HPOS="1599"
                          CONTENT="proportio:"/>
                  <SP HEIGHT="47" WIDTH="16" VPOS="1781" HPOS="1821"/>
                  <String HEIGHT="47"
                          WIDTH="159"
                          VPOS="1781"
                          HPOS="1774"
                          CONTENT="potest"/>
                  <SP HEIGHT="47" WIDTH="16" VPOS="1781" HPOS="1933"/>
                  <String HEIGHT="47"
                          WIDTH="143"
                          VPOS="1781"
                          HPOS="1885"
                          CONTENT="dici,"/>
                  <SP HEIGHT="47" WIDTH="16" VPOS="1781" HPOS="2028"/>
                  <String HEIGHT="47"
                          WIDTH="127"
                          VPOS="1781"
                          HPOS="1980"
                          CONTENT="quod"/>
                  <SP HEIGHT="47" WIDTH="16" VPOS="1781" HPOS="2107"/>
                  <String HEIGHT="47"
                          WIDTH="127"
                          VPOS="1781"
                          HPOS="2044"
                          CONTENT="huius"
                          SUBS_TYPE="HypPart1"
                          SUBS_CONTENT="huiusmodi"/>
                  <HYP CONTENT="-"/>
               </TextLine>
               <TextLine ID="r1l106"
                         BASELINE="1862"
                         HEIGHT="40"
                         WIDTH="844"
                         VPOS="1822"
                         HPOS="1313">
                  <String HEIGHT="40"
                          WIDTH="123"
                          VPOS="1822"
                          HPOS="1298"
                          CONTENT="modi"
                          SUBS_TYPE="HypPart2"
                          SUBS_CONTENT="huiusmodi"/>
                  <SP HEIGHT="40" WIDTH="15" VPOS="1822" HPOS="1420"/>
                  <String HEIGHT="40"
                          WIDTH="230"
                          VPOS="1822"
                          HPOS="1374"
                          CONTENT="praedicatio"/>
                  <SP HEIGHT="40" WIDTH="15" VPOS="1822" HPOS="1605"/>
                  <String HEIGHT="40"
                          WIDTH="107"
                          VPOS="1822"
                          HPOS="1559"
                          CONTENT="non"/>
                  <SP HEIGHT="40" WIDTH="15" VPOS="1822" HPOS="1666"/>
                  <String HEIGHT="40"
                          WIDTH="107"
                          VPOS="1822"
                          HPOS="1620"
                          CONTENT="est"/>
                  <SP HEIGHT="40" WIDTH="15" VPOS="1822" HPOS="1727"/>
                  <String HEIGHT="40"
                          WIDTH="199"
                          VPOS="1822"
                          HPOS="1681"
                          CONTENT="formalis,"/>
                  <SP HEIGHT="40" WIDTH="15" VPOS="1822" HPOS="1881"/>
                  <String HEIGHT="40"
                          WIDTH="107"
                          VPOS="1822"
                          HPOS="1835"
                          CONTENT="sed"/>
                  <SP HEIGHT="40" WIDTH="15" VPOS="1822" HPOS="1942"/>
                  <String HEIGHT="40"
                          WIDTH="153"
                          VPOS="1822"
                          HPOS="1896"
                          CONTENT="aliquo"/>
                  <SP HEIGHT="40" WIDTH="15" VPOS="1822" HPOS="2050"/>
                  <String HEIGHT="40"
                          WIDTH="123"
                          VPOS="1822"
                          HPOS="2004"
                          CONTENT="modo"/>
                  <SP HEIGHT="40" WIDTH="15" VPOS="1822" HPOS="2126"/>
                  <String HEIGHT="40"
                          WIDTH="92"
                          VPOS="1822"
                          HPOS="2065"
                          CONTENT="cau"
                          SUBS_TYPE="HypPart1"
                          SUBS_CONTENT="causalis:"/>
                  <HYP CONTENT="-"/>
               </TextLine>
               <TextLine ID="r1l110"
                         BASELINE="1898"
                         HEIGHT="41"
                         WIDTH="827"
                         VPOS="1857"
                         HPOS="1321">
                  <String HEIGHT="41"
                          WIDTH="143"
                          VPOS="1857"
                          HPOS="1307"
                          CONTENT="salis:"
                          SUBS_TYPE="HypPart2"
                          SUBS_CONTENT="causalis:"/>
                  <SP HEIGHT="41" WIDTH="14" VPOS="1857" HPOS="1449"/>
                  <String HEIGHT="41"
                          WIDTH="128"
                          VPOS="1857"
                          HPOS="1407"
                          CONTENT="Sicut"/>
                  <SP HEIGHT="41" WIDTH="14" VPOS="1857" HPOS="1535"/>
                  <String HEIGHT="41"
                          WIDTH="128"
                          VPOS="1857"
                          HPOS="1492"
                          CONTENT="etiam"/>
                  <SP HEIGHT="41" WIDTH="14" VPOS="1857" HPOS="1620"/>
                  <String HEIGHT="41"
                          WIDTH="157"
                          VPOS="1857"
                          HPOS="1578"
                          CONTENT="August."/>
                  <SP HEIGHT="41" WIDTH="14" VPOS="1857" HPOS="1735"/>
                  <String HEIGHT="41"
                          WIDTH="114"
                          VPOS="1857"
                          HPOS="1692"
                          CONTENT="ait,"/>
                  <SP HEIGHT="41" WIDTH="14" VPOS="1857" HPOS="1806"/>
                  <String HEIGHT="41"
                          WIDTH="128"
                          VPOS="1857"
                          HPOS="1763"
                          CONTENT="anima"/>
                  <SP HEIGHT="41" WIDTH="14" VPOS="1857" HPOS="1891"/>
                  <String HEIGHT="41"
                          WIDTH="100"
                          VPOS="1857"
                          HPOS="1849"
                          CONTENT="est"/>
                  <SP HEIGHT="41" WIDTH="14" VPOS="1857" HPOS="1948"/>
                  <String HEIGHT="41"
                          WIDTH="228"
                          VPOS="1857"
                          HPOS="1906"
                          CONTENT="intellectus."/>
                  <SP HEIGHT="41" WIDTH="14" VPOS="1857" HPOS="2134"/>
                  <String HEIGHT="41"
                          WIDTH="71"
                          VPOS="1857"
                          HPOS="2077"
                          CONTENT="Vei"/>
               </TextLine>
               <TextLine ID="r1l115"
                         BASELINE="1941"
                         HEIGHT="46"
                         WIDTH="841"
                         VPOS="1895"
                         HPOS="1318">
                  <String HEIGHT="46"
                          WIDTH="210"
                          VPOS="1895"
                          HPOS="1302"
                          CONTENT="dicendum,"/>
                  <SP HEIGHT="46" WIDTH="16" VPOS="1895" HPOS="1512"/>
                  <String HEIGHT="46"
                          WIDTH="129"
                          VPOS="1895"
                          HPOS="1464"
                          CONTENT="quod"/>
                  <SP HEIGHT="46" WIDTH="16" VPOS="1895" HPOS="1593"/>
                  <String HEIGHT="46"
                          WIDTH="113"
                          VPOS="1895"
                          HPOS="1544"
                          CONTENT="non"/>
                  <SP HEIGHT="46" WIDTH="16" VPOS="1895" HPOS="1658"/>
                  <String HEIGHT="46"
                          WIDTH="113"
                          VPOS="1895"
                          HPOS="1609"
                          CONTENT="est"/>
                  <SP HEIGHT="46" WIDTH="16" VPOS="1895" HPOS="1722"/>
                  <String HEIGHT="46" WIDTH="97" VPOS="1895" HPOS="1674" CONTENT="in"/>
                  <SP HEIGHT="46" WIDTH="16" VPOS="1895" HPOS="1771"/>
                  <String HEIGHT="46"
                          WIDTH="146"
                          VPOS="1895"
                          HPOS="1722"
                          CONTENT="primo"/>
                  <SP HEIGHT="46" WIDTH="16" VPOS="1895" HPOS="1868"/>
                  <String HEIGHT="46"
                          WIDTH="129"
                          VPOS="1895"
                          HPOS="1819"
                          CONTENT="modo"/>
                  <SP HEIGHT="46" WIDTH="16" VPOS="1895" HPOS="1949"/>
                  <String HEIGHT="46"
                          WIDTH="178"
                          VPOS="1895"
                          HPOS="1900"
                          CONTENT="dicendi"/>
                  <SP HEIGHT="46" WIDTH="16" VPOS="1895" HPOS="2078"/>
                  <String HEIGHT="46"
                          WIDTH="113"
                          VPOS="1895"
                          HPOS="2030"
                          CONTENT="per"/>
                  <SP HEIGHT="46" WIDTH="16" VPOS="1895" HPOS="2143"/>
                  <String HEIGHT="46"
                          WIDTH="81"
                          VPOS="1895"
                          HPOS="2078"
                          CONTENT="se,"/>
               </TextLine>
               <TextLine ID="r1l118"
                         BASELINE="1984"
                         HEIGHT="49"
                         WIDTH="225"
                         VPOS="1935"
                         HPOS="1317">
                  <String HEIGHT="49"
                          WIDTH="105"
                          VPOS="1935"
                          HPOS="1302"
                          CONTENT="sed"/>
                  <SP HEIGHT="49" WIDTH="15" VPOS="1935" HPOS="1407"/>
                  <String HEIGHT="49" WIDTH="90" VPOS="1935" HPOS="1362" CONTENT="in"/>
                  <SP HEIGHT="49" WIDTH="15" VPOS="1935" HPOS="1452"/>
                  <String HEIGHT="49"
                          WIDTH="150"
                          VPOS="1935"
                          HPOS="1392"
                          CONTENT="secundo."/>
               </TextLine>
               <TextLine ID="r1l122"
                         BASELINE="2016"
                         HEIGHT="42"
                         WIDTH="791"
                         VPOS="1974"
                         HPOS="1360">
                  <String HEIGHT="42" WIDTH="95" VPOS="1974" HPOS="1344" CONTENT="Ad"/>
                  <SP HEIGHT="42" WIDTH="16" VPOS="1974" HPOS="1439"/>
                  <String HEIGHT="42"
                          WIDTH="174"
                          VPOS="1974"
                          HPOS="1392"
                          CONTENT="tertium"/>
                  <SP HEIGHT="42" WIDTH="16" VPOS="1974" HPOS="1566"/>
                  <String HEIGHT="42"
                          WIDTH="206"
                          VPOS="1974"
                          HPOS="1518"
                          CONTENT="dicendum,"/>
                  <SP HEIGHT="42" WIDTH="16" VPOS="1974" HPOS="1724"/>
                  <String HEIGHT="42"
                          WIDTH="127"
                          VPOS="1974"
                          HPOS="1676"
                          CONTENT="quod"/>
                  <SP HEIGHT="42" WIDTH="16" VPOS="1974" HPOS="1803"/>
                  <String HEIGHT="42"
                          WIDTH="142"
                          VPOS="1974"
                          HPOS="1756"
                          CONTENT="minor"/>
                  <SP HEIGHT="42" WIDTH="16" VPOS="1974" HPOS="1898"/>
                  <String HEIGHT="42"
                          WIDTH="237"
                          VPOS="1974"
                          HPOS="1850"
                          CONTENT="contradicit"/>
                  <SP HEIGHT="42" WIDTH="16" VPOS="1974" HPOS="2088"/>
                  <String HEIGHT="42"
                          WIDTH="142"
                          VPOS="1974"
                          HPOS="2040"
                          CONTENT="malo."/>
                  <SP HEIGHT="42" WIDTH="16" VPOS="1974" HPOS="2183"/>
                  <String HEIGHT="42" WIDTH="32" VPOS="1974" HPOS="2119" CONTENT=""/>
               </TextLine>
               <TextLine ID="r1l125"
                         BASELINE="2060"
                         HEIGHT="41"
                         WIDTH="836"
                         VPOS="2019"
                         HPOS="1321">
                  <String HEIGHT="41"
                          WIDTH="110"
                          VPOS="2019"
                          HPOS="1305"
                          CONTENT="ri:"/>
                  <SP HEIGHT="41" WIDTH="16" VPOS="2019" HPOS="1416"/>
                  <String HEIGHT="41"
                          WIDTH="126"
                          VPOS="2019"
                          HPOS="1368"
                          CONTENT="quia"/>
                  <SP HEIGHT="41" WIDTH="16" VPOS="2019" HPOS="1495"/>
                  <String HEIGHT="41" WIDTH="95" VPOS="2019" HPOS="1447" CONTENT="in"/>
                  <SP HEIGHT="41" WIDTH="16" VPOS="2019" HPOS="1542"/>
                  <String HEIGHT="41"
                          WIDTH="158"
                          VPOS="2019"
                          HPOS="1495"
                          CONTENT="maiori"/>
                  <SP HEIGHT="41" WIDTH="16" VPOS="2019" HPOS="1652"/>
                  <String HEIGHT="41"
                          WIDTH="189"
                          VPOS="2019"
                          HPOS="1605"
                          CONTENT="dicitur,"/>
                  <SP HEIGHT="41" WIDTH="16" VPOS="2019" HPOS="1794"/>
                  <String HEIGHT="41"
                          WIDTH="126"
                          VPOS="2019"
                          HPOS="1747"
                          CONTENT="quod"/>
                  <SP HEIGHT="41" WIDTH="16" VPOS="2019" HPOS="1873"/>
                  <String HEIGHT="41"
                          WIDTH="110"
                          VPOS="2019"
                          HPOS="1826"
                          CONTENT="per"/>
                  <SP HEIGHT="41" WIDTH="16" VPOS="2019" HPOS="1936"/>
                  <String HEIGHT="41"
                          WIDTH="142"
                          VPOS="2019"
                          HPOS="1889"
                          CONTENT="actus"/>
                  <SP HEIGHT="41" WIDTH="16" VPOS="2019" HPOS="2031"/>
                  <String HEIGHT="41"
                          WIDTH="189"
                          VPOS="2019"
                          HPOS="1968"
                          CONTENT="immanentes"/>
               </TextLine>
               <TextLine ID="r1l128"
                         BASELINE="2102"
                         HEIGHT="48"
                         WIDTH="834"
                         VPOS="2054"
                         HPOS="1319">
                  <String HEIGHT="48"
                          WIDTH="157"
                          VPOS="2054"
                          HPOS="1303"
                          CONTENT="omnino"/>
                  <SP HEIGHT="48" WIDTH="16" VPOS="2054" HPOS="1461"/>
                  <String HEIGHT="48"
                          WIDTH="142"
                          VPOS="2054"
                          HPOS="1413"
                          CONTENT="nihil"/>
                  <SP HEIGHT="48" WIDTH="16" VPOS="2054" HPOS="1555"/>
                  <String HEIGHT="48"
                          WIDTH="268"
                          VPOS="2054"
                          HPOS="1508"
                          CONTENT="constituitur."/>
                  <SP HEIGHT="48" WIDTH="16" VPOS="2054" HPOS="1775"/>
                  <String HEIGHT="48" WIDTH="94" VPOS="2054" HPOS="1728" CONTENT="Et"/>
                  <SP HEIGHT="48" WIDTH="16" VPOS="2054" HPOS="1823"/>
                  <String HEIGHT="48" WIDTH="94" VPOS="2054" HPOS="1775" CONTENT="in"/>
                  <SP HEIGHT="48" WIDTH="16" VPOS="2054" HPOS="1870"/>
                  <String HEIGHT="48"
                          WIDTH="157"
                          VPOS="2054"
                          HPOS="1823"
                          CONTENT="minore"/>
                  <SP HEIGHT="48" WIDTH="16" VPOS="2054" HPOS="1980"/>
                  <String HEIGHT="48"
                          WIDTH="189"
                          VPOS="2054"
                          HPOS="1933"
                          CONTENT="dicitur,"/>
                  <SP HEIGHT="48" WIDTH="16" VPOS="2054" HPOS="2122"/>
                  <String HEIGHT="48"
                          WIDTH="94"
                          VPOS="2054"
                          HPOS="2059"
                          CONTENT="quod"/>
               </TextLine>
               <TextLine ID="r1l131"
                         BASELINE="2142"
                         HEIGHT="50"
                         WIDTH="835"
                         VPOS="2092"
                         HPOS="1326">
                  <String HEIGHT="50"
                          WIDTH="101"
                          VPOS="2092"
                          HPOS="1312"
                          CONTENT="per"/>
                  <SP HEIGHT="50" WIDTH="14" VPOS="2092" HPOS="1412"/>
                  <String HEIGHT="50"
                          WIDTH="130"
                          VPOS="2092"
                          HPOS="1369"
                          CONTENT="tales"/>
                  <SP HEIGHT="50" WIDTH="14" VPOS="2092" HPOS="1499"/>
                  <String HEIGHT="50"
                          WIDTH="130"
                          VPOS="2092"
                          HPOS="1456"
                          CONTENT="actus"/>
                  <SP HEIGHT="50" WIDTH="14" VPOS="2092" HPOS="1585"/>
                  <String HEIGHT="50"
                          WIDTH="230"
                          VPOS="2092"
                          HPOS="1542"
                          CONTENT="constituitur"/>
                  <SP HEIGHT="50" WIDTH="14" VPOS="2092" HPOS="1772"/>
                  <String HEIGHT="50"
                          WIDTH="173"
                          VPOS="2092"
                          HPOS="1729"
                          CONTENT="habitus:"/>
                  <SP HEIGHT="50" WIDTH="14" VPOS="2092" HPOS="1902"/>
                  <String HEIGHT="50"
                          WIDTH="144"
                          VPOS="2092"
                          HPOS="1859"
                          CONTENT="igitur"/>
                  <SP HEIGHT="50" WIDTH="14" VPOS="2092" HPOS="2003"/>
                  <String HEIGHT="50"
                          WIDTH="101"
                          VPOS="2092"
                          HPOS="1959"
                          CONTENT="vel"/>
                  <SP HEIGHT="50" WIDTH="14" VPOS="2092" HPOS="2060"/>
                  <String HEIGHT="50"
                          WIDTH="158"
                          VPOS="2092"
                          HPOS="2003"
                          CONTENT="conclude"
                          SUBS_TYPE="HypPart1"
                          SUBS_CONTENT="concludetur,"/>
                  <HYP CONTENT="-"/>
               </TextLine>
               <TextLine ID="r1l133"
                         BASELINE="2176"
                         HEIGHT="40"
                         WIDTH="839"
                         VPOS="2136"
                         HPOS="1314">
                  <String HEIGHT="40"
                          WIDTH="118"
                          VPOS="2136"
                          HPOS="1299"
                          CONTENT="tur,"
                          SUBS_TYPE="HypPart2"
                          SUBS_CONTENT="concludetur,"/>
                  <SP HEIGHT="40" WIDTH="15" VPOS="2136" HPOS="1417"/>
                  <String HEIGHT="40"
                          WIDTH="118"
                          VPOS="2136"
                          HPOS="1373"
                          CONTENT="quod"/>
                  <SP HEIGHT="40" WIDTH="15" VPOS="2136" HPOS="1491"/>
                  <String HEIGHT="40"
                          WIDTH="162"
                          VPOS="2136"
                          HPOS="1446"
                          CONTENT="habitus"/>
                  <SP HEIGHT="40" WIDTH="15" VPOS="2136" HPOS="1608"/>
                  <String HEIGHT="40"
                          WIDTH="103"
                          VPOS="2136"
                          HPOS="1564"
                          CONTENT="sit"/>
                  <SP HEIGHT="40" WIDTH="15" VPOS="2136" HPOS="1667"/>
                  <String HEIGHT="40"
                          WIDTH="147"
                          VPOS="2136"
                          HPOS="1623"
                          CONTENT="nihil,"/>
                  <SP HEIGHT="40" WIDTH="15" VPOS="2136" HPOS="1770"/>
                  <String HEIGHT="40"
                          WIDTH="103"
                          VPOS="2136"
                          HPOS="1726"
                          CONTENT="vel"/>
                  <SP HEIGHT="40" WIDTH="15" VPOS="2136" HPOS="1829"/>
                  <String HEIGHT="40"
                          WIDTH="132"
                          VPOS="2136"
                          HPOS="1785"
                          CONTENT="minor"/>
                  <SP HEIGHT="40" WIDTH="15" VPOS="2136" HPOS="1917"/>
                  <String HEIGHT="40"
                          WIDTH="221"
                          VPOS="2136"
                          HPOS="1873"
                          CONTENT="contradicit"/>
                  <SP HEIGHT="40" WIDTH="15" VPOS="2136" HPOS="2094"/>
                  <String HEIGHT="40"
                          WIDTH="132"
                          VPOS="2136"
                          HPOS="2050"
                          CONTENT="maio"/>
                  <SP HEIGHT="40" WIDTH="15" VPOS="2136" HPOS="2182"/>
                  <String HEIGHT="40" WIDTH="29" VPOS="2136" HPOS="2124" CONTENT=""/>
               </TextLine>
               <TextLine ID="r1l136"
                         BASELINE="2216"
                         HEIGHT="44"
                         WIDTH="851"
                         VPOS="2172"
                         HPOS="1314">
                  <String HEIGHT="44"
                          WIDTH="112"
                          VPOS="2172"
                          HPOS="1298"
                          CONTENT="ri."/>
                  <SP HEIGHT="44" WIDTH="16" VPOS="2172" HPOS="1410"/>
                  <String HEIGHT="44" WIDTH="96" VPOS="2172" HPOS="1362" CONTENT="Et"/>
                  <SP HEIGHT="44" WIDTH="16" VPOS="2172" HPOS="1459"/>
                  <String HEIGHT="44"
                          WIDTH="128"
                          VPOS="2172"
                          HPOS="1410"
                          CONTENT="ideo"/>
                  <SP HEIGHT="44" WIDTH="16" VPOS="2172" HPOS="1539"/>
                  <String HEIGHT="44"
                          WIDTH="209"
                          VPOS="2172"
                          HPOS="1491"
                          CONTENT="dicendum,"/>
                  <SP HEIGHT="44" WIDTH="16" VPOS="2172" HPOS="1699"/>
                  <String HEIGHT="44"
                          WIDTH="128"
                          VPOS="2172"
                          HPOS="1651"
                          CONTENT="quod"/>
                  <SP HEIGHT="44" WIDTH="16" VPOS="2172" HPOS="1780"/>
                  <String HEIGHT="44"
                          WIDTH="112"
                          VPOS="2172"
                          HPOS="1731"
                          CONTENT="per"/>
                  <SP HEIGHT="44" WIDTH="16" VPOS="2172" HPOS="1844"/>
                  <String HEIGHT="44"
                          WIDTH="145"
                          VPOS="2172"
                          HPOS="1796"
                          CONTENT="illam"/>
                  <SP HEIGHT="44" WIDTH="16" VPOS="2172" HPOS="1940"/>
                  <String HEIGHT="44"
                          WIDTH="177"
                          VPOS="2172"
                          HPOS="1892"
                          CONTENT="maiorem"/>
                  <SP HEIGHT="44" WIDTH="16" VPOS="2172" HPOS="2069"/>
                  <String HEIGHT="44"
                          WIDTH="161"
                          VPOS="2172"
                          HPOS="2004"
                          CONTENT="proposi"
                          SUBS_TYPE="HypPart1"
                          SUBS_CONTENT="propositionem"/>
                  <HYP CONTENT="-"/>
               </TextLine>
               <TextLine ID="r1l139"
                         BASELINE="2250"
                         HEIGHT="42"
                         WIDTH="835"
                         VPOS="2208"
                         HPOS="1322">
                  <String HEIGHT="42"
                          WIDTH="155"
                          VPOS="2208"
                          HPOS="1307"
                          CONTENT="tionem"
                          SUBS_TYPE="HypPart2"
                          SUBS_CONTENT="propositionem"/>
                  <SP HEIGHT="42" WIDTH="15" VPOS="2208" HPOS="1461"/>
                  <String HEIGHT="42"
                          WIDTH="232"
                          VPOS="2208"
                          HPOS="1415"
                          CONTENT="philosophus"/>
                  <SP HEIGHT="42" WIDTH="15" VPOS="2208" HPOS="1647"/>
                  <String HEIGHT="42"
                          WIDTH="108"
                          VPOS="2208"
                          HPOS="1600"
                          CONTENT="non"/>
                  <SP HEIGHT="42" WIDTH="15" VPOS="2208" HPOS="1709"/>
                  <String HEIGHT="42"
                          WIDTH="186"
                          VPOS="2208"
                          HPOS="1662"
                          CONTENT="intendit"/>
                  <SP HEIGHT="42" WIDTH="15" VPOS="2208" HPOS="1848"/>
                  <String HEIGHT="42"
                          WIDTH="170"
                          VPOS="2208"
                          HPOS="1801"
                          CONTENT="dicere,"/>
                  <SP HEIGHT="42" WIDTH="15" VPOS="2208" HPOS="1971"/>
                  <String HEIGHT="42"
                          WIDTH="124"
                          VPOS="2208"
                          HPOS="1925"
                          CONTENT="quod"/>
                  <SP HEIGHT="42" WIDTH="15" VPOS="2208" HPOS="2049"/>
                  <String HEIGHT="42"
                          WIDTH="108"
                          VPOS="2208"
                          HPOS="2002"
                          CONTENT="per"/>
                  <SP HEIGHT="42" WIDTH="15" VPOS="2208" HPOS="2111"/>
                  <String HEIGHT="42"
                          WIDTH="108"
                          VPOS="2208"
                          HPOS="2049"
                          CONTENT="actus"/>
               </TextLine>
               <TextLine ID="r1l141"
                         BASELINE="2293"
                         HEIGHT="45"
                         WIDTH="842"
                         VPOS="2248"
                         HPOS="1312">
                  <String HEIGHT="45"
                          WIDTH="231"
                          VPOS="2248"
                          HPOS="1295"
                          CONTENT="immanentes"/>
                  <SP HEIGHT="45" WIDTH="17" VPOS="2248" HPOS="1527"/>
                  <String HEIGHT="45"
                          WIDTH="165"
                          VPOS="2248"
                          HPOS="1477"
                          CONTENT="omnino"/>
                  <SP HEIGHT="45" WIDTH="17" VPOS="2248" HPOS="1642"/>
                  <String HEIGHT="45"
                          WIDTH="149"
                          VPOS="2248"
                          HPOS="1593"
                          CONTENT="nihil"/>
                  <SP HEIGHT="45" WIDTH="17" VPOS="2248" HPOS="1741"/>
                  <String HEIGHT="45"
                          WIDTH="281"
                          VPOS="2248"
                          HPOS="1692"
                          CONTENT="constituitur,"/>
                  <SP HEIGHT="45" WIDTH="17" VPOS="2248" HPOS="1972"/>
                  <String HEIGHT="45"
                          WIDTH="116"
                          VPOS="2248"
                          HPOS="1923"
                          CONTENT="cum"/>
                  <SP HEIGHT="45" WIDTH="17" VPOS="2248" HPOS="2038"/>
                  <String HEIGHT="45"
                          WIDTH="182"
                          VPOS="2248"
                          HPOS="1989"
                          CONTENT="ipsemet"/>
                  <SP HEIGHT="45" WIDTH="17" VPOS="2248" HPOS="2171"/>
                  <String HEIGHT="45" WIDTH="50" VPOS="2248" HPOS="2104" CONTENT="2"/>
               </TextLine>
               <TextLine ID="r1l143"
                         BASELINE="2331"
                         HEIGHT="46"
                         WIDTH="846"
                         VPOS="2285"
                         HPOS="1316">
                  <String HEIGHT="46"
                          WIDTH="148"
                          VPOS="2285"
                          HPOS="1301"
                          CONTENT="ethic."/>
                  <SP HEIGHT="46" WIDTH="15" VPOS="2285" HPOS="1450"/>
                  <String HEIGHT="46"
                          WIDTH="148"
                          VPOS="2285"
                          HPOS="1405"
                          CONTENT="dicat,"/>
                  <SP HEIGHT="46" WIDTH="15" VPOS="2285" HPOS="1553"/>
                  <String HEIGHT="46"
                          WIDTH="119"
                          VPOS="2285"
                          HPOS="1509"
                          CONTENT="quod"/>
                  <SP HEIGHT="46" WIDTH="15" VPOS="2285" HPOS="1628"/>
                  <String HEIGHT="46" WIDTH="89" VPOS="2285" HPOS="1583" CONTENT="ex"/>
                  <SP HEIGHT="46" WIDTH="15" VPOS="2285" HPOS="1672"/>
                  <String HEIGHT="46"
                          WIDTH="163"
                          VPOS="2285"
                          HPOS="1628"
                          CONTENT="talibus"/>
                  <SP HEIGHT="46" WIDTH="15" VPOS="2285" HPOS="1791"/>
                  <String HEIGHT="46"
                          WIDTH="163"
                          VPOS="2285"
                          HPOS="1746"
                          CONTENT="actibus"/>
                  <SP HEIGHT="46" WIDTH="15" VPOS="2285" HPOS="1910"/>
                  <String HEIGHT="46"
                          WIDTH="208"
                          VPOS="2285"
                          HPOS="1865"
                          CONTENT="generantur"/>
                  <SP HEIGHT="46" WIDTH="15" VPOS="2285" HPOS="2073"/>
                  <String HEIGHT="46"
                          WIDTH="148"
                          VPOS="2285"
                          HPOS="2014"
                          CONTENT="habitus:"/>
               </TextLine>
               <TextLine ID="r1l145"
                         BASELINE="2376"
                         HEIGHT="49"
                         WIDTH="843"
                         VPOS="2327"
                         HPOS="1320">
                  <String HEIGHT="49"
                          WIDTH="109"
                          VPOS="2327"
                          HPOS="1304"
                          CONTENT="sed"/>
                  <SP HEIGHT="49" WIDTH="16" VPOS="2327" HPOS="1414"/>
                  <String HEIGHT="49"
                          WIDTH="187"
                          VPOS="2327"
                          HPOS="1367"
                          CONTENT="intendit"/>
                  <SP HEIGHT="49" WIDTH="16" VPOS="2327" HPOS="1554"/>
                  <String HEIGHT="49"
                          WIDTH="172"
                          VPOS="2327"
                          HPOS="1507"
                          CONTENT="dicere,"/>
                  <SP HEIGHT="49" WIDTH="16" VPOS="2327" HPOS="1679"/>
                  <String HEIGHT="49"
                          WIDTH="125"
                          VPOS="2327"
                          HPOS="1632"
                          CONTENT="quod"/>
                  <SP HEIGHT="49" WIDTH="16" VPOS="2327" HPOS="1757"/>
                  <String HEIGHT="49"
                          WIDTH="109"
                          VPOS="2327"
                          HPOS="1710"
                          CONTENT="per"/>
                  <SP HEIGHT="49" WIDTH="16" VPOS="2327" HPOS="1820"/>
                  <String HEIGHT="49"
                          WIDTH="141"
                          VPOS="2327"
                          HPOS="1773"
                          CONTENT="actus"/>
                  <SP HEIGHT="49" WIDTH="16" VPOS="2327" HPOS="1913"/>
                  <String HEIGHT="49"
                          WIDTH="234"
                          VPOS="2327"
                          HPOS="1866"
                          CONTENT="immanentes,"/>
                  <SP HEIGHT="49" WIDTH="16" VPOS="2327" HPOS="2101"/>
                  <String HEIGHT="49" WIDTH="94" VPOS="2327" HPOS="2054" CONTENT="vt"/>
                  <SP HEIGHT="49" WIDTH="16" VPOS="2327" HPOS="2147"/>
                  <String HEIGHT="49"
                          WIDTH="78"
                          VPOS="2327"
                          HPOS="2085"
                          CONTENT="im"
                          SUBS_TYPE="HypPart1"
                          SUBS_CONTENT="immanentes"/>
                  <HYP CONTENT="-"/>
               </TextLine>
               <TextLine ID="r1l147"
                         BASELINE="2416"
                         HEIGHT="49"
                         WIDTH="826"
                         VPOS="2367"
                         HPOS="1326">
                  <String HEIGHT="49"
                          WIDTH="191"
                          VPOS="2367"
                          HPOS="1310"
                          CONTENT="manentes"
                          SUBS_TYPE="HypPart2"
                          SUBS_CONTENT="immanentes"/>
                  <SP HEIGHT="49" WIDTH="16" VPOS="2367" HPOS="1501"/>
                  <String HEIGHT="49"
                          WIDTH="143"
                          VPOS="2367"
                          HPOS="1453"
                          CONTENT="sunt,"/>
                  <SP HEIGHT="49" WIDTH="16" VPOS="2367" HPOS="1596"/>
                  <String HEIGHT="49"
                          WIDTH="111"
                          VPOS="2367"
                          HPOS="1548"
                          CONTENT="non"/>
                  <SP HEIGHT="49" WIDTH="16" VPOS="2367" HPOS="1660"/>
                  <String HEIGHT="49"
                          WIDTH="254"
                          VPOS="2367"
                          HPOS="1612"
                          CONTENT="constituitur"/>
                  <SP HEIGHT="49" WIDTH="16" VPOS="2367" HPOS="1866"/>
                  <String HEIGHT="49"
                          WIDTH="175"
                          VPOS="2367"
                          HPOS="1818"
                          CONTENT="aliquid"/>
                  <SP HEIGHT="49" WIDTH="16" VPOS="2367" HPOS="1993"/>
                  <String HEIGHT="49"
                          WIDTH="207"
                          VPOS="2367"
                          HPOS="1946"
                          CONTENT="immediate"/>
                  <SP HEIGHT="49" WIDTH="16" VPOS="2367" HPOS="2152"/>
                  <String HEIGHT="49" WIDTH="64" VPOS="2367" HPOS="2088" CONTENT="ex"/>
               </TextLine>
               <TextLine ID="r1l150"
                         BASELINE="2446"
                         HEIGHT="40"
                         WIDTH="710"
                         VPOS="2406"
                         HPOS="1323">
                  <String HEIGHT="40"
                          WIDTH="104"
                          VPOS="2406"
                          HPOS="1308"
                          CONTENT="tra"/>
                  <SP HEIGHT="40" WIDTH="15" VPOS="2406" HPOS="1412"/>
                  <String HEIGHT="40"
                          WIDTH="133"
                          VPOS="2406"
                          HPOS="1367"
                          CONTENT="ipsum"/>
                  <SP HEIGHT="40" WIDTH="15" VPOS="2406" HPOS="1501"/>
                  <String HEIGHT="40"
                          WIDTH="148"
                          VPOS="2406"
                          HPOS="1456"
                          CONTENT="agens,"/>
                  <SP HEIGHT="40" WIDTH="15" VPOS="2406" HPOS="1604"/>
                  <String HEIGHT="40"
                          WIDTH="118"
                          VPOS="2406"
                          HPOS="1560"
                          CONTENT="quod"/>
                  <SP HEIGHT="40" WIDTH="15" VPOS="2406" HPOS="1678"/>
                  <String HEIGHT="40"
                          WIDTH="104"
                          VPOS="2406"
                          HPOS="1634"
                          CONTENT="non"/>
                  <SP HEIGHT="40" WIDTH="15" VPOS="2406" HPOS="1737"/>
                  <String HEIGHT="40"
                          WIDTH="104"
                          VPOS="2406"
                          HPOS="1693"
                          CONTENT="sit"/>
                  <SP HEIGHT="40" WIDTH="15" VPOS="2406" HPOS="1796"/>
                  <String HEIGHT="40"
                          WIDTH="192"
                          VPOS="2406"
                          HPOS="1752"
                          CONTENT="persectio"/>
                  <SP HEIGHT="40" WIDTH="15" VPOS="2406" HPOS="1944"/>
                  <String HEIGHT="40"
                          WIDTH="148"
                          VPOS="2406"
                          HPOS="1885"
                          CONTENT="agentis."/>
               </TextLine>
               <TextLine ID="r1l154"
                         BASELINE="2492"
                         HEIGHT="52"
                         WIDTH="814"
                         VPOS="2440"
                         HPOS="1354">
                  <String HEIGHT="52"
                          WIDTH="102"
                          VPOS="2440"
                          HPOS="1337"
                          CONTENT="Ad"/>
                  <SP HEIGHT="52" WIDTH="17" VPOS="2440" HPOS="1439"/>
                  <String HEIGHT="52"
                          WIDTH="187"
                          VPOS="2440"
                          HPOS="1388"
                          CONTENT="quartum"/>
                  <SP HEIGHT="52" WIDTH="17" VPOS="2440" HPOS="1574"/>
                  <String HEIGHT="52"
                          WIDTH="220"
                          VPOS="2440"
                          HPOS="1524"
                          CONTENT="dicendum,"/>
                  <SP HEIGHT="52" WIDTH="17" VPOS="2440" HPOS="1744"/>
                  <String HEIGHT="52"
                          WIDTH="136"
                          VPOS="2440"
                          HPOS="1693"
                          CONTENT="quod"/>
                  <SP HEIGHT="52" WIDTH="17" VPOS="2440" HPOS="1829"/>
                  <String HEIGHT="52"
                          WIDTH="153"
                          VPOS="2440"
                          HPOS="1778"
                          CONTENT="maior"/>
                  <SP HEIGHT="52" WIDTH="17" VPOS="2440" HPOS="1931"/>
                  <String HEIGHT="52"
                          WIDTH="119"
                          VPOS="2440"
                          HPOS="1880"
                          CONTENT="non"/>
                  <SP HEIGHT="52" WIDTH="17" VPOS="2440" HPOS="1998"/>
                  <String HEIGHT="52"
                          WIDTH="119"
                          VPOS="2440"
                          HPOS="1948"
                          CONTENT="est"/>
                  <SP HEIGHT="52" WIDTH="17" VPOS="2440" HPOS="2066"/>
                  <String HEIGHT="52"
                          WIDTH="153"
                          VPOS="2440"
                          HPOS="2015"
                          CONTENT="vera."/>
                  <SP HEIGHT="52" WIDTH="17" VPOS="2440" HPOS="2168"/>
                  <String HEIGHT="52" WIDTH="68" VPOS="2440" HPOS="2100" CONTENT="Ad"/>
               </TextLine>
               <TextLine ID="r1l156"
                         BASELINE="2532"
                         HEIGHT="46"
                         WIDTH="838"
                         VPOS="2486"
                         HPOS="1317">
                  <String HEIGHT="46"
                          WIDTH="237"
                          VPOS="2486"
                          HPOS="1301"
                          CONTENT="probationem"/>
                  <SP HEIGHT="46" WIDTH="16" VPOS="2486" HPOS="1538"/>
                  <String HEIGHT="46"
                          WIDTH="142"
                          VPOS="2486"
                          HPOS="1491"
                          CONTENT="dico,"/>
                  <SP HEIGHT="46" WIDTH="16" VPOS="2486" HPOS="1633"/>
                  <String HEIGHT="46"
                          WIDTH="126"
                          VPOS="2486"
                          HPOS="1586"
                          CONTENT="quod"/>
                  <SP HEIGHT="46" WIDTH="16" VPOS="2486" HPOS="1712"/>
                  <String HEIGHT="46" WIDTH="95" VPOS="2486" HPOS="1665" CONTENT="in"/>
                  <SP HEIGHT="46" WIDTH="16" VPOS="2486" HPOS="1760"/>
                  <String HEIGHT="46"
                          WIDTH="126"
                          VPOS="2486"
                          HPOS="1712"
                          CONTENT="equo"/>
                  <SP HEIGHT="46" WIDTH="16" VPOS="2486" HPOS="1839"/>
                  <String HEIGHT="46"
                          WIDTH="221"
                          VPOS="2486"
                          HPOS="1791"
                          CONTENT="acquiritur"/>
                  <SP HEIGHT="46" WIDTH="16" VPOS="2486" HPOS="2013"/>
                  <String HEIGHT="46"
                          WIDTH="158"
                          VPOS="2486"
                          HPOS="1965"
                          CONTENT="aliqua"/>
                  <SP HEIGHT="46" WIDTH="16" VPOS="2486" HPOS="2123"/>
                  <String HEIGHT="46"
                          WIDTH="95"
                          VPOS="2486"
                          HPOS="2060"
                          CONTENT="Ver;"/>
               </TextLine>
               <TextLine ID="r1l158"
                         BASELINE="2572"
                         HEIGHT="45"
                         WIDTH="839"
                         VPOS="2527"
                         HPOS="1317">
                  <String HEIGHT="45"
                          WIDTH="118"
                          VPOS="2527"
                          HPOS="1302"
                          CONTENT="res,"/>
                  <SP HEIGHT="45" WIDTH="15" VPOS="2527" HPOS="1420"/>
                  <String HEIGHT="45" WIDTH="74" VPOS="2527" HPOS="1376" CONTENT="&amp;"/>
                  <SP HEIGHT="45" WIDTH="15" VPOS="2527" HPOS="1449"/>
                  <String HEIGHT="45"
                          WIDTH="177"
                          VPOS="2527"
                          HPOS="1405"
                          CONTENT="qualitas"/>
                  <SP HEIGHT="45" WIDTH="15" VPOS="2527" HPOS="1582"/>
                  <String HEIGHT="45"
                          WIDTH="147"
                          VPOS="2527"
                          HPOS="1538"
                          CONTENT="realis"/>
                  <SP HEIGHT="45" WIDTH="15" VPOS="2527" HPOS="1685"/>
                  <String HEIGHT="45" WIDTH="88" VPOS="2527" HPOS="1641" CONTENT="in"/>
                  <SP HEIGHT="45" WIDTH="15" VPOS="2527" HPOS="1729"/>
                  <String HEIGHT="45"
                          WIDTH="206"
                          VPOS="2527"
                          HPOS="1685"
                          CONTENT="iuncturis,"/>
                  <SP HEIGHT="45" WIDTH="15" VPOS="2527" HPOS="1891"/>
                  <String HEIGHT="45" WIDTH="74" VPOS="2527" HPOS="1847" CONTENT="&amp;"/>
                  <SP HEIGHT="45" WIDTH="15" VPOS="2527" HPOS="1920"/>
                  <String HEIGHT="45"
                          WIDTH="191"
                          VPOS="2527"
                          HPOS="1876"
                          CONTENT="musculis,"/>
                  <SP HEIGHT="45" WIDTH="15" VPOS="2527" HPOS="2068"/>
                  <String HEIGHT="45"
                          WIDTH="103"
                          VPOS="2527"
                          HPOS="2024"
                          CONTENT="per"/>
                  <SP HEIGHT="45" WIDTH="15" VPOS="2527" HPOS="2127"/>
                  <String HEIGHT="45"
                          WIDTH="88"
                          VPOS="2527"
                          HPOS="2068"
                          CONTENT="quam"/>
               </TextLine>
               <TextLine ID="r1l160"
                         BASELINE="2602"
                         HEIGHT="41"
                         WIDTH="837"
                         VPOS="2561"
                         HPOS="1329">
                  <String HEIGHT="41"
                          WIDTH="167"
                          VPOS="2561"
                          HPOS="1312"
                          CONTENT="melius"/>
                  <SP HEIGHT="41" WIDTH="17" VPOS="2561" HPOS="1480"/>
                  <String HEIGHT="41"
                          WIDTH="100"
                          VPOS="2561"
                          HPOS="1429"
                          CONTENT="se"/>
                  <SP HEIGHT="41" WIDTH="17" VPOS="2561" HPOS="1530"/>
                  <String HEIGHT="41"
                          WIDTH="151"
                          VPOS="2561"
                          HPOS="1480"
                          CONTENT="habet"/>
                  <SP HEIGHT="41" WIDTH="17" VPOS="2561" HPOS="1630"/>
                  <String HEIGHT="41"
                          WIDTH="100"
                          VPOS="2561"
                          HPOS="1580"
                          CONTENT="ad"/>
                  <SP HEIGHT="41" WIDTH="17" VPOS="2561" HPOS="1681"/>
                  <String HEIGHT="41"
                          WIDTH="251"
                          VPOS="2561"
                          HPOS="1630"
                          CONTENT="ambulandum,"/>
                  <SP HEIGHT="41" WIDTH="17" VPOS="2561" HPOS="1881"/>
                  <String HEIGHT="41"
                          WIDTH="134"
                          VPOS="2561"
                          HPOS="1831"
                          CONTENT="quam"/>
                  <SP HEIGHT="41" WIDTH="17" VPOS="2561" HPOS="1965"/>
                  <String HEIGHT="41"
                          WIDTH="134"
                          VPOS="2561"
                          HPOS="1915"
                          CONTENT="ante"/>
                  <SP HEIGHT="41" WIDTH="17" VPOS="2561" HPOS="2049"/>
                  <String HEIGHT="41"
                          WIDTH="184"
                          VPOS="2561"
                          HPOS="1982"
                          CONTENT="habuerat."/>
               </TextLine>
               <TextLine ID="r1l162"
                         BASELINE="2650"
                         HEIGHT="52"
                         WIDTH="842"
                         VPOS="2598"
                         HPOS="1318">
                  <String HEIGHT="52"
                          WIDTH="135"
                          VPOS="2598"
                          HPOS="1303"
                          CONTENT="Etiam"/>
                  <SP HEIGHT="52" WIDTH="15" VPOS="2598" HPOS="1438"/>
                  <String HEIGHT="52"
                          WIDTH="135"
                          VPOS="2598"
                          HPOS="1393"
                          CONTENT="minor"/>
                  <SP HEIGHT="52" WIDTH="15" VPOS="2598" HPOS="1529"/>
                  <String HEIGHT="52"
                          WIDTH="256"
                          VPOS="2598"
                          HPOS="1483"
                          CONTENT="vniuersaliter"/>
                  <SP HEIGHT="52" WIDTH="15" VPOS="2598" HPOS="1739"/>
                  <String HEIGHT="52"
                          WIDTH="105"
                          VPOS="2598"
                          HPOS="1694"
                          CONTENT="non"/>
                  <SP HEIGHT="52" WIDTH="15" VPOS="2598" HPOS="1799"/>
                  <String HEIGHT="52"
                          WIDTH="105"
                          VPOS="2598"
                          HPOS="1754"
                          CONTENT="est"/>
                  <SP HEIGHT="52" WIDTH="15" VPOS="2598" HPOS="1859"/>
                  <String HEIGHT="52"
                          WIDTH="135"
                          VPOS="2598"
                          HPOS="1814"
                          CONTENT="vera:"/>
                  <SP HEIGHT="52" WIDTH="15" VPOS="2598" HPOS="1950"/>
                  <String HEIGHT="52"
                          WIDTH="120"
                          VPOS="2598"
                          HPOS="1904"
                          CONTENT="quia"/>
                  <SP HEIGHT="52" WIDTH="15" VPOS="2598" HPOS="2025"/>
                  <String HEIGHT="52" WIDTH="90" VPOS="2598" HPOS="1980" CONTENT="vt"/>
                  <SP HEIGHT="52" WIDTH="15" VPOS="2598" HPOS="2070"/>
                  <String HEIGHT="52"
                          WIDTH="150"
                          VPOS="2598"
                          HPOS="2010"
                          CONTENT="plurimum"/>
               </TextLine>
               <TextLine ID="r1l164"
                         BASELINE="2683"
                         HEIGHT="44"
                         WIDTH="838"
                         VPOS="2639"
                         HPOS="1321">
                  <String HEIGHT="44"
                          WIDTH="237"
                          VPOS="2639"
                          HPOS="1305"
                          CONTENT="corrumpitur"/>
                  <SP HEIGHT="44" WIDTH="16" VPOS="2639" HPOS="1542"/>
                  <String HEIGHT="44"
                          WIDTH="190"
                          VPOS="2639"
                          HPOS="1495"
                          CONTENT="habitus,"/>
                  <SP HEIGHT="44" WIDTH="16" VPOS="2639" HPOS="1685"/>
                  <String HEIGHT="44"
                          WIDTH="111"
                          VPOS="2639"
                          HPOS="1637"
                          CONTENT="non"/>
                  <SP HEIGHT="44" WIDTH="16" VPOS="2639" HPOS="1748"/>
                  <String HEIGHT="44"
                          WIDTH="142"
                          VPOS="2639"
                          HPOS="1700"
                          CONTENT="solum"/>
                  <SP HEIGHT="44" WIDTH="16" VPOS="2639" HPOS="1843"/>
                  <String HEIGHT="44"
                          WIDTH="221"
                          VPOS="2639"
                          HPOS="1795"
                          CONTENT="cessatione"/>
                  <SP HEIGHT="44" WIDTH="16" VPOS="2639" HPOS="2017"/>
                  <String HEIGHT="44"
                          WIDTH="158"
                          VPOS="2639"
                          HPOS="1969"
                          CONTENT="actuum"/>
                  <SP HEIGHT="44" WIDTH="16" VPOS="2639" HPOS="2127"/>
                  <String HEIGHT="44"
                          WIDTH="95"
                          VPOS="2639"
                          HPOS="2064"
                          CONTENT="con"
                          SUBS_TYPE="HypPart1"
                          SUBS_CONTENT="conformium"/>
                  <HYP CONTENT="-"/>
               </TextLine>
               <TextLine ID="r1l166"
                         BASELINE="2732"
                         HEIGHT="54"
                         WIDTH="842"
                         VPOS="2678"
                         HPOS="1327">
                  <String HEIGHT="54"
                          WIDTH="172"
                          VPOS="2678"
                          HPOS="1311"
                          CONTENT="formium"
                          SUBS_TYPE="HypPart2"
                          SUBS_CONTENT="conformium"/>
                  <SP HEIGHT="54" WIDTH="16" VPOS="2678" HPOS="1483"/>
                  <String HEIGHT="54"
                          WIDTH="125"
                          VPOS="2678"
                          HPOS="1436"
                          CONTENT="tali"/>
                  <SP HEIGHT="54" WIDTH="16" VPOS="2678" HPOS="1561"/>
                  <String HEIGHT="54"
                          WIDTH="187"
                          VPOS="2678"
                          HPOS="1514"
                          CONTENT="habitui,"/>
                  <SP HEIGHT="54" WIDTH="16" VPOS="2678" HPOS="1701"/>
                  <String HEIGHT="54"
                          WIDTH="109"
                          VPOS="2678"
                          HPOS="1654"
                          CONTENT="sed"/>
                  <SP HEIGHT="54" WIDTH="16" VPOS="2678" HPOS="1764"/>
                  <String HEIGHT="54"
                          WIDTH="203"
                          VPOS="2678"
                          HPOS="1717"
                          CONTENT="exercitio"/>
                  <SP HEIGHT="54" WIDTH="16" VPOS="2678" HPOS="1920"/>
                  <String HEIGHT="54"
                          WIDTH="156"
                          VPOS="2678"
                          HPOS="1873"
                          CONTENT="actuum"/>
                  <SP HEIGHT="54" WIDTH="16" VPOS="2678" HPOS="2029"/>
                  <String HEIGHT="54"
                          WIDTH="203"
                          VPOS="2678"
                          HPOS="1966"
                          CONTENT="difformium,"/>
               </TextLine>
               <TextLine ID="r1l168"
                         BASELINE="2762"
                         HEIGHT="46"
                         WIDTH="532"
                         VPOS="2716"
                         HPOS="1327">
                  <String HEIGHT="46" WIDTH="81" VPOS="2716" HPOS="1311" CONTENT="&amp;"/>
                  <SP HEIGHT="46" WIDTH="16" VPOS="2716" HPOS="1391"/>
                  <String HEIGHT="46"
                          WIDTH="258"
                          VPOS="2716"
                          HPOS="1343"
                          CONTENT="contrariorum"/>
                  <SP HEIGHT="46" WIDTH="16" VPOS="2716" HPOS="1601"/>
                  <String HEIGHT="46"
                          WIDTH="210"
                          VPOS="2716"
                          HPOS="1553"
                          CONTENT="huiusmodi"/>
                  <SP HEIGHT="46" WIDTH="16" VPOS="2716" HPOS="1762"/>
                  <String HEIGHT="46"
                          WIDTH="161"
                          VPOS="2716"
                          HPOS="1698"
                          CONTENT="habitui."/>
               </TextLine>
               <TextLine ID="r1l171"
                         BASELINE="2810"
                         HEIGHT="52"
                         WIDTH="835"
                         VPOS="2758"
                         HPOS="1310">
                  <String HEIGHT="52"
                          WIDTH="170"
                          VPOS="2758"
                          HPOS="1295"
                          CONTENT="Secunda"/>
                  <SP HEIGHT="52" WIDTH="15" VPOS="2758" HPOS="1465"/>
                  <String HEIGHT="52"
                          WIDTH="201"
                          VPOS="2758"
                          HPOS="1418"
                          CONTENT="conclusio"/>
                  <SP HEIGHT="52" WIDTH="15" VPOS="2758" HPOS="1619"/>
                  <String HEIGHT="52"
                          WIDTH="155"
                          VPOS="2758"
                          HPOS="1573"
                          CONTENT="istius"/>
                  <SP HEIGHT="52" WIDTH="15" VPOS="2758" HPOS="1728"/>
                  <String HEIGHT="52"
                          WIDTH="139"
                          VPOS="2758"
                          HPOS="1681"
                          CONTENT="primi"/>
                  <SP HEIGHT="52" WIDTH="15" VPOS="2758" HPOS="1820"/>
                  <String HEIGHT="52"
                          WIDTH="186"
                          VPOS="2758"
                          HPOS="1774"
                          CONTENT="articuli"/>
                  <SP HEIGHT="52" WIDTH="15" VPOS="2758" HPOS="1959"/>
                  <String HEIGHT="52"
                          WIDTH="139"
                          VPOS="2758"
                          HPOS="1913"
                          CONTENT="patet"/>
                  <SP HEIGHT="52" WIDTH="15" VPOS="2758" HPOS="2052"/>
                  <String HEIGHT="52" WIDTH="93" VPOS="2758" HPOS="2006" CONTENT="ex"/>
                  <SP HEIGHT="52" WIDTH="15" VPOS="2758" HPOS="2099"/>
                  <String HEIGHT="52"
                          WIDTH="108"
                          VPOS="2758"
                          HPOS="2037"
                          CONTENT="predi"/>
               </TextLine>
               <TextLine ID="r1l174"
                         BASELINE="2844"
                         HEIGHT="52"
                         WIDTH="577"
                         VPOS="2792"
                         HPOS="1327">
                  <String HEIGHT="52"
                          WIDTH="127"
                          VPOS="2792"
                          HPOS="1313"
                          CONTENT="ctis:"/>
                  <SP HEIGHT="52" WIDTH="14" VPOS="2792" HPOS="1440"/>
                  <String HEIGHT="52"
                          WIDTH="113"
                          VPOS="2792"
                          HPOS="1397"
                          CONTENT="ideo"/>
                  <SP HEIGHT="52" WIDTH="14" VPOS="2792" HPOS="1510"/>
                  <String HEIGHT="52"
                          WIDTH="113"
                          VPOS="2792"
                          HPOS="1468"
                          CONTENT="nolo"/>
                  <SP HEIGHT="52" WIDTH="14" VPOS="2792" HPOS="1580"/>
                  <String HEIGHT="52"
                          WIDTH="113"
                          VPOS="2792"
                          HPOS="1538"
                          CONTENT="plus"/>
                  <SP HEIGHT="52" WIDTH="14" VPOS="2792" HPOS="1651"/>
                  <String HEIGHT="52"
                          WIDTH="183"
                          VPOS="2792"
                          HPOS="1608"
                          CONTENT="insistere"/>
                  <SP HEIGHT="52" WIDTH="14" VPOS="2792" HPOS="1791"/>
                  <String HEIGHT="52"
                          WIDTH="127"
                          VPOS="2792"
                          HPOS="1749"
                          CONTENT="circa"/>
                  <SP HEIGHT="52" WIDTH="14" VPOS="2792" HPOS="1876"/>
                  <String HEIGHT="52"
                          WIDTH="84"
                          VPOS="2792"
                          HPOS="1820"
                          CONTENT="eam."/>
               </TextLine>
               <TextLine ID="line_1603550011361_719"
                         BASELINE="2931"
                         HEIGHT="60"
                         WIDTH="573"
                         VPOS="2871"
                         HPOS="1463">
                  <String HEIGHT="60"
                          WIDTH="573"
                          VPOS="2871"
                          HPOS="1419"
                          CONTENT="ARTICVLVS"/>
                  <SP HEIGHT="60" WIDTH="44" VPOS="2871" HPOS="1992"/>
                  <String HEIGHT="60"
                          WIDTH="220"
                          VPOS="2871"
                          HPOS="1816"
                          CONTENT="1i."/>
               </TextLine>
               <TextLine ID="r1l189"
                         BASELINE="3035"
                         HEIGHT="78"
                         WIDTH="626"
                         VPOS="2957"
                         HPOS="1426">
                  <String HEIGHT="78"
                          WIDTH="135"
                          VPOS="2957"
                          HPOS="1409"
                          CONTENT="Vnde"/>
                  <SP HEIGHT="78" WIDTH="17" VPOS="2957" HPOS="1544"/>
                  <String HEIGHT="78"
                          WIDTH="220"
                          VPOS="2957"
                          HPOS="1494"
                          CONTENT="generetur"/>
                  <SP HEIGHT="78" WIDTH="17" VPOS="2957" HPOS="1714"/>
                  <String HEIGHT="78"
                          WIDTH="135"
                          VPOS="2957"
                          HPOS="1663"
                          CONTENT="siue"/>
                  <SP HEIGHT="78" WIDTH="17" VPOS="2957" HPOS="1798"/>
                  <String HEIGHT="78"
                          WIDTH="203"
                          VPOS="2957"
                          HPOS="1747"
                          CONTENT="procedat"/>
                  <SP HEIGHT="78" WIDTH="17" VPOS="2957" HPOS="1950"/>
                  <String HEIGHT="78"
                          WIDTH="169"
                          VPOS="2957"
                          HPOS="1883"
                          CONTENT="habitus."/>
               </TextLine>
               <TextLine ID="r1l195"
                         BASELINE="3082"
                         HEIGHT="49"
                         WIDTH="758"
                         VPOS="3033"
                         HPOS="1399">
                  <String HEIGHT="49"
                          WIDTH="180"
                          VPOS="3033"
                          HPOS="1381"
                          CONTENT="VANTVM"/>
                  <SP HEIGHT="49" WIDTH="18" VPOS="3033" HPOS="1561"/>
                  <String HEIGHT="49"
                          WIDTH="108"
                          VPOS="3033"
                          HPOS="1507"
                          CONTENT="ad"/>
                  <SP HEIGHT="49" WIDTH="18" VPOS="3033" HPOS="1616"/>
                  <String HEIGHT="49"
                          WIDTH="217"
                          VPOS="3033"
                          HPOS="1561"
                          CONTENT="secundum"/>
                  <SP HEIGHT="49" WIDTH="18" VPOS="3033" HPOS="1778"/>
                  <String HEIGHT="49"
                          WIDTH="235"
                          VPOS="3033"
                          HPOS="1724"
                          CONTENT="articulum"/>
                  <SP HEIGHT="49" WIDTH="18" VPOS="3033" HPOS="1958"/>
                  <String HEIGHT="49"
                          WIDTH="126"
                          VPOS="3033"
                          HPOS="1904"
                          CONTENT="est"/>
                  <SP HEIGHT="49" WIDTH="18" VPOS="3033" HPOS="2031"/>
                  <String HEIGHT="49"
                          WIDTH="199"
                          VPOS="3033"
                          HPOS="1958"
                          CONTENT="aduerten"
                          SUBS_TYPE="HypPart1"
                          SUBS_CONTENT="aduertendum,"/>
                  <HYP CONTENT="-"/>
               </TextLine>
               <TextLine ID="r1l197"
                         BASELINE="3139"
                         HEIGHT="65"
                         WIDTH="818"
                         VPOS="3074"
                         HPOS="1353">
                  <String HEIGHT="65"
                          WIDTH="149"
                          VPOS="3074"
                          HPOS="1334"
                          CONTENT="dum,"
                          SUBS_TYPE="HypPart2"
                          SUBS_CONTENT="aduertendum,"/>
                  <SP HEIGHT="65" WIDTH="19" VPOS="3074" HPOS="1483"/>
                  <String HEIGHT="65"
                          WIDTH="149"
                          VPOS="3074"
                          HPOS="1427"
                          CONTENT="quod"/>
                  <SP HEIGHT="65" WIDTH="19" VPOS="3074" HPOS="1576"/>
                  <String HEIGHT="65"
                          WIDTH="167"
                          VPOS="3074"
                          HPOS="1520"
                          CONTENT="sicut"/>
                  <SP HEIGHT="65" WIDTH="19" VPOS="3074" HPOS="1688"/>
                  <String HEIGHT="65"
                          WIDTH="112"
                          VPOS="3074"
                          HPOS="1632"
                          CONTENT="de"/>
                  <SP HEIGHT="65" WIDTH="19" VPOS="3074" HPOS="1743"/>
                  <String HEIGHT="65"
                          WIDTH="279"
                          VPOS="3074"
                          HPOS="1688"
                          CONTENT="generatione"/>
                  <SP HEIGHT="65" WIDTH="19" VPOS="3074" HPOS="1967"/>
                  <String HEIGHT="65"
                          WIDTH="223"
                          VPOS="3074"
                          HPOS="1911"
                          CONTENT="formarum"/>
                  <SP HEIGHT="65" WIDTH="19" VPOS="3074" HPOS="2134"/>
                  <String HEIGHT="65"
                          WIDTH="112"
                          VPOS="3074"
                          HPOS="2059"
                          CONTENT="reru"/>
               </TextLine>
            </TextBlock>
         </PrintSpace>
      </Page>
   </Layout>
</alto>
