2389 3538
478 284 317 77 Quaestio
689 284 106 77 1.

316 380 101 82 An
367 380 101 82 in
417 380 185 82 Christo
552 380 168 82 plures
670 380 135 82 sint
737 380 219 82 voluntates,

196 771 157 86 VTRVM
300 771 105 86 in
352 771 192 86 Christo
492 771 139 86 sint
579 771 174 86 plures
701 771 261 86 voluutates,
910 771 105 86 et
945 771 122 86 vide-

219 821 123 75 tur,
295 821 123 75 quod
372 821 123 75 non.
449 821 123 75 Quia
526 821 169 75 frustra
649 821 108 75 fit
710 821 108 75 per
772 821 154 75 plura,
880 821 123 75 quod
941 821 123 75 potesi

198 868 134 66 fieri
287 868 104 66 per
347 868 193 66 pauciora,
496 868 74 66 &
525 868 134 66 aeque
615 868 134 66 bene,
704 868 89 66 vt
749 868 149 66 patet.
853 868 89 66 1.
883 868 193 66 physicorum:

199 924 117 36 sed
266 924 100 36 in
316 924 233 36 quemcumque
499 924 150 36 actum
599 924 167 36 potest
716 924 200 36 Christus
866 924 200 36 secundum
999 924 67 36 vo

198 956 204 48 luntatem
351 956 204 48 humanam,
504 956 102 48 in
555 956 170 48 eundem
673 956 119 48 non
741 956 153 48 solum
843 956 153 48 aeque
928 956 136 48 perfe-

207 1001 124 53 cte,
284 1001 140 53 verum
377 1001 140 53 etiam
470 1001 140 53 magis
563 1001 186 53 perfecte
703 1001 155 53 potest
811 1001 186 53 secundum
935 1001 124 53 volun-

206 1038 154 53 tatem
308 1038 205 53 diuinam:
462 1038 137 53 ergo
531 1038 68 53 &c

246 1078 89 53 In
291 1078 208 53 contrarium
454 1078 104 53 est
513 1078 237 53 determinatio
706 1078 193 53 ecclesiae
854 1078 134 53 facta
943 1078 104 53 per
988 1078 74 53 Mai

210 1120 153 47 tinum.
317 1120 92 47 1.
363 1120 138 47 Papam
454 1120 245 47 praesentibus
653 1120 153 47 centum
760 1120 76 47 &
791 1120 168 47 quinque
898 1120 168 47 episcopis

214 1159 140 49 nfra
302 1159 140 49 vrbe
390 1159 210 49 Romanam,
547 1159 123 49 qui
617 1159 245 49 vnanimiter
793 1159 280 49 condemnauerunt

199 1193 179 49 Paulum
325 1193 269 49 patriarcham
540 1193 430 49 Constantinopolitanum
917 1193 126 49 cum
970 1193 90 49 sui

208 1236 261 44 complicibus,
420 1236 98 44 eo
469 1236 131 44 quod
551 1236 98 44 in
600 1236 163 44 domino
714 1236 131 44 Tesu
795 1236 180 44 Christo
910 1236 163 44 dogmati-

207 1279 149 46 xabant
312 1279 105 46 non
371 1279 120 46 esse
446 1279 149 46 plures
551 1279 224 46 voluntates.
730 1279 105 46 Hic
790 1279 179 46 quattuor
924 1279 120 46 sunt
984 1279 75 46 vi-

210 1314 158 39 denda.
321 1314 158 39 Primo,
431 1314 142 39 vtrum
525 1314 95 39 iu
573 1314 173 39 Christo
699 1314 126 39 sint
777 1314 158 39 plures
872 1314 189 39 voluntates

199 1351 206 51 Secundo,
353 1351 154 51 vtrum
456 1351 189 51 Christi
593 1351 171 51 humana
713 1351 206 51 voluntas
867 1351 171 51 vmquam
970 1351 103 51 dis-

190 1390 190 45 senserit
333 1390 79 45 a
365 1390 175 45 diuina.
492 1390 95 45 Et
539 1390 111 45 hoc
603 1390 175 45 quantum
730 1390 95 45 ad
777 1390 286 45 distinctionem.
1000 1390 63 45 17

193 1431 184 39 Tertio,
327 1431 151 39 vtrum
428 1431 201 39 Christus
578 1431 167 39 mereri
696 1431 201 39 potuerit
846 1431 201 39 secundum
980 1431 84 39 vo-

194 1467 206 56 luntatem
348 1467 206 56 humanam.
502 1467 103 56 Et
554 1467 189 56 quarto,
691 1467 154 56 vtrum
794 1467 154 56 sibi,
897 1467 120 56 vel
948 1467 120 56 nobis

192 1508 214 56 meruerit.
356 1508 99 56 Et
405 1508 115 56 hoc
471 1508 181 56 quantum
603 1508 99 56 ad
652 1508 115 56 r8.
702 1508 263 56 distinctionem.

317 1561 227 92 RE
431 1561 189 92 S
506 1561 227 92 OL
620 1561 189 92 V
695 1561 227 92 T1
771 1561 151 92 O.

197 1640 142 83 Quoniam
300 1640 103 83 duae
365 1640 167 83 perfectae
493 1640 232 83 intellictuales
687 1640 142 83 natarae
790 1640 180 83 distinctae
931 1640 77 83 in
957 1640 116 83 christo

234 1707 222 52 reperiuntur,
415 1707 139 52 altexa
512 1707 139 52 quidem
609 1707 153 52 diuina,
720 1707 139 52 altera
817 1707 111 52 vero
887 1707 153 52 humana:
984 1707 83 52 con-

233 1743 139 51 sequens
335 1743 127 51 igitur
423 1743 114 51 exit,
499 1743 76 51 vt
537 1743 101 51 duas
600 1743 127 51 quoque
689 1743 76 51 in
727 1743 76 51 eo
765 1743 127 51 volunt
854 1743 101 51 ates
917 1743 101 51 esse
967 1743 89 51 confi

245 1790 156 43 teamur,
358 1790 156 43 diuinam
472 1790 184 43 scilicet,
613 1790 71 43 &
642 1790 170 43 humanam,
769 1790 113 43 quae
840 1790 113 43 sane
911 1790 156 43 numquam
1010 1790 57 43 in

237 1828 85 60 atr
285 1828 73 60 se
322 1828 158 60 discordes
443 1828 109 60 extit
504 1828 97 60 erunt.

324 1905 593 68 ARTICVLVS
735 1905 182 68 1.

299 1985 145 84 Vtrum
396 1985 97 84 in
444 1985 177 84 christo
573 1985 129 84 lint
653 1985 161 84 plures
750 1985 209 84 volintates.

286 2076 183 71 VANTVM
414 2076 110 71 ad
469 2076 183 71 primum
597 2076 165 71 primo
707 2076 202 71 videdum
854 2076 128 71 est
927 2076 110 71 de
982 2076 128 71 eo,

210 2104 143 83 quod
299 2104 250 83 quaeritur:
496 2104 232 83 referendo
674 2104 286 83 pluralitatem
906 2104 107 83 ad
942 2104 125 83 volun

202 2187 149 38 tatem
302 2187 199 38 diuinam,
451 2187 83 38 &
484 2187 199 38 humanam.
633 2187 199 38 Secundo,
782 2187 215 38 reserendo
948 2187 99 38 ad
981 2187 83 38 so-

196 2213 116 59 lam
263 2213 216 59 voluntate
429 2213 200 59 humanam.
579 2213 100 59 De
629 2213 150 59 primo
728 2213 150 59 dico,
828 2213 133 59 quod
911 2213 100 59 in
945 2213 116 59 Chri-

197 2253 109 46 sto
260 2253 109 46 est
322 2253 125 46 vera
400 2253 187 46 voluntas
541 2253 172 46 diuina,
665 2253 78 46 &
696 2253 125 46 vera
774 2253 187 46 voluntas
899 2253 125 46 humana

202 2293 83 45 1
236 2293 132 45 Quia
318 2293 165 45 semper
434 2293 182 45 naturam
566 2293 297 45 intellectualem
813 2293 248 45 consequitur
995 2293 66 45 vo

202 2332 168 45 luntas:
324 2332 107 45 sed
385 2332 92 45 in
431 2332 183 45 Christo,
568 2332 183 45 secundum
705 2332 214 45 catholicam
873 2332 137 45 fidem
964 2332 137 45 fuit,

195 2378 77 50 &
225 2378 108 50 est
287 2378 123 50 vera
364 2378 154 50 natura
471 2378 169 50 diuina,
594 2378 77 50 &
625 2378 123 50 vera
701 2378 154 50 natura
809 2378 169 50 humana,
932 2378 123 50 quae
993 2378 77 50 am-

198 2414 105 52 bae
258 2414 120 52 sunt
333 2414 165 52 naturae
453 2414 285 52 intellectuales:
694 2414 120 52 ergo
754 2414 60 52 &c

208 2424 74 78 2
238 2424 207 78 Praeterea,
400 2424 118 78 quod
474 2424 104 78 est
534 2424 281 78 inassumptibile,
770 2424 104 78 est
829 2424 222 78 incurabile,
992 2424 59 78 se

201 2485 163 54 cundum
315 2485 130 54 quod
396 2485 114 54 ait
461 2485 147 54 Dama.
559 2485 114 54 Sed
624 2485 195 54 voluntas
771 2485 163 54 humana
885 2485 81 54 a
917 2485 114 54 Deo
966 2485 98 54 fuit

199 2525 214 51 curabilis,
367 2525 76 51 &
397 2525 92 51 de
443 2525 138 51 facto
535 2525 153 51 curata
642 2525 122 51 est:
718 2525 122 51 ergo
795 2525 76 51 a
825 2525 107 51 Deo
887 2525 122 51 erat
948 2525 122 51 assum-

194 2568 195 58 ptibilis,
344 2568 75 58 &
374 2568 90 58 de
419 2568 135 58 facto
509 2568 180 58 assumpta
629 2568 75 58 est

217 2616 79 43 3
249 2616 220 43 Praeterea,
422 2616 205 43 Christus,
579 2616 94 43 vt
626 2616 142 43 homo,
721 2616 173 43 meruit,
847 2616 94 43 vt
894 2616 173 43 patebit
1004 2616 63 43 in

199 2647 163 44 tertio
313 2647 212 44 articulo:
475 2647 130 44 ergo
557 2647 179 44 humanam
687 2647 228 44 voluntatem
866 2647 179 44 habuit.
980 2647 81 44 Con

204 2687 209 53 sequentia
365 2687 161 53 patet:
478 2687 129 53 quia
558 2687 177 53 meritum
687 2687 226 53 necessario
848 2687 226 53 praesupponit

202 2734 192 39 merentis
346 2734 240 39 voluntatem:
538 2734 192 39 quicquid
683 2734 128 39 enim
763 2734 112 39 est
811 2734 256 39 inuoluntarium,

201 2768 107 51 hoc
262 2768 107 51 non
323 2768 107 51 est
385 2768 215 51 meritorium
554 2768 77 51 :
584 2768 107 51 Cum
646 2768 153 51 igitur
753 2768 184 51 voluntas
891 2768 153 51 diuina
983 2768 77 51 nes

208 2804 166 62 posset
325 2804 183 62 mereri,
458 2804 116 62 nec
524 2804 200 62 demereri
674 2804 83 62 :
707 2804 200 62 oportet,
857 2804 133 62 quod
923 2804 150 62 meritum

198 2843 174 52 Christi
325 2843 127 52 fiat
404 2843 158 52 humana
499 2843 190 52 voluntate.

223 2889 81 47 4
255 2889 228 47 Praeterea,
434 2889 195 47 Christus
581 2889 212 47 assumpsit
744 2889 179 47 humanam
874 2889 179 47 naturam
988 2889 81 47 per

199 2923 151 44 fectam
304 2923 121 44 omni
380 2923 105 44 sua
440 2923 181 44 naturali
576 2923 241 44 perfectione:
772 2923 105 44 sed
832 2923 181 44 voluntas
952 2923 121 44 intel-

202 2965 179 54 lectiua
332 2965 179 54 spectat
462 2965 98 54 ad
511 2965 163 54 veram,
625 2965 81 54 &
657 2965 212 54 naturalem
820 2965 179 54 humanae
934 2965 130 54 natura

205 3008 275 51 perfectionem:
431 3008 129 51 ergo
496 3008 81 51 &c.

214 3017 72 74 3
242 3017 202 74 Praeterea,
401 3017 130 74 sicut
488 3017 87 74 in
531 3017 144 74 tribus
633 3017 159 74 diuinis
748 3017 173 74 personis
878 3017 159 74 propter
979 3017 87 74 vni-

207 3078 125 54 tatem
290 3078 125 54 vnius
374 3078 250 54 intellectualis
582 3078 166 54 naturae,
706 3078 111 54 quae
776 3078 97 54 est
831 3078 83 54 in
873 3078 153 54 omnibus
970 3078 97 54 ipsis

210 3123 102 61 vna
269 3123 190 61 voluntas,
415 3123 102 61 est
474 3123 88 61 in
518 3123 102 61 eis
576 3123 161 61 tribus:
693 3123 102 61 sic
752 3123 161 61 ratione
869 3123 88 61 du
913 3123 117 61 arum
972 3123 102 61 natu

1113 279 131 71 rarum
1201 279 292 71 intellectualium,
1449 279 117 71 quae
1522 279 117 71 sunt
1595 279 88 71 in
1639 279 102 71 vno
1697 279 175 71 Christo,
1814 279 160 71 duaecrunt

1113 348 220 54 voluntates
1286 348 94 54 in
1333 348 110 54 eo:
1396 348 126 54 ergo
1474 348 110 54 &c.
1537 348 110 54 Sed
1600 348 157 54 contra
1710 348 141 54 istam
1789 348 188 54 conclusio-

1107 376 109 51 nem
1170 376 202 51 haeretici
1325 376 171 51 possunt
1449 376 171 51 argucre
1557 376 78 51 sic

1116 396 75 74 1
1146 396 194 74 Vbicunque
1295 396 105 74 est
1355 396 120 74 vnus
1430 396 164 74 volens,
1550 396 105 74 ibi
1609 396 164 74 videtur
1729 396 120 74 esse
1804 396 105 74 vna
1848 396 120 74 volum-

1108 462 115 42 tas:
1180 462 115 42 quia
1252 462 130 42 sicut
1338 462 72 42 a
1367 462 188 42 voluntate
1511 462 115 42 quis
1584 462 159 42 dicitur
1699 462 159 42 volens,
1814 462 101 42 sic
1872 462 87 42 ab
1901 462 72 42 vna

1110 503 194 53 voluntate
1259 503 164 53 dicitur
1379 503 119 53 vnus
1453 503 149 53 volens
1558 503 75 53 :
1588 503 105 53 sed
1648 503 179 53 Christus
1782 503 105 53 est
1842 503 119 53 vnus
1901 503 75 53 vo-

1103 535 143 53 lens:
1198 535 127 53 ergo
1262 535 79 53 &c.

1120 554 79 76 2
1152 554 222 76 Praeterea,
1326 554 79 76 a
1358 554 206 76 voluntate
1517 554 159 76 volens
1628 554 190 76 sortitur
1771 554 190 76 dominium
1898 554 63 76 re

1102 609 159 48 spectu
1214 609 159 48 suorum
1325 609 175 48 actuum:
1452 609 111 48 sed
1516 609 96 48 in
1564 609 175 48 Christo
1691 609 127 48 fuit
1771 609 159 48 tantum
1866 609 96 48 vnum

1096 657 208 48 dominium,
1256 657 192 48 scilicet
1400 657 176 48 diuinum
1528 657 80 48 :
1561 657 128 48 ergo
1641 657 160 48 tantum
1753 657 112 48 vna
1801 657 160 48 voluntas

1133 694 98 53 Ad
1182 694 163 53 primum
1295 694 211 53 dicendum,
1458 694 130 53 quod
1539 694 211 53 suppositi
1702 694 114 53 est
1767 694 163 53 velle,
1864 694 98 53 quam

1097 735 105 41 uis
1157 735 180 41 voluntas
1292 735 120 41 sibi
1367 735 105 41 sit
1427 735 135 41 ratio
1517 735 180 41 volendi.
1652 735 90 41 Et
1697 735 120 41 ideo
1772 735 165 41 quamuis
1877 735 90 41 Chri

1099 772 121 54 stus
1175 772 182 54 habuerit
1311 772 121 54 duas
1387 772 228 54 voluntates:
1569 772 106 54 est
1630 772 137 54 tamen
1721 772 121 54 vnus
1797 772 152 54 volens
1888 772 76 54 pro

1110 812 119 46 pter
1185 812 179 46 vnitatem
1319 812 209 46 suppositi.
1483 812 134 46 Maior
1572 812 134 46 etiam
1662 812 104 46 est
1721 812 149 46 falsa:
1826 812 119 46 quia
1885 812 75 46 ea-

1109 849 106 41 dem
1169 849 166 41 ratione
1290 849 136 41 etiam
1381 849 227 41 sequeretur,
1562 849 121 41 quod
1638 849 106 41 vbi
1698 849 106 41 est
1759 849 121 41 vnus
1819 849 136 41 qualis.

1101 888 104 55 ibi
1161 888 134 55 esset
1250 888 104 55 vna
1310 888 119 55 sola
1384 888 194 55 qualitas:
1533 888 74 55 &
1563 888 104 55 sic
1622 888 89 55 in
1667 888 104 55 vno
1727 888 149 55 homine
1831 888 104 55 non
1876 888 89 55 pos-

1104 926 104 55 set
1164 926 119 55 esse
1238 926 119 55 nisi
1312 926 104 55 vna
1372 926 119 55 sola
1446 926 193 55 qualitas:
1595 926 119 55 quia
1669 926 119 55 vnus
1744 926 119 55 homo
1818 926 104 55 est
1863 926 89 55 vnus

1114 968 157 51 ualis
1201 968 139 51 tantum

1124 982 94 78 Ad
1171 982 188 78 secundum
1313 982 204 78 dicendum,
1470 982 126 78 quod
1548 982 110 78 non
1611 982 110 78 est
1674 982 251 78 inconueniens
1862 982 94 78 esse

1113 1044 136 55 plura
1204 1044 167 55 dominia
1325 1044 91 55 in
1370 1044 106 55 eo,
1431 1044 106 55 vbi
1491 1044 121 55 sunt
1567 1044 151 55 plures
1673 1044 182 55 naturae,
1810 1044 121 55 quae
1870 1044 91 55 sunt

1108 1088 136 50 aptae
1199 1088 136 50 natae
1290 1088 197 50 dominari:
1441 1088 106 50 nec
1502 1088 91 50 ex
1548 1088 106 50 hoc
1608 1088 197 50 consurget
1760 1088 152 50 aliqua
1851 1088 106 50 inor-

1110 1127 176 50 inatio,
1238 1127 112 50 dum
1302 1127 144 50 tamen
1399 1127 128 50 vnum
1479 1127 176 50 illorum
1607 1127 225 50 dominiorum
1784 1127 112 50 sit
1832 1127 128 50 princi

1101 1163 142 52 pale,
1196 1163 79 52 &
1228 1163 126 52 vnum
1307 1163 111 52 per
1370 1163 174 52 alterum
1496 1163 221 52 dirigatur:
1670 1163 111 52 sic
1734 1163 142 52 autem
1829 1163 126 52 fuit
1892 1163 63 52 in

1100 1198 180 56 Christo:
1235 1198 120 56 ergo
1295 1198 75 56 &c.

1132 1242 100 55 DE
1182 1242 184 55 secundo
1316 1242 151 55 dico,
1417 1242 134 55 quod
1500 1242 184 55 proprie
1634 1242 184 55 sumendo
1751 1242 201 55 voluntatem

1103 1276 188 58 humanam,
1244 1276 125 58 puta
1322 1276 109 58 pro
1385 1276 188 58 appetitu
1526 1276 266 58 intellectiuo:
1745 1276 125 58 tunc
1823 1276 94 58 in
1854 1276 94 58 Chri

1101 1319 117 53 sto,
1175 1319 132 53 sicut
1263 1319 73 53 &
1292 1319 88 53 in
1336 1319 176 53 quolibet
1468 1319 117 53 alio
1541 1319 161 53 homine,
1659 1319 117 53 fuit
1732 1319 147 53 tantum
1835 1319 103 53 vna
1879 1319 73 53 vo-

1098 1358 191 50 luntas
1212 1358 153 50 humana

1180 1369 107 85 Nam
1241 1369 107 85 cum
1302 1369 184 85 secundum
1440 1369 245 85 philosophos,
1640 1369 123 85 homo
1717 1369 107 85 sit
1763 1369 199 85 Microcosmos

1098 1436 106 52 hoc
1159 1436 106 52 est
1219 1436 137 52 minor
1311 1436 167 52 mundus;
1432 1436 152 52 igitur
1539 1436 137 52 sicut
1630 1436 91 52 in
1675 1436 122 52 toto
1751 1436 198 52 vniuerso,
1888 1436 76 52 tan

1109 1483 115 47 uam
1174 1483 98 47 in
1223 1483 164 47 maiori
1338 1483 148 47 mundo
1436 1483 115 47 est
1502 1483 131 47 vnus
1584 1483 148 47 solus
1682 1483 148 47 motor
1781 1483 180 47 primus,
1912 1483 82 47 &

1094 1522 263 48 vniuersalis:
1307 1522 115 48 sic
1373 1522 82 48 &
1406 1522 99 48 in
1455 1522 164 48 homine
1570 1522 181 48 tamquam
1702 1522 99 48 in
1751 1522 164 48 minori
1850 1522 115 48 mundo

1096 1558 121 48 erit
1172 1558 106 48 vna
1232 1558 121 48 sola
1308 1558 182 48 voluntas
1445 1558 227 48 rationalis,
1626 1558 121 48 quae
1702 1558 106 48 est
1763 1558 152 48 primus
1854 1558 106 48 motor

1093 1594 199 55 respectu
1243 1594 133 55 oium
1326 1594 166 55 eorum,
1442 1594 133 55 quae
1525 1594 166 55 humano
1642 1594 133 55 modo
1725 1594 150 55 fiunt
1824 1594 100 55 in
1858 1594 116 55 hoie-

1116 1631 76 57 2
1146 1631 212 57 Praeterea,
1313 1631 182 57 potentia
1449 1631 106 57 non
1510 1631 273 57 multiplicatur,
1737 1631 121 57 nisi
1797 1631 167 57 multipli-

1108 1672 137 53 tetur
1199 1672 183 53 formalis
1336 1672 137 53 ratio
1428 1672 183 53 obiecti,
1565 1672 91 53 in
1611 1672 122 53 quod
1687 1672 168 53 tendit:
1809 1672 107 53 sed
1854 1672 107 53 omnis

1107 1711 175 51 poluntas
1239 1711 219 51 rationalis,
1414 1711 117 51 quae
1487 1711 102 51 est
1546 1711 88 51 in
1589 1711 161 51 homine,
1706 1711 146 51 tendit
1808 1711 88 51 in
1852 1711 117 51 suum
1911 1711 58 51 ob

1096 1747 151 55 iectum
1202 1747 106 55 sub
1262 1747 106 55 vna
1323 1747 197 55 tantumodo
1474 1747 166 55 ratione
1595 1747 212 55 obiectali,
1761 1747 136 55 puta,
1837 1747 121 55 tendit

1094 1788 97 56 in
1142 1788 145 56 bonum
1239 1788 113 56 sub
1303 1788 177 56 ratione
1432 1788 145 56 boni:
1529 1788 129 56 ergo
1594 1788 64 56 &c

1114 1835 72 45 3
1142 1835 202 45 Praeterea,
1301 1835 144 45 vnitas
1402 1835 130 45 actus
1489 1835 217 45 principalis
1662 1835 144 45 arguit
1763 1835 173 45 vnitatem
1879 1835 72 45 po-

1094 1871 189 43 tentiae:
1236 1871 110 43 sed
1299 1871 173 43 quamuis
1425 1871 189 43 voluntas
1567 1871 173 43 plures,
1693 1871 79 43 &
1725 1871 189 43 diuersos
1851 1871 110 43 actus

1088 1905 162 60 habeat
1201 1905 243 60 imperatiue:
1396 1905 146 60 habet
1493 1905 146 60 tamen
1591 1905 130 60 vnum
1672 1905 146 60 actum
1753 1905 211 60 principalem

1095 1949 207 54 elicitiue:
1258 1949 118 54 ergo
1332 1949 118 54 erit
1406 1949 103 54 vna
1465 1949 148 54 tantum
1553 1949 163 54 potentia.

1120 1993 74 54 4
1150 1993 207 54 Praeterea,
1312 1993 148 54 quanto
1415 1993 177 54 potentia
1548 1993 103 54 est
1607 1993 162 54 altior,
1725 1993 133 54 tanto
1814 1993 133 54 magis
1887 1993 74 54 ten

1098 2025 102 53 dit
1157 2025 87 53 in
1200 2025 189 53 vnitatem:
1346 2025 102 53 sed
1404 2025 175 53 voluntas
1535 2025 204 53 rationalis
1695 2025 102 53 est
1753 2025 189 53 altissima
1884 2025 73 53 po-

1089 2069 141 42 tentia
1188 2069 169 42 hominis,
1315 2069 85 42 vt
1357 2069 141 42 patuit
1456 2069 85 42 in
1498 2069 85 42 1.
1541 2069 127 42 dist.
1625 2069 127 42 primi
1710 2069 141 42 libri,
1809 2069 71 42 &
1823 2069 127 42 patebii

1105 2110 155 54 uarto
1208 2110 138 54 lib.
1294 2110 276 54 distinctione
1518 2110 121 54 49.
1587 2110 138 54 ergo
1673 2110 121 54 &c.
1742 2110 121 54 SED
1811 2110 155 54 CONTR
1897 2110 52 54 A

1097 2144 138 48 illud,
1194 2144 83 48 ex
1235 2144 138 48 dictis
1331 2144 179 48 aliquorum
1469 2144 138 48 potest
1565 2144 124 48 argui
1647 2144 110 48 sic.

1107 2181 79 59 1
1139 2181 190 59 Potentia
1282 2181 254 59 intellectiua
1488 2181 206 59 diuiditur
1647 2181 95 59 in
1694 2181 238 59 possibilem,
1885 2181 79 59 &
1901 2181 63 59 a-

1101 2228 172 46 gentem,
1227 2228 94 46 vt
1274 2228 157 46 patet.
1383 2228 94 46 3.
1430 2228 94 46 de
1477 2228 157 46 anima:
1587 2228 125 46 ergo
1665 2228 78 46 &
1696 2228 188 46 voluntas
1822 2228 125 46 Conse-

1094 2268 176 44 quentia
1222 2268 160 44 patet:
1335 2268 128 44 quia
1415 2268 192 44 voluntas
1559 2268 112 44 est
1623 2268 208 44 appetitus
1768 2268 192 44 consequens

1075 2297 226 50 intellectum,

1105 2337 80 49 2
1137 2337 224 49 Praeterea,
1313 2337 160 49 quanto
1425 2337 144 49 maior
1521 2337 112 49 est
1585 2337 224 49 distinctio
1745 2337 208 49 obiectorum,

1095 2380 146 50 tanto
1192 2380 146 50 maior
1289 2380 113 50 est
1354 2380 226 50 distinctio
1532 2380 243 50 potentiarum
1726 2380 226 50 tendentium
1887 2380 65 50 in

1097 2419 168 50 obiecta:
1223 2419 98 50 sed
1279 2419 126 50 maior
1363 2419 98 50 est
1419 2419 196 50 distinctio
1574 2419 140 50 vltimi
1672 2419 140 50 finis,
1770 2419 98 50 qui
1826 2419 98 50 est
1868 2419 84 50 Deus

1090 2452 127 61 ipse,
1175 2452 71 61 &
1203 2452 141 61 eorum,
1301 2452 113 61 quae
1372 2452 113 61 sunt
1442 2452 85 61 ad
1485 2452 141 61 finem,
1583 2452 113 61 quae
1654 2452 113 61 sunt
1724 2452 127 61 ipsae
1795 2452 155 61 creature,

1110 2498 102 44 uam
1169 2498 234 44 vniuersalis,
1359 2498 73 44 &
1388 2498 248 44 particularis:
1592 2498 102 44 cum
1651 2498 146 44 igitur
1753 2498 175 44 potentia
1870 2498 73 44 in-

1104 2534 193 45 ellectiua
1253 2534 163 45 tendens
1371 2534 89 45 in
1416 2534 223 45 vniuersale,
1594 2534 104 45 sit
1653 2534 178 45 realiter
1787 2534 193 45 distincta
1920 2534 45 45 a

1110 2574 162 51 potentia
1231 2574 189 51 sensitiua,
1379 2574 108 51 quae
1446 2574 135 51 tendit
1541 2574 81 51 in
1581 2574 216 51 particulare:
1756 2574 175 51 sequitur,
1878 2574 67 51 quo

1102 2611 113 58 ilia
1173 2611 99 58 sit
1229 2611 170 58 potentia
1357 2611 170 58 volitiua
1485 2611 156 58 tendens
1598 2611 85 58 in
1641 2611 142 58 finem,
1740 2611 71 58 &
1769 2611 113 58 alia
1825 2611 128 58 tendens

1095 2650 80 53 in
1135 2650 93 53 ea,
1188 2650 107 53 quae
1255 2650 107 53 sunt
1321 2650 80 53 ad
1361 2650 133 53 finem.

1119 2687 74 52 3
1149 2687 207 52 Praeterea,
1312 2687 193 52 appetitus
1460 2687 207 52 sensitiuus
1623 2687 104 52 est
1682 2687 163 52 duplex:
1801 2687 119 52 ergo
1875 2687 74 52 &
1890 2687 59 52 in

1095 2736 243 49 tellectiuus.
1292 2736 213 49 Antecedens
1459 2736 152 49 patet:
1565 2736 121 49 quia
1641 2736 197 49 appetitus
1778 2736 182 49 sensitiuus

1098 2768 194 49 diuiditur
1247 2768 90 49 in
1292 2768 299 49 concupiscibilem,
1546 2768 75 49 &
1576 2768 239 49 irascibilem,
1770 2768 134 49 probo
1845 2768 105 49 consi

1091 2811 205 41 quentiam:
1249 2811 126 41 quia
1328 2811 205 41 vbicunque
1486 2811 205 41 inuenitur
1643 2811 142 41 eadem
1738 2811 142 41 ratio
1817 2811 142 41 distin-

1101 2850 183 38 ctionis,
1238 2850 107 38 ibi
1299 2850 138 38 debet
1391 2850 138 38 eodem
1483 2850 122 38 modo
1559 2850 122 38 poni
1636 2850 229 38 distinctio:
1819 2850 107 38 sed
1865 2850 92 38 eade

1092 2886 111 47 &c.
1156 2886 111 47 Nam
1219 2886 111 47 pro
1282 2886 143 47 tanto
1377 2886 206 47 diuiditur
1536 2886 206 47 appetitus
1695 2886 238 47 sensitiuus:
1869 2886 95 47 quia

1105 2923 217 43 dupliciter
1275 2923 155 43 tendit
1384 2923 93 43 in
1430 2923 140 43 bonum
1523 2923 217 43 sensibile;
1694 2923 109 43 vno
1756 2923 124 43 modo
1818 2923 140 43 absolu-

1107 2962 99 48 te:
1164 2962 71 48 &
1192 2962 99 48 sic
1249 2962 156 48 dicitur
1362 2962 284 48 concupiscibilis,
1603 2962 113 48 alio
1674 2962 113 48 modo
1745 2962 85 48 in
1788 2962 128 48 bonum
1859 2962 99 48 ardu-

1107 3002 94 48 um,
1160 3002 67 48 &
1187 3002 94 48 sic
1241 3002 148 48 dicitur
1348 3002 215 48 irascibilis:
1523 3002 94 48 sed
1576 3002 174 48 appetitus
1710 3002 228 48 intellectiuus
1885 3002 67 48 si-

1099 3042 162 50 militer
1217 3042 148 50 tendit
1321 3042 89 50 in
1365 3042 133 50 bonum
1453 3042 221 50 dupliciter,
1630 3042 133 50 puta,
1719 3042 103 50 sub
1763 3042 192 50 absolutaera

1094 3086 135 47 tione
1184 3086 135 47 boni,
1274 3086 75 47 &
1304 3086 105 47 sub
1365 3086 165 47 ratione
1485 3086 210 47 arduissimi
1650 3086 135 47 boni,
1740 3086 135 47 puta,
1831 3086 105 47 cum
1876 3086 90 47 ten-

1103 3118 115 70 dit
1168 3118 98 70 in
1217 3118 180 70 vltimum
1348 3118 148 70 finem
1447 3118 115 70 sub
1512 3118 180 70 ratione
1644 3118 164 70 vltimi
1742 3118 131 70 finis.
