2416 3535
269 278 142 68 Forte
364 278 189 68 dicetur,
506 278 126 68 quod
585 278 126 68 homo
664 278 111 68 non
727 278 158 68 potest
838 278 95 68 se
885 278 142 68 ipsum
964 278 142 68 dilige-

237 340 90 43 re
282 340 90 43 ex
327 340 180 43 caritate
463 340 75 43 :
493 340 120 43 ergo
568 340 105 43 nec
628 340 150 43 aliqua
733 340 256 43 irrationalia.
929 340 165 43 Consequen

238 372 100 51 tia
295 372 143 51 patet,
395 372 115 51 quia
467 372 86 51 ex
510 372 172 51 caritate
639 372 186 51 diligenda
783 372 115 51 sunt
854 372 100 51 ea,
912 372 86 51 in
955 372 143 51 quibus
1041 372 57 51 es

231 407 215 57 similitudo
400 407 123 57 Dei:
476 407 108 57 sed
538 407 215 57 expressior
707 407 108 57 est
768 407 215 57 similitudo
937 407 92 57 in
968 407 138 57 homine,

245 457 126 52 quam
324 457 95 52 in
372 457 206 52 quacumque
530 457 237 52 irrationali
720 457 206 52 creatura.
878 457 221 52 Antecedens
1036 457 63 52 po

245 488 116 54 test
317 488 159 54 probari
432 488 116 54 sic.
505 488 116 54 Amor
577 488 275 54 reprehensibilis
808 488 101 54 non
866 488 101 54 est
924 488 87 54 ex
953 488 144 54 caritate

236 525 112 55 sed
300 525 128 55 amor
380 525 112 55 sui
444 525 112 55 est
508 525 320 55 reprehensibilis:
781 525 128 55 Quia
861 525 144 55 dicit
941 525 160 55 Apostolu

240 563 151 67 Erunt
341 563 184 67 homines
475 563 184 67 seipsos
609 563 201 67 amantes.
760 563 134 67 Item
844 563 151 67 Creg.
944 563 134 67 ait,
1011 563 101 67 quod

250 606 163 52 caritas
369 606 149 52 minus,
473 606 119 52 quam
547 606 134 52 inter
636 606 119 52 duos
711 606 119 52 esse
785 606 104 52 non
844 606 163 52 potest:
963 606 89 52 in
993 606 104 52 alte-

245 652 108 47 rum
306 652 124 47 enim
384 652 170 47 caritas
492 652 139 47 tendit.

280 684 229 54 Respondeo
457 684 194 54 negando
598 684 264 54 antecedens:
809 684 141 54 quia
897 684 123 54 cum
968 684 141 54 homo
1038 684 71 54 ex

239 730 185 46 caritate
377 730 185 46 teneatur
516 730 185 46 diligere
655 730 185 46 proximum
794 730 139 46 suum,
887 730 139 46 sicut
964 730 139 46 seipsum

237 766 135 51 iuxta
327 766 210 51 praeceptum
491 766 224 51 Saluatoris:
671 766 150 51 igitur
776 766 180 51 oportet,
910 766 120 51 quod
970 766 135 51 seipsum

248 809 166 45 diligat
368 809 90 45 ex
414 809 196 45 caritate.
564 809 120 45 Vnde
639 809 135 45 etiam
730 809 90 45 in
775 809 151 45 ciuili
880 809 181 45 amicitia
1001 809 105 45 forma

239 840 207 52 diligendi
398 840 159 52 amicum
509 840 207 52 accipitur
668 840 254 52 exemplariter
875 840 95 52 ex
922 840 143 52 forma
1002 840 95 52 dili

239 881 137 65 gendi
330 881 183 65 seipsum:
467 881 122 65 quia
543 881 152 65 amicus
650 881 107 65 est
710 881 137 65 alter
802 881 122 65 ego,
878 881 91 65 vt
923 881 137 65 pater
1015 881 91 65 in
1045 881 61 65 9.

245 924 225 47 ethicorum.
422 924 129 47 Vnde
502 924 161 47 ibidem
615 924 193 47 dicitur,
759 924 129 47 quod
840 924 241 47 amicabilia,
1017 924 80 47 qua

245 962 125 50 sunt
323 962 94 50 ad
370 962 187 50 alterum,
510 962 140 50 ortum
604 962 172 50 habent,
729 962 109 50 seu
791 962 172 50 trahunt
916 962 94 50 ex
947 962 156 50 amicabi-

241 998 156 52 libus,
351 998 125 52 quae
429 998 125 52 sunt
507 998 94 52 ad
554 998 109 52 nos
616 998 156 52 ipsos.
725 998 94 52 Ad
772 998 234 52 probationem
944 998 156 52 dicendum

242 1037 127 59 quod
321 1037 158 59 licet,
432 1037 127 59 quod
511 1037 174 59 homines
638 1037 142 59 ament
733 1037 174 59 seipsos
860 1037 237 59 inordinate,
1034 1037 63 59 si

249 1086 255 43 vituperabile:
459 1086 150 43 tamen,
564 1086 120 43 quod
639 1086 180 43 diligant
773 1086 165 43 seipsos
893 1086 195 43 ordinate,
1028 1086 75 43 non

246 1111 108 58 est
307 1111 294 58 reprehensibile,
555 1111 108 58 sed
617 1111 139 58 valde
710 1111 217 58 laudabile.
880 1111 124 58 Quis
958 1111 139 58 autem
1035 1111 62 58 de

255 1157 117 53 beat
328 1157 117 53 esse
401 1157 117 53 ordo
475 1157 88 53 in
518 1157 205 53 diligendo,
679 1157 88 53 in
723 1157 175 53 sequenti
854 1157 205 53 quaestione
1000 1157 88 53 pate

248 1201 130 49 bit.
329 1201 97 49 Ad
377 1201 162 49 dictum
491 1201 130 49 reg.
572 1201 211 49 dicendum,
734 1201 130 49 quod
815 1201 113 49 per
879 1201 113 49 hoc
944 1201 113 49 non
993 1201 113 49 inten

240 1241 108 43 dit
301 1241 138 43 Creg.
393 1241 169 43 dicere,
516 1241 123 43 quod
593 1241 123 43 homo
670 1241 108 43 non
731 1241 154 43 possit
839 1241 169 43 seipsum
946 1241 154 43 diligero

246 1269 88 56 ex
290 1269 192 56 caritate:
438 1269 103 56 sed
497 1269 118 56 vult
570 1269 162 56 dicere,
688 1269 118 56 quod
762 1269 88 56 ex
806 1269 177 56 caritate
939 1269 103 56 non
983 1269 118 56 possit

240 1322 182 41 diligere
377 1322 137 41 solum
468 1322 106 41 se:
529 1322 122 41 quia
605 1322 167 41 diligit
726 1322 91 41 se
772 1322 91 41 in
817 1322 152 41 ordine
924 1322 91 41 ad
954 1322 152 41 alterum,

240 1348 200 62 scilicet
391 1348 100 62 ad
441 1348 150 62 Deum,
541 1348 84 62 &
574 1348 100 62 ad
625 1348 217 62 proximum:
792 1348 84 62 &
825 1348 134 62 ideo
909 1348 184 62 quamuis
1025 1348 84 62 di-

239 1389 131 62 ligat
327 1389 102 62 se:
385 1389 131 62 tamen
473 1389 204 62 dilectione
633 1389 189 62 caritatis
779 1389 146 62 tendit
881 1389 87 62 in
924 1389 175 62 alterum.

339 1474 531 89 ARTICVLVS
707 1474 286 89 IIII.

236 1559 165 90 Vtrum
346 1559 201 90 Demones
492 1559 128 90 seu
565 1559 238 90 quecumque
748 1559 238 90 creaturae
913 1559 183 90 peccatri

426 1615 102 62 ces
485 1615 117 62 sint
558 1615 204 62 diligendae
719 1615 102 62 eax
762 1615 161 62 caritate.

332 1694 181 65 VANTVM
458 1694 108 65 ad
513 1694 199 65 quartum
657 1694 235 65 articulum
838 1694 163 65 dico,
946 1694 145 65 quod
1019 1694 90 65 pec

240 1730 196 81 catores
383 1730 196 81 possunt
525 1730 142 81 esse
614 1730 107 81 in
667 1730 196 81 duplici
810 1730 178 81 statu.
934 1730 160 81 Quia,
1023 1730 89 81 vel

246 1782 114 57 sunt
317 1782 86 57 in
360 1782 114 57 via,
431 1782 100 57 ita
489 1782 114 57 quod
560 1782 186 57 possibile
703 1782 100 57 est
760 1782 100 57 eos
817 1782 200 57 poenitere,
974 1782 100 57 vel
1017 1782 86 57 sunt

246 1821 89 64 in
291 1821 179 64 termino,
425 1821 104 64 seu
485 1821 134 64 extra
574 1821 134 64 viam,
664 1821 104 64 ita
723 1821 119 64 quod
798 1821 104 64 non
857 1821 164 64 possunt
962 1821 149 64 vlterius

251 1869 203 54 meritorie
392 1869 187 54 poenitere.

283 1899 151 57 Primo
384 1899 134 57 modo
468 1899 151 57 ponam
569 1899 269 57 conclusionem
787 1899 285 57 affirmatiuam,
1005 1899 101 57 sci-

242 1938 157 59 licet,
352 1938 126 59 quod
431 1938 126 59 sunt
510 1938 94 59 ex
557 1938 189 59 caritate
698 1938 220 59 diligendi,
871 1938 157 59 saltem
966 1938 142 59 quantum

248 1980 93 54 ad
295 1980 140 54 eorun
388 1980 171 54 aturam,
513 1980 186 54 secundum
652 1980 171 54 quantum
777 1980 124 54 sunt
854 1980 93 54 ad
901 1980 186 54 imaginem
1025 1980 78 54 Dei

253 2018 79 52 1
285 2018 127 52 Quia
364 2018 158 52 quibus
475 2018 269 52 benefaciendum
696 2018 127 52 est,
776 2018 127 52 illi
855 2018 127 52 sunt
934 2018 95 52 ex
966 2018 142 52 carita-

248 2055 94 61 te
295 2055 218 61 diligendi:
467 2055 109 61 sed
529 2055 140 61 malis
623 2055 265 61 benefaciendum
841 2055 125 61 est:
919 2055 125 61 quia
997 2055 94 61 ad
1028 2055 78 61 hoc

257 2096 171 59 aborare
382 2096 187 59 debemus,
522 2096 93 59 vt
569 2096 78 59 a
600 2096 125 59 suis
678 2096 187 59 peccatis
818 2096 265 59 conuertantur,
1021 2096 93 59 quod

245 2142 160 51 cedit
352 2142 107 51 ad
405 2142 178 51 magnum
530 2142 160 51 bonum
619 2142 142 51 eorum.

257 2170 78 60 2
289 2170 219 60 Praeterea,
461 2170 110 60 ait
524 2170 125 60 Aug.
602 2170 125 60 quod
680 2170 110 60 sic
743 2170 204 60 diligendi
899 2170 125 60 sunt
962 2170 141 60 homines

255 2212 92 60 vt
301 2212 107 60 non
362 2212 215 60 diligantur
531 2212 138 60 eorum
623 2212 184 60 errores.
761 2212 92 60 Et
807 2212 123 60 idem
884 2212 123 60 Aug.
961 2212 123 60 ait,
1022 2212 92 60 quod

237 2258 93 57 in
284 2258 202 57 praecepto
440 2258 233 57 dilectionis
627 2258 171 57 proximi
751 2258 140 57 omnis
844 2258 125 57 homo
907 2258 202 57 continetur,

291 2290 159 58 Contra
403 2290 143 58 istam
498 2290 255 58 conclusionem
705 2290 80 58 a
737 2290 207 58 quibusdam
896 2290 191 58 arguitur
1023 2290 80 58 sic

254 2329 76 61 1
284 2329 136 61 Illi,
375 2329 106 61 qui
436 2329 106 61 non
496 2329 167 61 gaudent
618 2329 167 61 eisdem,
739 2329 106 61 non
800 2329 167 61 possunt
921 2329 152 61 habere
1012 2329 91 61 ami-

245 2370 148 60 citiam
349 2370 89 60 ad
393 2370 207 60 seinuicem,
556 2370 89 60 vt
600 2370 148 60 patet.
704 2370 89 60 9.
748 2370 207 60 ethicorum:
911 2370 104 60 sed
955 2370 163 60 virtuosi,

244 2411 80 55 &
276 2411 175 55 vitiosi
403 2411 111 55 non
467 2411 175 55 gaudent
594 2411 175 55 eisdem:
722 2411 111 55 sed
786 2411 143 55 magis
881 2411 175 55 gaudent
993 2411 111 55 oppo.

257 2450 142 57 sitis:
356 2450 85 57 In
399 2450 85 57 eo
441 2450 128 57 enim,
527 2450 85 57 in
569 2450 99 57 quo
626 2450 185 57 virtuosus
768 2450 185 57 laetatur,
910 2450 170 57 vitiosus
1024 2450 85 57 tri-

251 2489 166 58 statur,
371 2489 105 58 cum
432 2489 151 58 signum
537 2489 105 58 sit
597 2489 196 58 acquisiti
748 2489 166 58 habitus
868 2489 151 58 habere
958 2489 151 58 delecta.

250 2536 164 50 tionem
364 2536 98 50 in
414 2536 164 50 opere,
528 2536 131 50 quod
610 2536 115 50 est
676 2536 197 50 secundum
823 2536 148 50 illum
922 2536 197 50 habitum,
1053 2536 49 50 v

263 2574 138 49 patet
354 2574 92 49 2.
400 2574 214 49 ethicorum:
568 2574 107 49 sed
629 2574 199 49 virtuosus
782 2574 138 49 habet
874 2574 168 49 habitum
981 2574 122 49 virtuo

247 2618 137 46 sum,
332 2618 85 46 &
366 2618 205 46 vitiosus
503 2618 188 46 vitiosum.

274 2643 72 62 2
302 2643 201 62 Praeterea,
460 2643 201 62 deficiente
618 2643 129 62 causa
705 2643 158 62 deficit
820 2643 187 62 effectus:
963 2643 101 62 sed
1006 2643 101 62 caus-

255 2686 216 63 dilectionis
427 2686 158 63 deficit
542 2686 129 63 inter
628 2686 158 63 iustum,
744 2686 72 63 &
772 2686 216 63 peccatorem:
945 2686 115 63 quia
1002 2686 101 63 simil

253 2723 112 61 tudo
323 2723 98 61 est
379 2723 126 61 causa
463 2723 225 61 dilectionis.
646 2723 112 61 lsti
716 2723 126 61 autem
800 2723 112 61 sunt
870 2723 126 61 valde
941 2723 168 61 dissimiles

265 2762 236 61 Respondeo,
450 2762 101 61 ad
501 2762 185 61 primum,
636 2762 152 61 quod,
737 2762 185 61 quamuis
871 2762 135 61 illa
955 2762 152 61 maior
1040 2762 67 61 si

254 2802 143 70 vera,
350 2802 191 70 loquendo
493 2802 96 70 de
541 2802 191 70 amicitia
685 2802 175 70 ciuili,
812 2802 80 70 &
844 2802 223 70 temporali:
1003 2802 112 70 tamen

261 2839 105 60 non
321 2839 105 60 est
381 2839 135 60 vera,
471 2839 180 60 loquendo
606 2839 90 60 de
651 2839 180 60 amicitia
786 2839 165 60 diuina,
906 2839 75 60 &
921 2839 180 60 spirituali

260 2880 106 66 qua
320 2880 136 66 etiam
411 2880 181 66 inimicos
547 2880 166 66 iubemur
668 2880 196 66 diligere,
819 2880 76 66 &
849 2880 136 66 ipsis
925 2880 181 66 benefacere

256 2926 112 53 qui
320 2926 112 53 nos
384 2926 191 53 oderint.
527 2926 112 53 vel
591 2926 207 53 dicendum,
750 2926 128 53 quod
830 2926 143 53 maior
926 2926 112 53 est
989 2926 128 53 vera
1053 2926 64 53 de

252 2959 119 60 his,
327 2959 104 60 qui
386 2959 104 60 nec
446 2959 134 60 actu,
535 2959 104 60 nec
594 2959 208 60 aptitudine
758 2959 164 60 gaudent
877 2959 164 60 eisdem:
996 2959 104 60 sed
1041 2959 74 60 pec

252 3001 180 55 catores,
387 3001 150 55 quauis
492 3001 120 55 actu
567 3001 105 55 non
627 3001 180 55 gaudeant
761 3001 150 55 eisdem
866 3001 105 55 cum
926 3001 150 55 bonis,
1031 3001 75 55 &
1046 3001 60 55 iu

261 3034 138 64 stis:
353 3034 215 64 aptitudine
522 3034 138 64 tamen
614 3034 123 64 illo
691 3034 169 64 gaudio,
814 3034 169 64 quamdiu
937 3034 123 64 sunt
1014 3034 77 64 m
1029 3034 77 64 via

263 3076 192 60 totaliter
411 3076 104 60 non
470 3076 207 60 priuantur:
633 3076 74 60 &
663 3076 118 60 ideo
736 3076 89 60 ex
781 3076 222 60 dilectione,
958 3076 74 60 &
973 3076 148 60 caritate

251 3126 120 57 sunt
326 3126 179 57 iuuandi,
460 3126 90 57 vt
505 3126 134 57 talis
595 3126 179 57 aptitudo
729 3126 90 57 in
774 3126 134 57 actum
849 3126 179 57 reducatur.

1176 292 106 51 Ad
1229 292 213 51 secundum
1389 292 230 51 dicendum,
1566 292 142 51 quod
1654 292 248 51 peccatores
1832 292 159 51 quamdit

1136 332 126 52 sunt
1215 332 95 52 in
1262 332 110 52 via
1326 332 189 52 secundum
1468 332 237 52 aptitudinem
1657 332 221 52 naturalem,
1830 332 126 52 sunt
1894 332 110 52 simi-

1142 369 113 52 les
1206 369 145 52 ipsis
1303 369 209 52 hominibus
1463 369 225 52 virtuosis,
1640 369 113 52 sed
1705 369 193 52 secundum
1833 369 161 52 malitiam

1140 418 192 43 actualem
1284 418 128 43 sunt
1364 418 128 43 ipsi
1444 418 240 43 dissimiles:
1637 418 128 43 ideo
1717 418 192 43 secundum
1861 418 176 43 naturam

1130 448 127 55 sunt
1209 448 95 55 ex
1257 448 190 55 caritate
1399 448 221 55 diligendi:
1573 448 111 55 sed
1636 448 190 55 secundum
1779 448 190 55 malitiam
1905 448 95 55 sunt

1143 487 123 49 odier.
1217 487 62 49 di-

1171 500 180 79 Secundo
1301 500 147 79 modo,
1400 500 147 79 puta,
1498 500 196 79 loquendo
1645 500 98 79 de
1694 500 262 79 peccatoribus
1906 500 114 79 dam

1138 568 131 51 natis
1225 568 131 51 extra
1312 568 116 51 viam
1384 568 160 51 salutis
1500 568 189 51 totaliter
1645 568 174 51 positis,
1776 568 116 51 tunc
1848 568 131 51 ponam
1921 568 73 51 con

1137 606 208 55 clusionem
1297 606 225 55 negatiuam.
1474 606 80 55 1
1506 606 128 55 Quia
1586 606 144 55 illi,
1682 606 112 55 qui
1746 606 112 55 sic
1811 606 96 55 se
1859 606 176 55 habent,

1137 645 125 49 quod
1216 645 235 49 impossibile
1403 645 110 49 est
1466 645 110 49 eos
1529 645 156 49 venire
1638 645 94 49 ad
1685 645 125 49 vnam
1763 645 219 49 societatem
1920 645 78 49 no-

1142 682 172 47 biscum,
1267 682 140 47 illos
1361 682 109 47 non
1423 682 187 47 tenemur,
1563 682 109 47 nec
1626 682 172 47 debemus
1751 682 187 47 diligere
1891 682 94 47 ex
1922 682 78 47 ca-

1137 721 177 57 ritate:
1266 721 177 57 damnati
1395 721 129 57 sunt
1476 721 226 57 huiusmodi:
1653 721 129 57 ergo
1734 721 113 57 &c.
1798 721 145 57 Minor
1879 721 113 57 pates

1137 762 91 56 ex
1182 762 137 56 fide.
1274 762 137 56 Maior
1365 762 137 56 etiam
1456 762 137 56 patet
1547 762 91 56 ex
1593 762 137 56 dicto
1684 762 137 56 beati
1775 762 122 56 Aug.
1836 762 152 56 superium

1124 804 207 48 introducto.

1155 813 81 78 2
1187 813 226 78 Praeterea,
1365 813 210 78 quicumque
1526 813 129 78 sunt
1607 813 145 78 talis
1704 813 258 78 condicionis,
1897 813 97 78 quod

1134 885 176 39 respectu
1267 885 132 39 eorum
1355 885 176 39 amicitia
1487 885 103 39 est
1546 885 235 39 dissoluenda,
1737 885 118 39 illi
1810 885 103 39 non
1869 885 118 39 sunt
1928 885 73 39 di-

1133 918 171 48 ligendi
1258 918 93 48 ex
1304 918 202 48 caritate:
1460 918 171 48 damnati
1584 918 124 48 sunt
1662 918 218 48 huiusmodi.
1833 918 140 48 Maior
1910 918 78 48 pa-

1136 968 128 37 tet.
1216 968 175 37 Minorem
1343 968 159 37 probo:
1455 968 128 37 quia
1535 968 191 37 secundum
1678 968 159 37 Arist.
1790 968 96 37 8.
1822 968 175 37 ethicorum

1135 999 219 44 dissoluenda
1310 999 102 44 est
1369 999 175 44 amicitia
1500 999 87 44 ad
1543 999 117 44 eos,
1616 999 102 44 qui
1674 999 117 44 sunt
1747 999 87 44 in
1791 999 160 44 malitia
1893 999 102 44 obdu-

1140 1031 141 54 rati,
1234 1031 78 54 &
1266 1031 235 54 incurabiles
1454 1031 173 54 propter
1580 1031 188 54 malitiam
1721 1031 235 54 abundantem:
1909 1031 125 54 Sed,

1130 1074 175 49 damnati
1257 1074 127 49 sunt
1337 1074 207 49 totaliter
1496 1074 207 49 obdurati,
1655 1074 80 49 &
1687 1074 175 49 penitus
1798 1074 207 49 incurabiles

1138 1114 106 51 seu
1198 1114 242 51 insanabiles:
1395 1114 121 51 ergo
1456 1114 61 51 &c

1208 1139 216 67 Praeterea,
1377 1139 170 67 August.
1500 1139 154 67 dicit,
1608 1139 108 67 qui
1670 1139 170 67 diligit
1793 1139 200 67 proximum,
1932 1139 77 67 vel

1132 1198 112 47 quia
1202 1198 140 47 iustus
1300 1198 112 47 est,
1371 1198 98 47 vel
1427 1198 84 47 vt
1469 1198 140 47 iustus
1567 1198 112 47 sit,
1637 1198 126 47 debet
1721 1198 182 47 diligere:
1862 1198 84 47 Se
1904 1198 70 47 d
1918 1198 84 47 dam-

1135 1243 128 38 nati,
1220 1243 100 38 nec
1277 1243 114 38 sunt
1348 1243 142 38 iusti,
1448 1243 100 38 nec
1505 1243 157 38 possunt
1619 1243 128 38 fieri
1705 1243 128 38 iusti
1790 1243 71 38 :
1819 1243 114 38 ergo
1890 1243 100 38 non
1933 1243 85 38 sunt

1121 1273 172 52 diligendi

1166 1310 148 42 Forte
1264 1310 197 42 dicetur,
1412 1310 132 42 quod
1494 1310 148 42 omnem
1593 1310 230 42 rationalem
1774 1310 214 42 creaturam
1922 1310 82 42 ho-

1132 1346 89 50 mo
1177 1346 164 50 tenetur
1296 1346 194 50 diligere,
1445 1346 119 50 quae
1520 1346 119 50 sibi
1594 1346 149 50 vtilis
1699 1346 104 50 est
1758 1346 89 50 ad
1788 1346 209 50 beatitudinis

1129 1389 135 51 suae
1213 1389 236 51 augmentum,
1399 1389 84 51 &
1432 1389 152 51 ipsum
1533 1389 202 51 promouet
1685 1389 101 51 ad
1736 1389 219 51 virtutem:
1887 1389 118 51 daemo

1142 1435 110 38 nes
1205 1435 125 38 sunt
1283 1435 219 38 huiusmodi,
1455 1435 110 38 qui
1518 1435 94 38 ex
1565 1435 110 38 eo,
1627 1435 125 38 quod
1706 1435 110 38 nos
1768 1435 219 38 exercitant
1925 1435 78 38 hic

1133 1470 92 55 in
1179 1470 122 55 via,
1255 1470 168 55 augetur
1377 1470 92 55 in
1423 1470 122 55 bono
1499 1470 153 55 homine
1606 1470 168 55 meritum
1728 1470 183 55 virtutis
1865 1470 92 55 in
1895 1470 92 55 prae

1137 1512 151 43 senti,
1243 1512 75 43 &
1273 1512 181 43 praemium
1408 1512 166 43 gloriae
1529 1512 91 43 in
1559 1512 136 43 futuro.

1182 1546 218 47 Respondeo,
1353 1546 124 47 quod
1431 1546 171 47 quamuis
1556 1546 140 47 maior
1649 1546 109 47 sit
1711 1546 124 47 vera
1789 1546 93 47 de
1835 1546 124 47 tali
1898 1546 124 47 ratio-

1145 1581 111 57 nali
1215 1581 181 57 creatura,
1353 1581 111 57 quae
1423 1581 97 57 per
1478 1581 97 57 se,
1534 1581 69 57 &
1562 1581 153 57 propria
1673 1581 194 57 intentione
1825 1581 97 57 est
1881 1581 153 57 vtilis;

1140 1629 139 50 tamen
1232 1629 108 50 non
1294 1629 108 50 est
1355 1629 123 50 vera
1432 1629 92 50 si
1478 1629 139 50 solum
1571 1629 108 50 per
1632 1629 200 50 accidens,
1786 1629 77 50 &
1817 1629 169 50 praeter
1925 1629 77 50 om-

1135 1675 118 41 nem
1202 1675 252 41 intentionem
1404 1675 202 41 prodest:
1555 1675 118 41 sed
1622 1675 218 41 daemones,
1790 1675 185 41 quamuis
1908 1675 84 41 pe-

1144 1704 173 52 accidens
1273 1704 130 52 nobis
1360 1704 158 52 prosint
1475 1704 86 52 ad
1518 1704 187 52 virtutem,
1662 1704 72 52 &
1691 1704 245 52 beatitudinem:
1892 1704 101 52 per
1935 1704 58 52 si

1148 1740 151 55 tamen,
1254 1740 76 55 &
1284 1740 166 55 quantum
1405 1740 91 55 in
1450 1740 91 55 se
1495 1740 121 55 est,
1571 1740 121 55 tunc
1646 1740 196 55 intendunt
1798 1740 106 55 nos
1843 1740 151 55 impedire

1181 1781 104 48 Ad
1233 1781 243 48 argumentum
1424 1781 243 48 principale
1614 1781 139 48 nego
1701 1781 208 48 minorem.
1857 1781 104 48 Ad
1892 1781 104 48 pro-

1142 1821 189 52 bationem
1284 1821 204 52 dicendum,
1441 1821 126 52 quod
1519 1821 173 52 caritas
1645 1821 110 52 non
1708 1821 110 52 est
1771 1821 141 52 forma
1850 1821 141 52 virtuti

1144 1857 110 52 sic,
1213 1857 110 52 quod
1282 1857 124 52 ipsis
1364 1857 193 52 virtutibus
1516 1857 179 52 inhaereat
1653 1857 206 52 subiectiue:
1818 1857 96 52 sed
1859 1857 138 52 dicituri

1131 1897 154 53 forma
1234 1897 222 53 virtutum,
1405 1897 103 53 eo
1456 1897 137 53 quod
1541 1897 188 53 omnibus
1678 1897 239 53 cooperatur
1866 1897 103 53 ad
1900 1897 103 53 hoc,

1142 1948 132 50 quod
1224 1948 132 50 opus
1307 1948 149 50 eorum
1406 1948 116 50 sit
1472 1948 165 50 viuum,
1587 1948 83 50 &
1604 1948 215 50 meritorium.

1136 1991 549 94 DISTINCTIO
1567 1991 275 94 SxM
1685 1991 314 94 ETExx.

1156 2100 222 85 Luculenta
1326 2100 153 85 harum
1429 2100 290 85 distinctionum
1667 2100 205 85 diuusio,
1821 2100 102 85 in
1855 2100 136 85 quibus

1380 2161 208 71 caritatis
1540 2161 128 71 ordo
1604 2161 160 71 patebit.

1366 2260 184 36 OST
1471 2260 184 36 PRA
1576 2260 236 36 DICTA
1733 2260 157 36 DE
1785 2260 210 36 ORDINE

1388 2292 194 46 Postquam
1534 2292 194 46 Magister
1679 2292 194 46 superius
1809 2292 194 46 insinuauit

1387 2330 201 44 caritatis
1541 2330 278 44 diffinitionem,
1772 2330 77 44 &
1788 2330 216 44 diligendorum

1391 2369 260 44 multitudinem:
1605 2369 122 44 nunc
1682 2369 92 44 in
1727 2369 138 44 ista.
1819 2369 107 44 28.
1865 2369 138 44 distin-

1397 2404 140 46 ctione
1495 2404 140 46 tradit
1592 2404 195 46 caritatis,
1746 2404 70 46 &
1774 2404 209 46 dilectionis
1927 2404 70 46 or-

1304 2445 94 49 Ei
1351 2445 157 49 dinem.
1461 2445 94 49 Et
1508 2445 204 49 diuiditur
1665 2445 94 49 in
1712 2445 125 49 duas
1790 2445 172 49 partes,
1900 2445 94 49 qui-

1155 2486 135 44 primo
1245 2486 165 44 tractat
1365 2486 90 44 de
1411 2486 226 44 dilectionis
1591 2486 180 44 ordinata
1726 2486 226 44 intensione.
1892 2486 105 44 Secun

1151 2525 99 50 do,
1207 2525 85 50 de
1250 2525 141 50 meriti
1348 2525 197 50 quantitate
1503 2525 85 50 ex
1546 2525 197 50 dilectione
1701 2525 212 50 resultante,
1870 2525 113 50 ibi,
1926 2525 71 50 Hic

1141 2568 141 45 solet
1235 2568 172 45 quaeri.
1361 2568 141 45 Prima
1455 2568 94 45 in
1502 2568 141 45 duas:
1596 2568 110 45 nam
1658 2568 141 45 primo
1752 2568 188 45 Magister
1878 2568 125 45 consi-

1141 2602 135 51 derat
1231 2602 210 51 caritatis,
1396 2602 75 51 &
1426 2602 225 51 dilectionis
1607 2602 180 51 ordinem.
1742 2602 180 51 Secundo,
1862 2602 135 51 graduum

1148 2641 146 49 illius
1251 2641 131 49 ponit
1338 2641 263 49 distinctionem,
1557 2641 117 49 ibi,
1630 2641 175 49 Sciendum
1761 2641 146 49 quoque
1864 2641 117 49 est.
1922 2641 73 49 Dri

1136 2686 95 48 ma
1184 2686 95 48 in
1231 2686 143 48 duas:
1327 2686 111 48 nam
1390 2686 159 48 primo,
1501 2686 222 48 considerat
1676 2686 238 48 dilectionis
1850 2686 143 48 ordinem

1149 2718 102 51 in
1200 2718 188 51 communi
1337 2718 205 51 respectu
1491 2718 171 51 omnium
1610 2718 290 51 diligendorum.
1832 2718 171 51 Secundo,

1152 2761 91 52 in
1197 2761 181 52 speciali
1333 2761 181 52 respectu
1469 2761 196 52 parentum,
1620 2761 76 52 &
1650 2761 257 52 propinquorum,
1862 2761 121 52 ibi,
1922 2761 76 52 So-

1142 2800 104 48 let
1201 2800 133 48 etiam
1290 2800 148 48 quaeri
1394 2800 89 48 si
1439 2800 193 48 parentes.
1587 2800 133 48 Prima
1676 2800 89 48 in
1720 2800 133 48 duas:
1809 2800 119 48 quia
1883 2800 148 48 primo,

1140 2837 94 49 ex
1187 2837 156 49 dictis
1296 2837 203 49 sanctorum
1452 2837 187 49 insinuat
1593 2837 218 49 praedictum
1764 2837 172 49 ordinem
1873 2837 125 49 Secun-

1148 2874 105 54 do,
1208 2874 164 54 recitat
1327 2874 135 54 circa
1417 2874 105 54 hoc
1477 2874 194 54 triplicem
1626 2874 209 54 opinionem,
1791 2874 120 54 ibi,
1865 2874 135 54 vnde,
1955 2874 75 54 &

1140 2918 131 52 super
1228 2918 117 52 hoc.
1301 2918 88 52 Et
1345 2918 117 52 haec
1418 2918 190 52 diuiditur
1564 2918 88 52 in
1608 2918 117 52 tres
1681 2918 161 52 partes,
1798 2918 175 52 secundum
1914 2918 88 52 quod

1152 2965 131 43 circa
1240 2965 218 43 dilectionis
1415 2965 160 43 ordinem
1531 2965 175 43 Magister
1662 2965 160 43 recitat
1779 2965 116 43 tres
1837 2965 160 43 opiniones

1146 2995 189 51 Secunda,
1288 2995 126 51 ibi,
1367 2995 158 51 Quorum
1477 2995 142 51 etiam
1572 2995 205 51 nonnulli,
1730 2995 174 51 Tertia,
1856 2995 126 51 ibi,
1919 2995 79 51 ve-

1140 3044 102 44 rum
1199 3044 117 44 quia
1272 3044 205 44 praemissa.
1433 3044 132 44 Prima
1521 3044 88 44 in
1564 3044 132 44 duas:
1652 3044 117 44 quia
1725 3044 132 44 primo
1813 3044 132 44 ponit
1886 3044 117 44 primae

1150 3070 193 55 opinionis
1299 3070 238 55 assertionem.
1492 3070 178 55 Secundo,
1626 3070 178 55 ostendit
1759 3070 89 55 ad
1804 3070 149 55 aliqua
1893 3070 104 55 obie-

1153 3122 102 54 cta
1211 3122 145 54 illius
1312 3122 189 54 opinionis
1457 3122 247 54 responsionem,
1660 3122 116 54 ibi;
1733 3122 145 54 Quibus
1834 3122 174 54 oliuiat.
