2383 3566
226 270 261 68 4Praeterea,
434 270 208 68 secundum
590 270 139 68 Ari.
677 270 104 68 8.
729 270 139 68 ethi
816 270 261 68 amicabilia,
1007 270 87 68 que

224 332 132 50 sunt
306 332 99 50 ad
355 332 198 50 alterum,
504 332 198 50 venerunt
652 332 99 50 ex
701 332 264 50 amicabilibus
916 332 181 50 hominis
1031 332 66 50 ad

231 376 177 42 seipsum:
364 376 103 42 sed
423 376 133 42 causa
511 376 147 42 potior
614 376 103 42 est
673 376 103 42 fuo
732 376 177 42 effectu:
864 376 118 42 ergo
923 376 74 42 &c.

228 415 83 41 3
262 415 231 41 Praeterea,
443 415 132 41 Der.
526 415 116 41 li.
592 415 99 41 de
642 415 215 41 diligendo
807 415 132 41 Deum
890 415 149 41 ponit
972 415 116 41 quat.

230 455 124 51 tuor
307 455 155 51 gradus
416 455 217 51 diligendi.
586 455 155 51 primus
695 455 124 51 est,
772 455 109 51 cum
834 455 124 51 homo
912 455 140 51 nihil
989 455 93 51 dili

231 492 102 60 git
290 492 116 60 nisi
362 492 102 60 se.
420 492 189 60 Secundus,
565 492 102 60 cum
623 492 116 60 homo
696 492 131 60 nihil
783 492 160 60 diligit
899 492 116 60 nisi
957 492 131 60 propter

225 533 108 53 se.
286 533 170 53 Tertius
410 533 123 53 est,
487 533 108 53 cum
548 533 170 53 diligit
672 533 139 53 Deum.
764 533 185 53 Quartus,
903 533 108 53 cum
949 533 139 53 diligi-

225 572 197 51 seipsum,
372 572 82 51 &
405 572 148 51 omnia
503 572 131 51 alia
585 572 180 51 propter
717 572 148 51 Deum,
815 572 98 51 Et
864 572 115 51 ait
930 572 131 51 ber.
996 572 98 51 quod

225 612 180 46 tertius,
360 612 75 46 &
390 612 165 46 quartus
509 612 150 46 gradus
614 612 120 46 sunt
689 612 195 46 gratuiti,
839 612 75 46 &
869 612 165 46 quartus
988 612 75 46 a
1003 612 90 46 pau-

226 650 171 51 cissimis
354 650 86 51 in
397 650 100 51 hac
454 650 129 51 vita,
540 650 71 51 &
569 650 129 51 quasi
654 650 143 51 raptim
754 650 214 51 attingitur.
926 650 86 51 Et
968 650 100 51 hoc
1011 650 86 51 ipsi

227 693 226 43 respondent
405 693 97 43 ad
453 693 162 43 motiua
566 693 162 43 primae
663 693 178 43 opinionis

229 729 105 42 Ad
281 729 174 42 primum
403 729 192 42 dicunt,
542 729 140 42 quod
630 729 192 42 quamuis
769 729 140 42 Deus
856 729 122 42 sit
909 729 174 42 intimio-

227 768 188 45 cuilibet
368 768 220 45 creaturae,
541 768 125 45 quam
619 768 188 45 creatura
761 768 125 45 sibi
839 768 125 45 ipsi
917 768 173 45 quantum
1027 768 63 45 ad

221 809 207 43 caritatem
380 809 303 43 conuersationis:
635 809 111 43 non
699 809 143 43 tamen
794 809 175 43 quantum
922 809 96 43 ad
954 809 127 43 ratio.

214 842 113 51 nem
278 842 194 51 vnionis:
424 842 81 51 &
456 842 129 51 quia
537 842 129 51 vnio
617 842 161 51 maxime
730 842 258 51 consideratur
940 842 97 51 in
972 842 113 51 dile-

218 880 152 49 ctione
324 880 213 49 amicitiae:
492 880 122 49 ideo
568 880 168 49 quamuis
690 880 122 49 Deus
766 880 107 49 sit
827 880 183 49 intimior
949 880 137 49 creatu-

218 934 129 42 rae:
299 934 146 42 tamen
396 934 129 42 homo
477 934 146 42 magis
574 934 178 42 diligit
703 934 113 42 se,
768 934 129 42 quam
848 934 129 42 Deum
929 934 194 42 dilecto¬

222 965 89 49 ne
267 965 194 49 naturali,
416 965 104 49 cum
475 965 134 49 magis
565 965 104 49 sit
625 965 119 49 idem
699 965 119 49 sibi
774 965 134 49 ipsi,
863 965 119 49 quam
938 965 119 49 Deo.

254 1002 108 55 Sed
315 1002 123 55 ista
392 1002 200 55 responsio
546 1002 139 55 magis
639 1002 169 55 videtur
762 1002 200 55 concedere
900 1002 185 55 propositum

223 1041 167 55 primae
340 1041 234 55 opinionis,
524 1041 134 55 quam
608 1041 234 55 oppositum:
792 1041 117 55 nam
859 1041 100 55 ad
909 1041 134 55 hoc,
976 1041 100 55 quos

228 1087 184 41 creatura
366 1087 138 41 magis
458 1087 169 41 diligat
580 1087 138 41 Deum,
672 1087 123 41 quam
749 1087 184 41 seipsam,
887 1087 199 41 sufficit,
1025 1087 61 41 vt

218 1118 138 47 Deum
304 1118 276 47 concupiscat,
528 1118 103 47 vt
580 1118 172 47 summum
701 1118 155 47 bonum
804 1118 103 47 in
856 1118 103 47 se
890 1118 190 47 includen-

217 1158 128 50 omne
297 1158 160 50 bonum,
409 1158 80 50 &
441 1158 96 50 in
488 1158 176 50 ratione
616 1158 255 50 conseruantis
824 1158 208 50 creaturae
967 1158 112 50 boni-

221 1206 146 49 tatem,
324 1206 73 49 &
353 1206 233 49 subsistentia
542 1206 175 49 intimius
674 1206 146 49 inesse
776 1206 204 49 creaturae,
936 1206 117 49 quam
994 1206 88 49 crea

218 1238 101 53 tura
282 1238 114 53 insit
358 1238 101 53 sibi
408 1238 89 53 ipsi-

253 1268 95 52 Ad
301 1268 191 52 secundam
444 1268 191 52 dicerent
587 1268 159 52 aliqui
698 1268 191 52 istorum,
841 1268 127 52 quod
920 1268 143 52 licet
1000 1268 79 52 in-

219 1315 160 48 clusum,
336 1315 87 48 vt
379 1315 189 48 inclusum,
525 1315 203 48 aequaliter
684 1315 160 48 diligat
800 1315 203 48 includens,
960 1315 73 48 &
989 1315 87 48 se
1018 1315 73 48 ip-

220 1354 118 56 sum:
294 1354 147 56 tamen,
397 1354 88 56 vt
441 1354 103 56 est
499 1354 162 56 quoddam
617 1354 103 56 ens
676 1354 103 56 per
734 1354 103 56 se,
793 1354 88 56 vt
837 1354 118 56 sic,
911 1354 132 56 magis
984 1354 103 56 dili-

218 1394 111 59 git
281 1394 111 59 se,
345 1394 126 59 quam
423 1394 142 59 illud
502 1394 174 59 includens

256 1440 108 38 Sed
317 1440 108 38 nec
379 1440 138 38 illud
471 1440 154 38 valet:
579 1440 123 38 quia
655 1440 138 38 cuius
748 1440 185 38 priuatio
886 1440 92 38 ab
932 1440 154 38 humana
1024 1440 62 38 vo

218 1474 171 50 luntate
343 1474 234 50 naturaliter
530 1474 140 50 magis
623 1474 218 50 refutatur,
795 1474 125 50 eius
873 1474 156 50 posito
966 1474 109 50 magi-

224 1518 220 49 diligitur:
397 1518 110 49 sed
460 1518 157 49 stante
569 1518 141 49 recto
664 1518 188 49 rationis
805 1518 173 49 iudicio
930 1518 125 49 tunc
993 1518 94 49 Deum

212 1550 115 54 non
277 1550 131 54 esse
359 1550 148 54 magis
458 1550 180 54 refutat
589 1550 164 54 humana
704 1550 213 54 voluntas,
868 1550 131 54 quam
933 1550 148 54 seipsam

213 1598 92 42 in
259 1598 168 42 propria
381 1598 244 42 subsistentia
579 1598 107 42 non
640 1598 122 42 esse
717 1598 76 42 :
747 1598 122 42 ergo
824 1598 122 42 homo
900 1598 168 42 secudum
1007 1598 61 42 re

214 1633 127 50 ctam
293 1633 190 50 rationem
436 1633 143 50 magis
531 1633 174 50 diliget
658 1633 143 50 Deum,
753 1633 127 50 quam
832 1633 95 50 se
879 1633 158 50 ipsum,
974 1633 111 50 etiam

225 1670 89 46 vt
270 1670 104 46 est
329 1670 104 46 res
388 1670 104 46 per
447 1670 89 46 se
491 1670 222 46 subsistens.
669 1670 133 46 Maior
758 1670 148 46 patet.
861 1670 163 46 Minorem
965 1670 118 46 probo.

215 1712 120 51 quia
290 1712 90 51 ad
335 1712 105 51 non
395 1712 120 51 esse
470 1712 150 51 ipsius
575 1712 105 51 Dei
635 1712 180 51 sequitur
771 1712 105 51 non
831 1712 120 51 esse
906 1712 135 51 omnis
981 1712 90 51 crea

217 1756 137 45 turae,
313 1756 69 45 &
341 1756 82 45 in
382 1756 96 45 se,
437 1756 69 45 &
464 1756 82 45 in
505 1756 110 45 suis
574 1756 151 45 causis:
683 1756 96 45 sed
738 1756 82 45 ad
779 1756 96 45 non
834 1756 110 45 esse
903 1756 137 45 illius
985 1756 96 45 homi-

219 1783 99 55 nis
276 1783 85 55 in
318 1783 99 55 se,
375 1783 99 55 non
431 1783 170 55 sequitur
559 1783 113 55 eius
630 1783 99 55 non
686 1783 113 55 esse
757 1783 85 55 in
800 1783 99 55 sua
856 1783 142 55 causa,
955 1783 113 55 quae
1012 1783 71 55 est

225 1831 123 51 Deus
302 1831 77 51 :
333 1831 108 51 nec
394 1831 139 51 etiam
487 1831 185 51 sequitur
626 1831 108 51 non
687 1831 123 51 esse
764 1831 201 51 ceterarum
903 1831 170 51 creatura-

232 1868 102 47 rum
291 1868 73 47 :
320 1868 117 47 ergo
393 1868 146 47 stante
495 1868 190 47 naturalis
641 1868 175 47 rationis
772 1868 131 47 recto
860 1868 175 47 iudicio,
977 1868 102 47 magis

226 1903 150 48 debet
326 1903 167 48 humana
443 1903 200 48 voluntas
593 1903 200 48 refutare
743 1903 133 48 Deum
826 1903 117 48 non
893 1903 150 48 esse,
976 1903 100 48 sinc

222 1950 130 46 cuius
308 1950 115 46 esse
380 1950 130 46 nihil
467 1950 130 46 aliud
553 1950 144 46 potest
655 1950 202 46 conseruari
813 1950 87 46 in
857 1950 130 46 esse,
943 1950 115 46 quam
1001 1950 72 46 non

223 1983 115 55 esse
294 1983 101 55 sui
352 1983 158 55 ipsius,
467 1983 72 55 &
496 1983 101 55 per
553 1983 201 55 consequens
711 1983 129 55 magis
797 1983 158 55 diliget
898 1983 172 55 positionem

222 2023 97 49 seu
277 2023 110 49 esse
346 2023 138 49 ipsius
443 2023 110 49 Dei,
512 2023 110 49 quam
581 2023 110 49 esse
650 2023 97 49 sui
691 2023 124 49 ipsius.

243 2052 99 54 Ad
293 2052 182 54 tertium
425 2052 182 54 dicunt,
557 2052 132 54 quod
640 2052 165 54 natura
755 2052 116 54 non
821 2052 165 54 potest
937 2052 132 54 omne
1003 2052 66 54 id

217 2098 122 52 quod
293 2098 199 52 naturalis
446 2098 138 52 ratio
538 2098 168 52 dictat.
660 2098 107 52 Nam
721 2098 199 52 naturalis
874 2098 138 52 ratio
951 2098 122 52 dictat

203 2147 142 43 Deum
292 2147 142 43 esse
381 2147 178 43 maxime
506 2147 320 43 cognoscibilem:
773 2147 89 43 &
808 2147 160 43 tamen
915 2147 142 43 homo
986 2147 89 43 non

213 2189 172 52 potest
333 2189 137 52 Deum
419 2189 172 52 maxime
539 2189 240 52 cognoscere
728 2189 189 52 manente
865 2189 137 52 ipso
934 2189 137 52 hominu

219 2222 87 47 in
262 2222 116 47 suis
334 2222 130 47 puris
421 2222 231 47 naturalibus.
609 2222 101 47 Sic
667 2222 87 47 in
710 2222 203 47 proposito,
869 2222 159 47 quamuis
971 2222 101 47 ratio

219 2256 169 53 dictet
337 2256 135 53 Deum
421 2256 135 53 esse
506 2256 169 53 maxime
624 2256 253 53 diligendum:
826 2256 152 53 tamen
927 2256 118 53 hoc
978 2256 101 53 homo

217 2295 108 52 non
278 2295 154 52 potest
386 2295 92 52 ex
432 2295 123 52 suis
509 2295 230 52 naturalibus
693 2295 184 52 implere.
831 2295 92 52 Et
877 2295 169 52 addunt,
985 2295 92 52 quod

214 2336 148 47 istud,
318 2336 133 47 puta,
406 2336 118 47 quod
480 2336 103 47 sua
539 2336 177 47 naturali
672 2336 207 47 dilectione
835 2336 133 47 magis
923 2336 148 47 tendit
1012 2336 59 47 in

209 2378 109 49 se,
272 2378 125 49 quam
350 2378 93 49 in
396 2378 140 49 Deum,
490 2378 109 49 non
552 2378 187 49 prouenit
692 2378 93 49 ex
739 2378 249 49 peruersitate
925 2378 156 49 naturae:

219 2416 103 50 sed
278 2416 88 50 ex
322 2416 221 50 debilitate,
499 2416 133 50 sicut
588 2416 133 50 etiam
676 2416 133 50 patet
765 2416 88 50 de
794 2416 177 50 cognitione

249 2450 106 49 Sed
310 2450 106 49 nec
370 2450 137 49 illud
461 2450 152 49 valet:
567 2450 121 49 quia
643 2450 167 49 quamuis
765 2450 137 49 ratio
856 2450 197 49 naturalis
992 2450 76 49 di-

217 2501 128 43 ctet
297 2501 128 43 Deum
376 2501 128 43 esse
456 2501 159 43 maxime
568 2501 287 43 cognoscibilem,
807 2501 112 43 vel
871 2501 159 43 saltem
966 2501 112 43 magis

207 2536 303 51 cognoscibilem,
460 2536 135 51 quam
544 2536 185 51 aliquam
679 2536 236 51 creaturam:
864 2536 152 51 tamen
948 2536 118 51 ratio

219 2571 195 56 naturalis
369 2571 105 56 non
429 2571 150 56 dictat
534 2571 120 56 Deum
609 2571 120 56 esse
683 2571 135 56 magis
773 2571 255 56 cognoscendum,
983 2571 120 56 quam

216 2615 214 50 creaturam,
384 2615 153 50 maxime
490 2615 107 50 pro
551 2615 137 50 statu
643 2615 214 50 praesentis
811 2615 153 50 vitae:
917 2615 122 50 quia
978 2615 92 50 tunc

217 2656 130 47 ratio
303 2656 187 47 naturalis
447 2656 144 47 falsum
548 2656 187 47 dictaret:
692 2656 101 47 sed
750 2656 130 47 ratio
836 2656 187 47 naturalis
966 2656 115 47 dictat

203 2693 133 44 Deum
286 2693 116 44 non
353 2693 149 44 solum
452 2693 133 44 esse
535 2693 249 44 diligibilem
734 2693 149 44 super
834 2693 149 44 omnem
917 2693 149 44 creatu-

222 2724 127 56 ram,
301 2724 142 56 verum
396 2724 142 56 etiam
491 2724 158 56 dictat
602 2724 111 56 eum
665 2724 95 56 ab
713 2724 158 56 homine
824 2724 127 56 esse
887 2724 174 56 diligendi

221 2773 135 48 super
311 2773 120 48 omne
386 2773 211 48 creaturam:
552 2773 120 48 quia
627 2773 135 48 ratio
717 2773 195 48 naturalis
868 2773 150 48 dictat
958 2773 105 48 ipsum

214 2804 132 55 Deum
297 2804 132 55 esse
380 2804 165 55 summum
495 2804 165 55 bonum,
611 2804 132 55 sine
693 2804 116 55 quo
759 2804 149 55 nihil
858 2804 165 55 potest
974 2804 132 55 esse

215 2846 223 53 diligibile,
394 2846 104 53 vel
453 2846 149 53 bonum.
558 2846 104 53 Nec
617 2846 134 53 valet
707 2846 149 53 illud,
811 2846 119 53 quod
885 2846 164 53 addunt:
990 2846 89 53 quia

207 2889 197 47 diligere
355 2889 181 47 vltimum
486 2889 148 47 finem
585 2889 115 47 non
651 2889 115 47 per
716 2889 148 47 modum
815 2889 164 47 vltimi
930 2889 148 47 finis
1012 2889 66 47 ex

221 2921 239 61 peruersitate
415 2921 164 61 videtur
534 2921 224 61 contingere:
713 2921 119 61 quia
788 2921 104 61 est
847 2921 164 61 quaedam
952 2921 119 61 deuia-

224 2961 105 53 tio
284 2961 90 53 ab
329 2961 180 53 ordinata
464 2961 210 53 dilectione
629 2961 150 53 vltimi
733 2961 135 53 finis
823 2961 105 53 Nec
883 2961 120 53 est,
943 2961 120 53 simili

222 3012 112 52 quo
286 3012 96 52 ad
334 3012 112 52 hoc
398 3012 96 52 de
446 3012 224 52 cognitione
622 3012 128 52 Dei,
701 3012 80 52 &
733 3012 224 52 dilectione
909 3012 128 52 Dei:
973 3012 96 52 quia

214 3042 146 50 actus
311 3042 243 50 cognoscendi
506 3042 130 50 Deum
587 3042 162 50 magis,
700 3042 130 50 quam
781 3042 211 50 creaturas
943 3042 113 50 non
992 3042 81 50 est

225 3081 91 58 in
270 3081 152 58 nostra
377 3081 213 58 potestate,
544 3081 107 58 sed
605 3081 137 58 actus
697 3081 198 58 diligendi
849 3081 122 58 Deum
925 3081 137 58 super
1001 3081 76 58 om-

215 3121 103 55 nes
274 3121 191 55 creaturas
421 3121 103 55 est
479 3121 88 55 in
523 3121 147 55 nostra
626 3121 205 55 potestate,
787 3121 103 55 cum
846 3121 132 55 ratio
919 3121 147 55 naturali

1121 297 210 67 videatur
1279 297 123 67 hoc
1349 297 263 67 persuadere:
1560 297 123 67 Non
1630 297 175 67 loquor
1753 297 158 67 tamen
1858 297 105 67 in
1893 297 105 67 pro-

1143 347 146 38 osito
1240 347 97 38 de
1289 347 227 38 dilectione
1467 347 227 38 meritoria,
1645 347 130 38 quam
1726 347 113 38 non
1791 347 194 38 possumus
1920 347 81 38 ha-

1126 383 120 48 bere
1201 383 120 48 sine
1275 383 149 48 gratia
1380 383 120 48 Dei,
1455 383 75 48 &
1470 383 164 48 caritate.

1163 423 103 55 Ad
1214 423 189 55 quartum
1352 423 172 55 negant
1473 423 310 55 consequentiam.
1731 423 103 55 Ad
1765 423 224 55 probationem

1130 452 156 58 dicunt,
1243 452 114 58 quod
1314 452 170 58 dilectio
1442 452 270 58 supernaturalis,
1669 452 128 58 puta,
1755 452 156 58 caritas
1868 452 99 58 pro
1911 452 85 58 tan-

1120 502 90 55 to
1165 502 165 55 dicitur
1285 502 195 55 perficere
1435 502 225 55 dilectionem
1614 502 210 55 naturalem,
1779 502 120 55 quia
1839 502 150 55 perficit

1128 538 136 59 ipsam
1219 538 182 59 naturam,
1355 538 121 59 quae
1431 538 106 59 est
1492 538 136 59 capax
1583 538 227 59 dilectionis
1765 538 212 59 gratuitae.
1916 538 76 59 Vel

1124 574 175 63 dicitur
1251 574 111 63 eam
1315 574 222 63 perficere,
1490 574 111 63 non
1553 574 127 63 quod
1633 574 175 63 vtraque
1760 574 191 63 dilectio
1887 574 111 63 simul

1119 617 147 61 maneat
1222 617 88 61 in
1266 617 205 61 voluntate,
1427 617 73 61 &
1457 617 103 61 vna
1515 617 103 61 sit
1574 617 176 61 alterius
1706 617 205 61 perfectio:
1868 617 103 61 sed
1912 617 73 61 pro

1116 657 133 58 tanto
1205 657 103 58 hoc
1264 657 177 58 dicitur:
1397 657 118 58 quia
1471 657 207 58 adueniente
1633 657 192 58 caritate,
1781 657 118 58 quae
1855 657 103 58 est
1899 657 89 58 per-

1122 694 118 44 fecta
1201 694 171 44 dilectio,
1332 694 131 44 cessat
1424 694 105 44 esse
1490 694 158 44 dilectio
1608 694 184 44 naturalis.

1159 732 104 54 Sed
1219 732 104 54 nec
1278 732 134 54 illud
1368 732 134 54 valet
1457 732 104 54 nam
1517 732 164 54 caritas
1636 732 104 54 non
1696 732 134 54 solum
1785 732 179 54 perficit
1904 732 75 54 na-

1123 780 139 50 turam
1215 780 232 50 diligentis,
1401 780 139 50 verum
1493 780 139 50 etiam
1586 780 185 50 perficit
1725 780 201 50 ordinatum
1880 780 139 50 actum

1118 813 245 45 dilectionis
1314 813 229 45 naturalis.
1494 813 147 45 Etiam
1592 813 180 45 secundo
1723 813 164 45 salsum
1821 813 164 45 assumit:

1123 856 114 49 quia
1194 856 85 49 in
1237 856 114 49 his,
1308 856 114 49 quae
1379 856 114 49 sunt
1450 856 185 49 alterius,
1593 856 71 49 &
1621 856 171 49 alterius
1749 856 171 49 rationis
1877 856 100 49 non
1920 856 57 49 es

1128 897 176 53 necesse,
1260 897 205 53 adueniente
1421 897 190 53 perfecto,
1568 897 161 53 cessare
1685 897 234 53 imperfectum,
1875 897 117 53 nisi
1933 897 59 53 hu

1113 925 168 64 iusmodi
1235 925 198 64 perfectum
1388 925 107 64 sit
1449 925 198 64 oppositum
1601 925 122 64 ipsi
1678 925 229 64 imperfecto:
1861 925 122 64 quia
1922 925 61 64 in

1118 978 177 50 quantum
1247 978 145 50 talia
1344 978 113 50 non
1408 978 129 50 sunt
1489 978 177 50 eiusdem
1618 978 210 50 rationis,
1779 978 129 50 tunc
1860 978 113 50 non
1908 978 81 50 ha-

1124 1018 131 49 pent
1206 1018 213 49 naturalem
1369 1018 262 49 repugnantiam
1582 1018 98 49 ad
1632 1018 147 49 simul
1730 1018 197 49 essendum
1877 1018 98 49 in
1910 1018 82 49 eo-

1124 1046 129 63 dem,
1204 1046 161 63 qualem
1317 1046 161 63 habent
1430 1046 113 63 duo
1494 1046 225 63 accidentia
1671 1046 193 63 absoluta
1816 1046 129 63 solo
1880 1046 97 63 numo

1125 1093 91 52 ro
1170 1093 242 52 differentia,
1367 1093 76 52 &
1397 1093 91 52 in
1442 1093 166 52 quantum
1563 1093 106 52 non
1623 1093 121 52 sunt
1699 1093 196 52 opposita,
1850 1093 121 52 tunc
1910 1093 76 52 non

1112 1123 159 57 habent
1224 1123 191 57 formalem
1367 1123 271 57 repugnantiam:
1590 1123 111 57 sed
1654 1123 191 57 dilectio
1797 1123 223 57 naturalis,

1113 1162 171 56 sequens
1238 1162 155 56 rectum
1347 1162 187 56 iudicium
1487 1162 202 56 rationis,
1642 1162 109 56 nec
1704 1162 109 56 est
1766 1162 171 56 eiusdem
1875 1162 109 56 ratio

1122 1207 107 40 nis
1183 1207 107 40 cum
1244 1207 198 40 caritate,
1396 1207 107 40 nec
1457 1207 198 40 opponitur
1610 1207 107 40 ei:
1671 1207 122 40 ergo
1732 1207 61 40 &c

1162 1243 84 49 Ad
1204 1243 154 49 quintum
1316 1243 154 49 dicunt,
1428 1243 112 49 quod
1498 1243 126 49 pars,
1582 1243 84 49 vt
1623 1243 98 49 est
1679 1243 112 49 idem
1749 1243 126 49 toti,
1833 1243 98 49 sic
1875 1243 112 49 aequa-

1117 1280 131 53 liter
1205 1280 160 53 diligit
1321 1280 102 53 se,
1380 1280 73 53 &
1409 1280 146 53 totum:
1511 1280 102 53 sed
1569 1280 87 53 vt
1612 1280 189 53 aliqualem
1758 1280 131 53 habet
1831 1280 160 53 diuersita

1113 1327 107 52 tem
1174 1327 77 52 a
1205 1327 138 52 toto,
1297 1327 107 52 sic
1358 1327 138 52 magis
1450 1327 169 52 diligit
1572 1327 107 52 se,
1634 1327 123 52 quam
1710 1327 153 52 totum.
1817 1327 92 52 Et
1863 1327 107 52 cum
1909 1327 77 52 di-

1110 1363 148 49 citur,
1214 1363 119 49 quod
1288 1363 119 49 pars
1362 1363 163 49 exponit
1481 1363 89 49 se
1525 1363 104 49 pro
1585 1363 133 49 toto:
1674 1363 163 49 dicunt,
1792 1363 119 49 quod
1866 1363 104 49 hoc
1911 1363 74 49 non

1113 1405 113 42 est
1177 1405 161 42 verum:
1290 1405 129 42 quia
1370 1405 145 42 ipsum
1467 1405 145 42 totum
1564 1405 177 42 exponit
1692 1405 161 42 partem
1805 1405 113 42 pro
1853 1405 129 42 salute

1114 1437 123 50 sui,
1191 1437 139 50 sicut
1283 1437 139 50 etiam
1376 1437 139 50 totum
1468 1437 170 50 exponit
1592 1437 154 50 partem
1699 1437 185 50 viliorem
1838 1437 108 50 pro
1884 1437 93 50 par-

1117 1480 94 51 te
1164 1480 220 51 nobiliori,
1337 1480 142 51 puta,
1432 1480 142 51 manum
1526 1480 110 51 pro
1589 1480 173 51 capite.
1715 1480 94 51 De
1762 1480 126 51 cine
1841 1480 142 51 etiam
1919 1480 63 51 di

1123 1519 134 51 cunt,
1212 1519 119 51 quod
1287 1519 89 51 in
1331 1519 193 51 huiusmodi
1480 1519 223 51 expositione
1659 1519 134 51 magis
1748 1519 164 51 diligit
1867 1519 104 51 se,
1912 1519 60 51 qu

1111 1559 143 52 totam
1206 1559 270 52 communitatem,
1429 1559 127 52 plus
1508 1559 143 52 enim,
1604 1559 95 52 vt
1651 1559 175 52 dicunt,
1778 1559 175 52 diligit
1890 1559 95 52 sibi

1108 1595 151 60 bonum
1209 1595 218 60 virtutis,
1376 1595 134 60 quam
1460 1595 184 60 salutem
1594 1595 285 60 communitatis.
1829 1595 101 60 Et
1863 1595 117 60 datos

1109 1637 130 45 quod
1190 1637 98 45 in
1239 1637 130 45 tali
1321 1637 228 45 expositone
1500 1637 130 45 plus
1582 1637 179 45 diligat
1712 1637 245 45 communitate
1891 1637 82 45 quo

1106 1679 92 54 ad
1152 1679 137 54 bonum
1243 1679 183 54 secundum
1381 1679 137 54 quid,
1472 1679 183 54 scilicet
1610 1679 168 54 quantum
1732 1679 92 54 ad
1778 1679 168 54 salutem
1884 1679 92 54 cor-

1120 1718 177 50 poralem:
1253 1718 133 50 tamen
1342 1718 118 50 plus
1415 1718 162 50 diligit
1533 1718 89 50 se
1578 1718 103 50 quo
1637 1718 89 50 ad
1681 1718 133 50 bonum
1769 1718 236 50 simpliciter,

1109 1757 193 47 scilicet
1254 1757 177 47 quantum
1383 1757 97 47 ad
1431 1757 145 47 bonum
1527 1757 209 47 virtutis.
1688 1757 177 47 Propter
1817 1757 129 47 quod
1881 1757 97 47 phi-

1114 1789 179 58 losophus
1248 1789 89 58 2:
1293 1789 179 58 magnorum
1427 1789 194 58 moralium,
1576 1789 75 58 &
1606 1789 89 58 9.
1651 1789 209 58 ethicorum,
1815 1789 134 58 vult,
1889 1789 75 58 qui

1112 1830 196 51 quilibet
1259 1830 98 51 se
1308 1830 147 51 ipsum
1406 1830 164 51 maxime
1520 1830 147 51 debet
1619 1830 147 51 amare
1717 1830 180 51 quantum
1848 1830 98 51 ad
1880 1830 82 51 opt

1113 1876 100 52 ma
1163 1876 149 52 bona,
1263 1876 133 52 quae
1346 1876 133 52 sunt
1429 1876 149 52 opera
1529 1876 216 52 virtutum:
1695 1876 116 52 non
1761 1876 149 52 autem
1861 1876 116 52 quo
1911 1876 66 52 ad

1110 1913 122 54 alia
1186 1913 137 54 bona:
1278 1913 122 54 quia
1354 1913 153 54 maxime
1461 1913 92 54 se
1506 1913 153 54 amando
1613 1913 107 54 quo
1674 1913 92 54 ad
1720 1913 122 54 alia
1796 1913 137 54 bona,
1872 1913 92 54 tun-

1115 1944 173 51 deficit
1241 1944 79 51 a
1273 1944 126 51 bono
1352 1944 205 51 virtutis,
1509 1944 126 51 quod
1588 1944 158 51 maxime
1698 1944 173 51 amandum
1808 1944 79 51 est

1154 1986 101 49 Sed
1211 1986 101 49 nec
1269 1986 130 49 illud
1356 1986 145 49 valet,
1457 1986 87 49 vt
1501 1986 159 49 apparet
1617 1986 87 49 ex
1660 1986 116 49 his,
1732 1986 116 49 quae
1805 1986 130 49 dicta
1877 1986 87 49 suni

1109 2029 168 46 contra
1227 2029 201 46 secundam
1377 2029 285 46 responsionem.
1612 2029 151 46 Etiam
1713 2029 134 46 ista
1780 2029 184 46 responsio

1119 2072 187 48 concedit
1260 2072 140 48 nobis
1353 2072 234 48 propositum:
1541 2072 125 48 quia
1619 2072 125 48 tunc
1697 2072 203 48 diligimus
1853 2072 109 48 nos
1900 2072 62 48 ac

1103 2110 160 42 maxima
1215 2110 144 42 bona,
1311 2110 112 42 cum
1375 2110 208 42 diligimus
1535 2110 112 42 nos
1600 2110 144 42 ipsos
1696 2110 176 42 propter
1824 2110 144 42 Deum,
1920 2110 80 42 &

1107 2140 137 51 Deum
1192 2140 188 51 propter
1329 2140 103 51 se
1381 2140 171 51 ipsum.
1500 2140 154 51 Etiam
1603 2140 103 51 ad
1654 2140 171 51 illud,
1774 2140 137 51 quod
1842 2140 137 51 addunt

1116 2179 87 67 de
1160 2179 145 67 parte,
1262 2179 131 67 dico,
1349 2179 116 67 quod
1422 2179 87 67 si
1465 2179 131 67 totum
1552 2179 160 67 exponit
1669 2179 160 67 partem,
1785 2179 102 67 hoc
1843 2179 116 67 est.
1901 2179 73 67 pro

1106 2229 148 44 tanto:
1210 2229 118 44 quia
1283 2229 133 44 parti
1372 2229 103 44 non
1431 2229 177 44 conuenit
1564 2229 103 44 per
1623 2229 103 44 se,
1682 2229 74 44 &
1712 2229 148 44 libere
1815 2229 133 44 agere
1889 2229 74 44 se-

1114 2262 147 58 cundum
1217 2262 118 58 quod
1291 2262 118 58 pars
1365 2262 118 58 est:
1438 2262 88 58 si
1482 2262 132 58 tamen
1571 2262 118 58 sibi
1644 2262 206 58 competeret
1806 2262 103 58 per
1865 2262 103 58 se,
1924 2262 74 58 &

1108 2299 141 50 libere
1207 2299 141 50 agere,
1305 2299 113 50 tunc
1376 2299 113 50 ipsa
1446 2299 113 50 pars
1516 2299 85 50 ex
1559 2299 99 50 sua
1615 2299 155 50 propria
1728 2299 183 50 libertate
1868 2299 85 50 se
1897 2299 70 50 ip-

1104 2338 113 61 sam
1168 2338 209 61 exponeret
1329 2338 193 61 periculo
1474 2338 113 61 pro
1539 2338 161 61 totius
1652 2338 177 61 salute.
1781 2338 97 61 Et
1829 2338 129 61 quod
1893 2338 81 61 di-

1115 2382 119 51 cunt
1189 2382 89 51 de
1234 2382 134 51 ciue,
1323 2382 104 51 non
1382 2382 163 51 videtur
1501 2382 119 51 esse
1575 2382 148 51 verum:
1679 2382 119 51 quia
1753 2382 134 51 multi
1842 2382 89 51 se
1872 2382 89 51 mor-

1101 2424 94 49 ti
1148 2424 234 49 exposuerunt
1335 2424 109 49 pro
1398 2424 109 49 sua
1460 2424 234 49 communitate
1647 2424 203 49 saluanda,
1803 2424 109 49 qui
1850 2424 109 49 nulla

1115 2463 124 51 vitam
1198 2463 206 51 crediderunt
1363 2463 110 51 post
1432 2463 110 51 hanc
1500 2463 138 51 vitam,
1597 2463 83 51 vt
1638 2463 124 51 patet
1720 2463 83 51 de
1762 2463 138 51 multis
1844 2463 124 51 ciuibus

1105 2496 212 57 Romanis,
1264 2496 212 57 antequam
1423 2496 177 57 essent
1547 2496 265 57 Christiani.
1759 2496 159 57 Etiam
1847 2496 124 57 multi

1100 2539 82 47 &
1132 2539 99 47 si
1182 2539 246 47 crediderunt
1379 2539 148 47 aliam
1477 2539 164 47 vitam:
1592 2539 148 47 tamen
1691 2539 115 47 non
1740 2539 230 47 reputauerunt

1112 2572 96 51 ibi
1167 2572 109 51 opus
1235 2572 109 51 esse
1304 2572 164 51 politica
1413 2572 137 51 virtute.

1137 2619 89 50 Ad
1182 2619 148 50 sextum
1286 2619 119 50 ipsi
1360 2619 163 50 dicunt,
1478 2619 119 50 quod
1553 2619 134 50 finis
1642 2619 193 50 diligitur
1775 2619 193 50 dilectione,

1104 2652 107 50 seu
1165 2652 138 50 amore
1257 2652 306 50 concupiscentiae:
1517 2652 76 50 &
1547 2652 122 50 ideo
1624 2652 107 50 non
1685 2652 107 50 est
1746 2652 92 50 ad
1777 2652 183 50 propositum

1108 2695 120 44 quia
1183 2695 105 44 nos
1243 2695 196 44 quaerimus
1394 2695 90 44 de
1439 2695 135 44 amore
1514 2695 181 44 amicitiae.

1143 2732 106 51 Sed
1203 2732 106 51 nec
1264 2732 136 51 illud
1355 2732 151 51 valet:
1461 2732 121 51 quia
1536 2732 136 51 omne,
1627 2732 121 51 quod
1703 2732 151 51 amatur
1809 2732 136 51 amore
1884 2732 76 51 con

1104 2772 257 55 cupiscentiae,
1315 2772 106 55 hoc
1376 2772 151 55 amatur
1481 2772 166 55 propter
1602 2772 181 55 alterum:
1738 2772 121 55 quia
1813 2772 121 55 tale
1873 2772 91 55 quid

1107 2814 161 55 amamus
1220 2814 161 55 nobis,
1333 2814 113 55 vel
1397 2814 177 55 amicis,
1526 2814 81 55 &
1559 2814 113 55 per
1623 2814 226 55 consequens
1801 2814 145 55 ipsum
1881 2814 81 55 ama

1111 2849 104 55 mus
1170 2849 163 55 propter
1289 2849 119 55 nos,
1363 2849 104 55 vel
1422 2849 163 55 propter
1541 2849 163 55 amicos,
1660 2849 104 55 sed
1719 2849 89 55 de
1763 2849 163 55 ratione
1867 2849 104 55 finis

1100 2894 123 47 est,
1177 2894 123 47 quod
1254 2894 123 47 ipse
1331 2894 108 47 non
1393 2894 154 47 ametur
1501 2894 170 47 propter
1624 2894 185 47 alterum:
1763 2894 108 47 sed
1825 2894 139 47 omnia
1902 2894 62 47 a-

1106 2927 98 57 lia
1162 2927 154 57 propter
1274 2927 126 57 ipsum
1359 2927 70 57 :
1387 2927 112 57 ergo
1457 2927 112 57 amor
1527 2927 140 57 finis,
1625 2927 84 57 vt
1667 2927 126 57 finis
1752 2927 112 57 est,
1822 2927 98 57 non
1864 2927 98 57 vide-

1106 2972 125 42 tur,
1185 2972 172 42 quodsit
1310 2972 125 42 amor
1388 2972 313 42 concupiscentiae.
1653 2972 141 42 Finis
1747 2972 125 42 enim
1810 2972 156 42 amabilis

1107 3012 108 54 est
1168 3012 170 54 propter
1292 3012 93 54 se
1338 3012 154 54 ipsum,
1446 3012 77 54 &
1477 3012 108 54 ea,
1539 3012 123 54 quae
1616 3012 123 54 sunt
1693 3012 93 54 ad
1739 3012 154 54 finem,
1832 3012 139 54 amantur

1107 3046 178 49 propter
1220 3046 129 49 finem.

1142 3085 101 55 Ad
1193 3085 169 55 primum
1311 3085 185 55 motiuum
1446 3085 185 55 istorum
1580 3085 219 55 dicendum,
1749 3085 135 55 quod
1816 3085 152 55 quamuis

1100 3132 107 59 res
1161 3132 107 59 sit
1222 3132 153 59 maxime
1329 3132 122 59 idem
1405 3132 122 59 sibi
1481 3132 122 59 ipsi
1558 3132 214 59 identitate
1726 3132 198 59 naturali,
1863 3132 107 59 tamen
