2410 3554
233 295 99 58 ad
282 295 165 58 primam
397 295 115 58 sui
463 295 165 58 partem
579 295 148 58 patet
678 295 99 58 de
727 295 115 58 se.
793 295 231 58 Enumeratis
974 295 132 58 enim
1040 295 66 58 om

242 350 144 46 nibus
338 350 208 46 habitibus
498 350 224 46 cognitiuis
674 350 192 46 positis,
819 350 112 46 tam
883 350 80 46 a
899 350 208 46 philosophis

252 394 127 49 quam
332 394 80 49 a
364 394 223 49 theologis,
539 394 127 49 tunc
618 394 143 49 patet
714 394 223 49 inductiue,
889 394 127 49 quod
969 394 127 49 spes
1032 394 80 49 non

249 431 107 49 est
310 431 168 49 aliquis
432 431 184 49 istorum.
570 431 138 49 Patet
662 431 138 49 etiam
754 431 168 49 quantum
876 431 92 49 ad
922 431 184 49 secundam
1044 431 77 49 par

252 476 125 39 tem:
331 476 125 39 quia
409 476 94 39 ad
456 476 109 39 hoc
518 476 141 39 nobis
612 476 219 39 infunditur
784 476 141 39 spes,
878 476 94 39 vt
924 476 125 39 mens
987 476 125 39 timore

246 507 172 45 reiecto
371 507 94 45 se
418 507 172 45 erigat,
543 507 78 45 &
575 507 188 45 extendat
715 507 94 45 ad
762 507 250 45 beatitudinem
950 507 172 45 consequen

251 549 127 41 dam:
331 549 127 41 ergo
410 549 111 41 &c.
474 549 143 41 Forte
569 549 191 41 dicetur,
712 549 127 41 quod
791 549 191 41 superius
934 549 159 41 dictum
1030 549 79 41 est

241 585 120 45 Deum
316 585 120 45 esse
391 585 180 45 obiectum
526 585 180 45 virtutis
661 585 225 45 theologicae
840 585 75 45 :
870 585 105 45 cum
930 585 150 45 igitur
1020 585 90 45 sper

252 625 98 41 sit
308 625 140 41 virtus
406 625 140 41 theolo
505 625 126 41 gica,
589 625 168 41 videtur,
715 625 112 41 quod
785 625 112 41 Deus
855 625 98 41 sic
912 625 112 41 eius
968 625 140 41 obiectum

244 667 83 42 &
278 667 117 42 non
344 667 234 42 beatitudo.
528 667 234 42 Respondeo,
712 667 133 42 quod
795 667 150 42 licet
895 667 133 42 Deus
979 667 117 42 non
1029 667 83 42 sit

245 704 196 41 beatitudo
396 704 227 41 formaliter,
577 704 136 41 tamen
668 704 121 41 ipse
743 704 106 41 est
804 704 196 41 beatitudo
940 704 166 41 obiectiue

250 742 111 49 Non
313 742 111 49 est
377 742 126 49 ergo
456 742 126 49 bona
535 742 269 49 consequentia,
756 742 126 49 Deus
835 742 111 49 est
898 742 205 49 obiectum:
1040 742 79 49 er-

251 784 95 53 go
299 784 110 53 non
362 784 221 53 beatitudo.
535 784 142 53 Verum
630 784 110 53 est
693 784 158 53 tamen,
803 784 126 53 quod
882 784 174 53 sperans
993 784 126 53 tendit

243 821 92 44 in
289 821 200 44 vtrumque,
442 821 184 44 scilicet
581 821 92 44 in
627 821 246 44 beatitudinem
826 821 215 44 formaliter
980 821 123 44 dictam

251 863 115 52 quae
322 863 100 52 est
380 863 100 52 Dei
437 863 129 52 clara
523 863 143 52 visio,
623 863 72 52 &
652 863 172 52 perfecta
781 863 172 52 fruitio,
909 863 72 52 &
924 863 186 52 beatitudint

242 899 182 44 obiectiue
382 899 154 44 dictam,
495 899 112 44 quae
565 899 98 44 est
621 899 112 44 Deus
691 899 126 44 ipse,
775 899 140 44 aliter
873 899 140 44 tamen,
972 899 70 44 &
986 899 126 44 aliter.

244 943 122 44 nam
313 943 105 44 in
366 943 175 44 primum
488 943 175 44 tendit
611 943 192 44 tamquam
751 943 105 44 in
803 943 175 44 illud,
926 943 122 44 quo
978 943 140 44 forma-

246 979 148 44 liter
344 979 262 44 perficietur:
557 979 98 44 in
606 979 197 44 secundum
754 979 180 44 tamquam
885 979 98 44 in
935 979 164 44 illud,
1033 979 82 44 cui

253 1018 213 47 finaliter,
420 1018 76 47 &
450 1018 197 47 beatifice
602 1018 243 47 coniungetur.
799 1018 106 47 Sed
860 1018 152 47 contra
966 1018 137 47 istam
1042 1018 61 47 se

228 1056 167 48 cundam
345 1056 268 48 conclusionem
563 1056 100 48 in
613 1056 100 48 se
663 1056 201 48 videntur
814 1056 134 48 esse
898 1056 134 48 duae
964 1056 151 48 opinio-

230 1097 130 54 nes.
311 1097 114 54 Vna
376 1097 162 54 contra
489 1097 162 54 primam
603 1097 162 54 partem
717 1097 276 54 conclusionis.
944 1097 130 54 Alia
1009 1097 97 54 con-

228 1132 127 53 tra
282 1132 200 53 secundam.

294 1175 135 41 Ponit
384 1175 120 41 enim
459 1175 135 41 prima
549 1175 150 41 opinio
654 1175 120 41 spem
728 1175 150 41 etiam,
833 1175 90 41 vt
878 1175 105 41 est
938 1175 150 41 virtus
1028 1175 90 41 esse

244 1213 87 41 in
287 1213 130 41 parte
374 1213 203 41 sensitiua:
533 1213 116 41 quia
605 1213 217 41 irascibilis
779 1213 101 41 est
837 1213 87 41 in
880 1213 130 41 parte
953 1213 159 41 sensitiua

251 1251 105 54 sed
311 1251 180 54 proprium
446 1251 195 54 subiectum
595 1251 135 54 huius
685 1251 195 54 virtutis,
835 1251 120 54 quae
909 1251 105 54 est
969 1251 135 54 spes,
1044 1251 75 54 est

254 1289 108 54 ipsa
322 1289 230 54 irascibilitas
512 1289 68 54 :
539 1289 108 54 ergo
593 1289 54 54 &c

294 1330 124 45 Alia
371 1330 170 45 opinio,
494 1330 93 45 vt
541 1330 154 45 euadat
649 1330 124 45 hanc
726 1330 201 45 rationem,
880 1330 139 45 ponit
973 1330 93 45 in
1004 1330 108 45 parte

254 1367 195 47 superiori
404 1367 150 47 ipsius
510 1367 150 47 animae
615 1367 195 47 potentiam
765 1367 226 47 irascibilem
931 1367 180 47 distinctam

252 1411 95 50 ab
300 1411 237 50 intellectu,
489 1411 79 50 &
521 1411 221 50 voluntate:
695 1411 127 50 quam
774 1411 158 50 ponunt
885 1411 127 50 esse
948 1411 174 50 subiectum

243 1450 128 48 spei,
328 1450 128 48 prout
414 1450 114 48 spes
485 1450 100 48 est
542 1450 142 48 virtus
627 1450 185 48 theologica.

287 1482 153 48 Prima
389 1482 187 48 istarum
524 1482 220 48 opinionum
694 1482 204 48 deficit.
847 1482 136 48 Quia
931 1482 170 48 primum
1033 1482 85 48 est

244 1528 219 44 cuiuslibet
416 1528 172 44 habitus
542 1528 219 44 habilitare
714 1528 219 44 subiectum,
886 1528 94 44 ad
917 1528 188 44 eliciendun

257 1568 141 46 ictum
352 1568 141 46 circa
446 1568 188 46 obiectum
587 1568 141 46 talis
681 1568 188 46 habitus:
823 1568 110 46 sed
885 1568 141 46 nulla
964 1568 157 46 potentia

246 1607 185 48 sensitiua
388 1607 100 48 est
445 1607 243 48 habilitabilis
645 1607 86 48 ad
688 1607 114 48 hoc,
759 1607 114 48 quod
831 1607 157 48 eliciat
945 1607 128 48 actum
1016 1607 100 48 circa

243 1647 181 46 aeternam
379 1647 256 46 bcatitudinem,
590 1647 121 46 quae
665 1647 106 46 est
726 1647 181 46 obiectum
862 1647 151 46 ipsius
967 1647 136 46 spei:
1043 1647 75 46 er-

248 1692 89 44 go
293 1692 104 44 &c.
352 1692 104 44 Nec
411 1692 133 44 valet
500 1692 163 44 secunda
619 1692 163 44 opinio.
737 1692 119 44 Quia
812 1692 133 44 sicut
900 1692 89 44 in
945 1692 163 44 viribus
1049 1692 59 44 co

257 1720 175 44 onitiuis
389 1720 102 44 non
447 1720 102 44 est
505 1720 131 44 tanta
593 1720 204 44 diuersitas
753 1720 87 44 in
797 1720 131 44 parte
884 1720 146 44 animae
972 1720 131 44 intelle

244 1768 171 47 ctiuae,
369 1768 140 47 sicut
462 1768 93 47 in
508 1768 217 47 sensitiua:
679 1768 124 47 tota
756 1768 124 47 enim
834 1768 202 47 multitudo
973 1768 140 47 sensuum

242 1800 271 54 particularium
465 1800 239 54 exteriorum;
656 1800 96 54 ac
704 1800 175 54 sensuum
831 1800 223 54 interiorum
991 1800 127 54 subie-

243 1852 137 37 ctiue
334 1852 91 37 in
380 1852 167 37 cerebro
501 1852 228 37 existentium
684 1852 243 37 sufficienter
881 1852 213 37 adaequatur
1033 1852 76 37 per

252 1885 149 41 vnicam
357 1885 179 41 virtutem
491 1885 149 41 partis
595 1885 269 41 intellectiuae:
819 1885 119 41 quae
894 1885 164 41 dicitur
999 1885 119 41 intel-

247 1915 143 51 lectus
347 1915 214 51 possibilis,
518 1915 100 51 sic
575 1915 100 51 nec
632 1915 86 51 in
675 1915 157 51 viribus
789 1915 228 51 appetitiuis:
974 1915 100 51 nam
1017 1915 100 51 volun

246 1944 104 63 tas
306 1944 179 63 indiuisa
440 1944 209 63 consistens
604 1944 224 63 aequipollet
783 1944 164 63 omnibus
902 1944 164 63 viribus
1007 1944 104 63 appe-

254 1997 174 42 titiuis,
384 1997 218 42 sensitiuis:
558 1997 131 42 sicut
645 1997 218 42 intellectus
819 1997 218 42 aequipollet
979 1997 131 42 omnibus

246 2047 164 37 viribus
366 2047 209 37 cognitiuis
530 2047 239 37 existentibus
724 2047 90 37 in
769 2047 135 37 parte
859 2047 194 37 sensitiua
1008 2047 75 37 :
1023 2047 90 37 Pro-

263 2085 109 38 ter
326 2085 125 38 quod
404 2085 109 38 non
466 2085 172 38 oportet
591 2085 156 38 ponere
700 2085 94 38 in
747 2085 140 38 parte
841 2085 250 38 intellectiua
1028 2085 78 38 vin

246 2126 136 41 tutem
336 2126 241 41 irascibilem,
533 2126 121 41 quae
608 2126 106 41 sit
668 2126 196 41 subiectum
819 2126 136 41 spei:
910 2126 121 41 quia
985 2126 106 41 hoc
1031 2126 75 41 po-

247 2159 133 40 terit
336 2159 118 40 esse
410 2159 192 40 voluntas,
558 2159 133 40 prout
646 2159 236 40 virtualiter,
838 2159 103 40 vel
883 2159 236 40 aequipollenter

250 2198 176 46 continet
383 2198 147 46 gradum
486 2198 221 46 trascibilis
662 2198 206 46 existentis
824 2198 88 46 in
868 2198 132 46 parte
942 2198 176 46 sensitiua:

247 2232 173 46 Indiuisa
377 2232 116 46 enim
449 2232 173 46 existens
579 2232 173 46 voluntas
709 2232 87 46 in
752 2232 130 46 parte
839 2232 245 46 intellectiua,
1026 2232 87 46 com-

258 2275 199 53 prehendit
411 2275 138 53 totam
503 2275 184 53 virtutem
641 2275 246 53 irascibilis,
841 2275 77 53 &
856 2275 261 53 concupiscibilis

255 2309 225 49 existentium
435 2309 90 49 in
480 2309 135 49 parte
555 2309 180 49 sensitiua.

348 2392 597 103 ARTICVLV
746 2392 249 103 II.

394 2516 157 70 Vtrum
498 2516 139 70 spes
585 2516 174 70 maneat
707 2516 104 70 in
759 2516 157 70 anima
846 2516 122 70 posti

540 2567 137 71 tinem
631 2567 152 71 istius
722 2567 122 71 vitae.

320 2631 187 67 VANTVM
451 2631 112 67 ad
507 2631 206 67 tertium
657 2631 243 67 articulum
843 2631 131 67 est
899 2631 206 67 aduerten-

358 2695 137 45 dum,
444 2695 137 45 quod
529 2695 172 45 status
650 2695 189 45 hominum
787 2695 137 45 post
873 2695 137 45 hanc
941 2695 172 45 mortalem

244 2732 131 43 vitam
332 2732 160 43 videtur
448 2732 116 43 esse
521 2732 175 43 triplex,
652 2732 189 43 scilicet,
797 2732 218 43 saluatorum,
957 2732 146 43 saluando

241 2775 127 48 rum,
320 2775 79 48 &
352 2775 237 48 damnatorum.
542 2775 142 48 Primi
637 2775 127 48 sunt
716 2775 95 48 in
763 2775 158 48 coelo.
874 2775 127 48 Alij
953 2775 95 48 in
984 2775 127 48 purga-

252 2809 158 47 torio:
363 2809 158 47 Tertij
473 2809 126 47 vero
552 2809 284 47 subdiuiduntur.
788 2809 126 47 Quia
867 2809 110 47 vel
930 2809 126 47 sunt
993 2809 110 47 damna

255 2852 98 49 ti
304 2852 147 49 poena
402 2852 180 49 sensus,
533 2852 82 49 &
565 2852 163 49 damni,
680 2852 82 49 &
712 2852 114 49 sic
778 2852 131 49 sunt
859 2852 98 49 in
909 2852 196 49 inferno.
1039 2852 82 49 Vel

266 2886 133 56 oena
350 2886 150 56 damni
450 2886 183 56 tantum:
583 2886 100 56 Et
633 2886 133 56 tunc
717 2886 133 56 sunt
800 2886 100 56 in
850 2886 200 56 puerorum
984 2886 133 56 limbo-

245 2927 95 45 Et
293 2927 111 45 sic
356 2927 95 45 in
404 2927 207 45 proposito
563 2927 191 45 poterunt
706 2927 127 45 poni
786 2927 191 45 quattuor
913 2927 207 45 conclusio-

250 2970 116 52 nes
299 2970 132 52 breues

250 2994 145 61 Prima
347 2994 129 61 est,
427 2994 129 61 quod
508 2994 193 61 loquendo
653 2994 97 61 de
701 2994 129 61 spe,
782 2994 129 61 quae
862 2994 113 61 est
927 2994 161 61 virtus
1023 2994 97 61 theo

255 3046 159 45 logica,
370 3046 116 45 spes
443 3046 101 45 non
501 3046 101 45 est
559 3046 87 45 in
602 3046 188 45 damnatis,
747 3046 101 45 qui
805 3046 116 45 sunt
878 3046 87 45 in
921 3046 174 45 inferno.
1037 3046 87 45 Quia

254 3087 218 46 quicumque
422 3087 117 46 est
489 3087 168 46 certus
606 3087 101 46 de
656 3087 184 46 aeterna
791 3087 117 46 sua
858 3087 251 46 damnatione,
1042 3087 67 46 hi

259 3129 105 50 non
319 3129 150 50 potest
424 3129 150 50 habere
529 3129 120 50 spem
604 3129 90 50 de
649 3129 165 50 aeterna
770 3129 165 50 salute,
890 3129 105 50 nec
950 3129 105 50 per
995 3129 120 50 conse

1152 291 141 70 quens
1246 291 141 70 habet
1340 291 141 70 spem,
1434 291 125 70 quae
1513 291 110 70 est
1575 291 157 70 virtus
1685 291 235 70 theologica:
1873 291 125 70 quia
1936 291 94 70 illa

1153 353 207 44 extendit
1308 353 173 44 mentem
1429 353 190 44 humanam
1568 353 104 44 ad
1619 353 207 44 aeternam
1758 353 259 44 beatitudinem;

1142 393 108 48 Sed
1203 393 186 48 quilibet
1343 393 186 48 damnatus
1482 393 186 48 existens
1622 393 93 48 in
1668 393 170 48 inferno
1792 393 108 48 est
1854 393 155 48 certus
1947 393 62 48 di

1150 431 168 45 aeterna
1272 431 107 45 sua
1333 431 229 45 damnatione:
1517 431 122 45 quia
1593 431 138 45 sicut
1685 431 92 45 ad
1731 431 199 45 perfectam
1868 431 153 45 beatitu-

1157 468 140 52 dinem
1251 468 234 52 requiritur:
1438 468 125 52 quod
1516 468 156 52 beatus
1625 468 109 52 sit
1688 468 94 52 de
1734 468 125 52 suae
1797 468 218 52 beatitudinis

1153 514 250 46 perpetuitate
1357 514 250 46 assccuratus,
1560 514 109 46 sic
1622 514 94 46 ad
1669 514 203 46 persectam
1810 514 203 46 damnationem

1150 552 231 42 requiritur,
1334 552 123 42 quod
1411 552 185 42 damnatus
1550 552 108 42 sit
1612 552 92 42 de
1658 552 123 42 suae
1735 552 231 42 damnationis
1904 552 108 42 perpe

1150 593 157 52 tuitate
1264 593 243 52 certificatus:
1464 593 100 52 sed
1521 593 200 52 existentes
1678 593 86 52 in
1721 593 157 52 inferno
1836 593 114 52 sunt
1893 593 114 52 perse-

1151 627 112 44 cte
1215 627 191 44 damnati:
1358 627 128 44 ergo
1422 627 80 44 &c.

1180 665 173 46 Secunda
1306 665 205 46 conclusio
1464 665 126 46 est,
1543 665 126 46 quod
1621 665 126 46 spes
1700 665 110 46 non
1763 665 110 46 est
1826 665 95 46 in
1858 665 158 46 damnatis

1144 702 102 56 in
1195 702 153 56 limbo
1297 702 204 56 puerorum
1450 702 289 56 existentibus.
1689 702 136 56 Quia
1757 702 255 56 praesupposito

1146 745 135 48 recto
1236 745 180 48 rationis
1371 745 180 48 iudicio,
1506 745 150 48 nullus
1610 745 135 48 habet
1700 745 120 48 spem
1775 745 225 48 adipiscendi
1940 745 75 48 il-

1154 780 127 57 lud,
1234 780 95 57 ad
1281 780 127 57 quod
1361 780 159 57 nullam
1472 780 143 57 habet
1567 780 254 57 aptitudinem:
1774 780 111 57 sed
1837 780 143 57 tales
1917 780 95 57 dam-

1141 824 139 44 nati,
1233 824 139 44 puta,
1326 824 185 44 paruuli,
1465 824 108 44 qui
1526 824 232 44 decesserunt
1712 824 108 44 non
1773 824 216 44 baptixati,
1928 824 77 44 ha-

1152 862 127 46 bent
1231 862 158 46 rectum
1342 862 190 46 rationis
1485 862 206 46 iudicium,
1643 862 142 46 sicut
1738 862 142 46 omnes
1817 862 190 46 concedunti

1148 902 79 45 &
1180 902 158 45 sciunt
1291 902 95 45 se
1338 902 111 45 non
1402 902 158 45 habere
1512 902 174 45 aliquam
1639 902 238 45 aptitudinem
1813 902 206 45 adipiscendi

1151 944 187 48 aeternam
1292 944 265 48 beatitudinem:
1510 944 125 48 quia
1589 944 141 48 talis
1682 944 187 48 aptitudo
1823 944 187 48 prouenit
1948 944 62 48 ex

1154 983 172 44 gratia,
1280 983 78 44 &
1311 983 203 44 caritate,
1467 983 156 44 quibus
1577 983 125 44 ipsi
1655 983 156 44 carent
1765 983 78 44 :
1796 983 125 44 ergo
1874 983 110 44 non
1921 983 94 44 ha-

1149 1018 141 50 bent
1237 1018 158 50 spem,
1343 1018 141 50 quae
1430 1018 176 50 mentem
1553 1018 176 50 erigit
1676 1018 211 50 respectu
1817 1018 193 50 huiusmodi

1136 1053 215 52 beatitudinis

1197 1075 146 68 Tertia
1300 1075 190 68 conclusio
1446 1075 117 68 est,
1519 1075 117 68 quod
1592 1075 117 68 spes
1665 1075 102 68 est
1723 1075 88 68 in
1767 1075 204 68 saluandis,
1913 1075 102 68 puta,

1149 1130 95 63 in
1197 1130 222 63 purgatorio
1371 1130 270 63 existentibus.
1593 1130 175 63 Suppono
1720 1130 127 63 enim
1800 1130 175 63 semper,
1911 1130 95 63 quod

1156 1169 129 57 spes,
1242 1169 86 57 de
1285 1169 100 57 qua
1342 1169 158 57 loquor,
1457 1169 100 57 est
1514 1169 172 57 respectu
1643 1169 172 57 aeternae
1772 1169 244 57 beatitudinis.
1959 1169 43 57 E

1152 1217 120 48 tunc
1227 1217 135 48 arguo
1317 1217 120 48 sic.
1392 1217 195 48 Quicumque
1542 1217 105 48 est
1601 1217 240 48 sufficienter
1796 1217 210 48 dispositus
1946 1217 60 48 ad

1148 1253 182 48 aliquid
1281 1253 281 48 consequendum,
1512 1253 116 48 seu
1578 1253 281 48 percipiendum,
1809 1253 132 48 ille
1875 1253 132 48 merite

1153 1295 154 52 poterit
1265 1295 154 52 sperare
1377 1295 84 52 de
1419 1295 140 52 illius
1517 1295 224 52 assecutione:
1699 1295 98 52 sed
1755 1295 168 52 quilibet
1867 1295 140 52 existens

1154 1336 90 44 in
1199 1336 210 44 purgatorio
1364 1336 105 44 est
1423 1336 239 44 sufficienter
1618 1336 210 44 dispositus
1783 1336 90 44 ad
1812 1336 210 44 consequendam

1147 1375 201 47 aeternam
1298 1375 285 47 beatitudinem:
1532 1375 134 47 ergo
1616 1375 117 47 &c.
1683 1375 151 47 Patet
1784 1375 167 47 maior.
1901 1375 151 47 Minor

1158 1413 200 47 probatur:
1311 1413 123 47 quia
1388 1413 184 47 quilibet
1526 1413 184 47 existens
1665 1413 92 47 in
1711 1413 215 47 purgatorio
1880 1413 138 47 habet
1957 1413 61 47 ca

1141 1451 197 49 ritatem,
1288 1451 82 49 &
1321 1451 180 49 gratiam
1452 1451 197 49 secundum
1599 1451 164 49 gradum
1714 1451 197 49 vitimum,
1862 1451 115 49 seu
1911 1451 98 49 per-

1156 1494 204 38 ectissimum
1316 1494 131 38 illus
1404 1494 160 38 meriti,
1520 1494 87 38 ad
1564 1494 116 38 quod
1636 1494 116 38 ipse
1709 1494 102 38 est
1767 1494 131 38 aptus
1855 1494 131 38 natus
1927 1494 73 38 per

1156 1533 165 46 uenire:
1276 1533 150 46 nullus
1381 1533 120 46 enim
1455 1533 165 46 illorum
1575 1533 165 46 poterit
1695 1533 180 46 vlterius
1829 1533 165 46 mereri.
1934 1533 75 46 Sed

1142 1569 131 44 talis
1230 1569 160 44 gratia,
1346 1569 73 44 &
1375 1569 160 44 caritas
1491 1569 116 44 sunt
1564 1569 204 44 sufficiens
1724 1569 189 44 disposito
1870 1569 87 44 ad
1899 1569 116 44 conse-

1156 1606 175 50 quendum
1283 1606 190 50 aeternam
1426 1606 270 50 bcatitudinem,
1648 1606 127 50 siue
1727 1606 206 50 beatitudo
1870 1606 143 50 accipia

1148 1636 99 60 tur
1204 1636 212 60 formaliter,
1374 1636 113 60 siue
1431 1636 170 60 obiectiue.

1171 1684 131 48 Forte
1259 1684 175 48 dicetur,
1390 1684 88 48 si
1434 1684 204 48 existentes
1595 1684 88 48 in
1638 1684 204 48 purgatorio
1799 1684 117 48 sunt
1857 1684 161 48 sufficien

1145 1721 112 62 ter
1209 1721 208 62 dispositi
1369 1721 96 62 ad
1417 1721 272 62 beatitudinem:
1642 1721 144 62 quare
1738 1721 128 62 tunc
1818 1721 112 62 non
1866 1721 144 62 euolant

1157 1756 102 54 ad
1208 1756 271 54 beatitudinem
1411 1756 203 54 immediate:

1194 1789 220 59 Respondeo,
1367 1789 125 59 quod
1445 1789 141 59 licet
1539 1789 220 59 existentes
1712 1789 94 59 in
1759 1789 220 59 purgatorio
1916 1789 94 59 sini

1153 1831 225 55 sufficienter
1335 1831 182 55 dispositi
1476 1831 98 55 pro
1532 1831 168 55 aeternae
1658 1831 126 55 vitae
1742 1831 239 55 consecutione,
1925 1831 84 55 quan

1152 1886 109 45 tum
1215 1886 109 45 est
1277 1886 94 45 de
1324 1886 203 45 meritorum
1480 1886 265 45 acquisitione:
1698 1886 125 45 quia
1776 1886 140 45 nihil
1854 1886 156 45 merebum-

1157 1922 105 48 tur
1217 1922 196 48 vlterius,
1368 1922 166 48 quantum
1488 1922 90 48 ad
1533 1922 181 48 praemium
1669 1922 226 48 essentiale,
1849 1922 90 48 in
1895 1922 105 48 quo
1940 1922 75 48 con

1143 1949 152 62 sistit
1249 1949 212 62 formaliter
1416 1949 212 62 beatitudo:
1582 1949 136 62 tamen
1673 1949 91 62 in
1719 1949 167 62 carcere
1825 1949 182 62 purgatori.

1139 2000 141 45 adhuc
1233 2000 188 45 tenentur
1374 2000 172 45 captiui
1499 2000 109 45 pro
1562 2000 203 45 debitorum
1718 2000 219 45 solutione:
1890 2000 94 45 Si
1921 2000 94 45 enim

1152 2029 265 51 satisfecissent
1373 2029 103 51 hic
1432 2029 176 51 operibus
1564 2029 250 51 poenitentiae,
1770 2029 176 51 antequam
1902 2029 88 51 ab
1931 2029 74 51 ha-

1149 2078 162 50 mortali
1267 2078 118 50 vita
1341 2078 222 50 migrassent,
1519 2078 133 50 tunc,
1607 2078 162 50 quantum
1725 2078 103 50 est
1784 2078 89 50 ex
1829 2078 133 50 parte
1903 2078 103 50 praed

1150 2111 122 64 ctae
1226 2111 259 64 dispositonis,
1439 2111 198 64 immediate
1592 2111 122 64 post
1668 2111 122 64 hanc
1744 2111 137 64 vitam
1835 2111 91 64 ad
1866 2111 152 64 aeternam

1151 2146 147 58 vitam
1232 2146 196 58 euolassent

1197 2184 181 62 onclusio
1332 2184 151 62 quarta
1438 2184 120 62 est,
1513 2184 120 62 quod
1588 2184 241 62 probabiliter
1784 2184 151 62 potest
1874 2184 136 62 sustine

1155 2240 111 45 ri,
1218 2240 127 45 spem
1298 2240 158 45 manere
1408 2240 95 45 in
1456 2240 158 45 beatis
1567 2240 174 45 quantum
1693 2240 95 45 ad
1741 2240 253 45 perfectionem
1931 2240 79 45 ha-

1154 2275 164 54 bitus,
1268 2275 131 54 dato
1350 2275 164 54 etiam,
1464 2275 131 54 quod
1546 2275 114 54 non
1612 2275 196 54 remaneat
1759 2275 180 54 quantum
1890 2275 98 54 ad
1922 2275 82 54 ex-

1145 2303 188 53 ercitium
1271 2303 219 53 operationis.

1178 2319 125 80 Quia
1257 2319 156 80 illud,
1366 2319 125 80 quod
1444 2319 141 80 facit
1538 2319 94 80 ad
1585 2319 188 80 ornatum,
1726 2319 78 80 &
1757 2319 172 80 decorem
1866 2319 141 80 animae.

1148 2387 110 51 non
1211 2387 157 51 habens
1321 2387 172 51 aliquam
1446 2387 251 51 repugnantiam
1650 2387 94 51 ad
1697 2387 110 51 ea,
1759 2387 125 51 quae
1838 2387 125 51 sunt
1916 2387 94 51 de
1947 2387 63 51 ra

1149 2427 137 50 tione
1240 2427 152 50 beatae
1346 2427 167 50 animae,
1468 2427 106 50 hoc
1529 2427 106 50 non
1590 2427 137 50 debet
1681 2427 152 50 animae
1787 2427 152 50 beatae
1878 2427 137 50 denega-

1146 2466 106 59 ri;
1206 2466 106 59 sed
1267 2466 136 59 spes,
1358 2466 166 59 quantum
1479 2466 91 59 ad
1524 2466 242 59 perfectionem
1721 2466 182 59 habitus,
1857 2466 136 59 etiam
1932 2466 76 59 si-

1146 2510 89 50 ne
1191 2510 133 50 actus
1279 2510 207 50 exercitio,
1442 2510 104 50 est
1501 2510 207 50 huiusmodi:
1664 2510 118 50 ergo
1723 2510 59 50 &c

1192 2521 135 72 Maior
1282 2521 150 72 patet:
1387 2521 120 72 quia
1462 2521 135 72 inter
1552 2521 135 72 omnes
1641 2521 150 72 status
1746 2521 150 72 animae
1851 2521 120 72 tunc
1911 2521 90 72 sta-

1149 2580 107 56 tus
1210 2580 152 56 animae
1316 2580 152 56 beatae
1423 2580 152 56 maxime
1529 2580 183 56 requirit
1666 2580 107 56 ea,
1727 2580 122 56 quae
1803 2580 122 56 sunt
1879 2580 91 56 ad
1910 2580 107 56 deco-

1149 2627 117 45 rem
1216 2627 84 45 &
1250 2627 201 45 ornatum.
1401 2627 185 45 Minorem
1535 2627 151 45 probo
1636 2627 185 45 quantum
1770 2627 101 45 ad
1820 2627 151 45 ambas
1904 2627 101 45 suas

1155 2657 172 57 partes:
1281 2657 125 57 nam,
1359 2657 125 57 quod
1437 2657 172 57 habitus
1563 2657 141 57 spei,
1657 2657 141 57 etiam
1751 2657 110 57 dum
1813 2657 110 57 non
1860 2657 157 57 elicitur

1145 2705 153 44 actus,
1252 2705 107 44 sit
1313 2705 92 44 ad
1358 2705 168 44 ornatum
1481 2705 168 44 animae,
1603 2705 153 44 patet:
1710 2705 122 44 quia
1786 2705 137 44 sicut
1878 2705 92 44 se
1908 2705 107 44 habet

1144 2734 180 49 habitus
1274 2734 196 49 vitiosus
1421 2734 98 49 ad
1470 2734 261 49 deformitatem
1682 2734 180 49 animae,
1813 2734 114 49 sic
1862 2734 147 49 habitus

1146 2783 199 51 virtuosus
1299 2783 92 51 ad
1345 2783 168 51 decorem
1467 2783 168 51 animae,
1590 2783 107 51 sed
1651 2783 184 51 vitiosus
1788 2783 168 51 habitus
1896 2783 122 51 defor-

1138 2817 122 60 mat
1207 2817 191 60 animam,
1346 2817 156 60 etiam
1450 2817 174 60 quando
1572 2817 122 60 non
1641 2817 174 60 peccat
1763 2817 139 60 homo
1832 2817 174 60 actuali-

1155 2858 114 48 ter
1220 2858 195 48 secundum
1366 2858 130 48 eum:
1447 2858 130 48 ergo
1512 2858 81 48 &c.

1188 2892 131 69 Quod
1270 2892 148 69 etiam
1368 2892 115 69 non
1434 2892 164 69 habeat
1549 2892 263 69 repugnantiam
1763 2892 197 69 respectu
1894 2892 115 69 alicu

1148 2921 105 63 ius
1208 2921 150 63 eorum,
1313 2921 120 63 quae
1387 2921 120 63 sunt
1462 2921 90 63 de
1507 2921 165 63 ratione
1627 2921 150 63 animae
1732 2921 150 63 beatae
1836 2921 150 63 patet,
1926 2921 90 63 quia

1153 2979 129 50 omnis
1239 2979 229 50 repugnantia,
1425 2979 100 50 vel
1482 2979 100 50 est
1539 2979 186 50 formalis,
1683 2979 100 50 vel
1740 2979 215 50 materialis:
1912 2979 100 50 sed
1955 2979 57 50 in

1169 3019 198 46 roposito
1317 3019 115 46 non
1383 3019 165 46 potest
1498 3019 198 46 concerni
1646 3019 247 46 repugnantia
1828 3019 181 46 formalis.

1168 3053 122 56 uia
1237 3053 157 56 talem
1342 3053 278 56 repugnantiam
1568 3053 157 56 habet
1672 3053 139 56 spes
1759 3053 244 56 tantummodo
1933 3053 87 56 rea

1156 3094 165 42 spectu
1271 3094 296 42 desperationis,
1518 3094 82 42 &
1551 3094 198 42 respectu
1699 3094 165 42 eorum,
1814 3094 132 42 quae
1880 3094 132 42 despe-

1150 3132 200 48 rationem
1301 3132 234 48 includunt:
1484 3132 117 48 sed
1551 3132 117 48 nec
1618 3132 251 48 desperatio,
1819 3132 117 48 nec
1869 3132 150 48 aliquid
