2420 3532
249 262 112 59 tur
313 262 96 59 ex
361 262 208 59 decretis.
520 262 160 59 Cuncta
632 262 255 59 reuiuiscunt,
840 262 128 59 quae
919 262 176 59 quondam
1031 262 96 59 viua

248 309 164 56 fuerunt:
372 309 96 56 Sed
426 309 123 56 talis
509 309 137 56 gradus
604 309 192 56 caritatis,
755 309 96 56 cui
810 309 164 56 scilicet
933 309 110 56 tale
988 309 137 56 praemium

254 348 142 49 debet
349 348 236 49 respondere,
538 348 173 49 quondam
664 348 142 49 viuus
758 348 126 49 fuit
837 348 94 49 in
884 348 205 49 huiusmodi
1026 348 94 49 poe-

246 392 162 44 nitente
364 392 74 44 :
394 392 118 44 ergo
468 392 133 44 talis
556 392 162 44 gradus,
674 392 74 44 &
704 392 103 44 per
763 392 207 44 consequens
925 392 177 44 aequalis
1043 392 74 44 ca-

256 427 129 51 ritas
342 427 215 51 reuiuiscet.
514 427 86 51 Si
557 427 129 51 autem
643 427 129 51 talis
729 427 186 51 poenitens
872 427 100 51 non
930 427 129 51 solum
1001 427 115 51 suffi-

249 473 186 49 cienter,
388 473 139 49 verum
481 473 139 49 etiam
573 473 217 49 feruenter,
744 473 77 49 &
775 473 201 49 eminenter
914 473 201 49 conteritur;

249 505 127 43 tunc
328 505 111 43 non
392 505 143 43 solum
487 505 206 43 aequalem,
645 505 143 43 verum
741 505 174 43 maiorem
867 505 190 43 recipiet
994 505 127 43 carita

250 548 129 51 tem,
331 548 129 51 quam
411 548 194 51 habuerat
556 548 194 51 antequam
702 548 210 51 peccauit.
863 548 97 51 Et
911 548 129 51 isto
992 548 129 51 modo
1057 548 48 51 v

250 587 189 47 rificatur
396 587 131 47 illud
483 587 146 47 verbum
585 587 175 47 apostoli
716 587 189 47 dicentis,
862 587 233 47 Diligentibus
1036 587 73 47 Dei

242 625 149 43 omnia
341 625 248 43 cooperantur
539 625 99 43 in
588 625 149 43 bonum
687 625 132 43 his,
770 625 116 43 qui
836 625 198 43 secundum
968 625 149 43 proposi

253 664 107 49 tum
314 664 153 49 vocati
421 664 122 49 sunt
498 664 168 49 sancti.
620 664 138 49 Super
712 664 107 49 quo
773 664 138 49 verbo
865 664 138 49 dicit
957 664 122 49 glo,
1018 664 92 49 quod

239 704 146 54 etiam
336 704 130 54 ipsa
417 704 178 54 peccata
547 704 243 54 cooperantur
741 704 113 54 eis
806 704 97 54 in
855 704 162 54 bonum:
968 704 130 54 quia
1033 704 81 54 por

250 741 282 56 poenitentiam
480 741 282 56 feruentiores
709 741 265 56 efficiuntur
921 741 106 56 in
956 741 124 56 bono.

270 778 105 58 Sed
330 778 195 58 oppositum
480 778 150 58 illius
585 778 135 58 tenet
675 778 150 58 quidam
780 778 150 58 doctor
885 778 150 58 dices,
990 778 120 58 quod
1050 778 60 58 ex

245 812 119 57 hoc,
319 812 119 57 quod
394 812 149 57 aliqui
498 812 149 57 tepidi
602 812 119 57 sunt
676 812 89 57 in
721 812 223 57 poenitendo:
899 812 163 57 quamuis
1003 812 104 57 tamer

249 864 231 56 poeniteant:
433 864 123 56 ideo
510 864 185 56 resurgit
648 864 92 56 in
695 864 169 56 talibus
818 864 200 56 hominibus
971 864 138 56 minor
1048 864 77 56 ca-

235 904 239 46 ritas,
402 904 191 46 quam
522 904 191 46 ante
617 904 287 46 habuerant.

263 939 132 52 lstud
352 939 103 52 non
410 939 147 52 valet:
513 939 118 52 quia
587 939 103 52 vel
646 939 118 52 illa
719 939 103 52 tep
778 939 147 52 iditas
881 939 103 52 est
940 939 147 52 tanta,
1028 939 88 52 quod

234 976 133 54 Deus
317 976 216 54 huiusmodi
484 976 266 54 poenitentiam
700 976 116 54 non
766 976 216 54 acceptat,
932 976 133 54 tunc
999 976 116 54 nulla

240 1017 138 50 redit
332 1017 184 50 caritas,
469 1017 92 50 eo
515 1017 123 50 quod
592 1017 107 50 sic
653 1017 199 50 poenitens
807 1017 107 50 non
868 1017 230 50 consequatur
1036 1017 77 50 ue-

237 1055 132 51 niam
319 1055 247 51 peccatorum,
516 1055 115 51 vel
582 1055 132 51 quod
665 1055 132 51 Deus
747 1055 198 51 acceptat
895 1055 214 51 huiusmodi
1043 1055 66 51 po

253 1091 213 54 nitentiam,
420 1091 76 54 &
450 1091 182 54 largitur
587 1091 167 54 veniam:
708 1091 121 54 tunc
784 1091 91 54 ad
830 1091 137 54 minus
921 1091 137 54 redit
997 1091 106 54 aequa

240 1132 103 51 lis
299 1132 176 51 caritas:
431 1132 117 51 quia
504 1132 161 51 posito,
622 1132 117 51 quod
695 1132 103 51 pro
754 1132 117 51 tunc
827 1132 191 51 poenitens
959 1132 147 51 moriatur

256 1170 121 60 ipse
332 1170 121 60 tale
407 1170 182 60 praemium
543 1170 242 60 consequitur,
740 1170 136 60 quale
831 1170 212 60 consecutus
982 1170 121 60 fuisse

239 1212 96 53 si
287 1212 177 53 mortuus
416 1212 177 53 fuisset
544 1212 193 53 antequam
689 1212 177 53 fceerat
817 1212 112 53 hoc
881 1212 209 53 peccatum,
1026 1212 80 53 quo

250 1250 200 48 perdidit
400 1250 234 48 caritatem.
584 1250 133 48 Vnde
667 1250 184 48 propter
801 1250 217 48 commissum
951 1250 167 48 peccatum

255 1294 127 47 tali
334 1294 159 47 homini
446 1294 127 47 vere
525 1294 190 47 contrito
668 1294 111 47 non
731 1294 222 47 diminuitur
906 1294 190 47 praemium
1033 1294 79 47 es-

238 1324 189 55 sentiale
380 1324 94 55 in
427 1324 173 55 gloria:
553 1324 126 55 quia
631 1324 173 55 propter
757 1324 204 55 huiusmodi
915 1324 189 55 peccatum
1040 1324 79 55 da-

247 1374 106 38 tur
307 1374 91 38 ei
353 1374 136 38 poena
443 1374 272 38 satisfactoria.
670 1374 106 38 Non
730 1374 121 38 enim
806 1374 166 38 iudicat
927 1374 121 38 Deus
1002 1374 106 38 bis
1048 1374 60 38 in

253 1410 169 50 idipsum,
380 1410 127 50 sicut
464 1410 127 50 dicit
549 1410 183 50 propheta.
689 1410 99 50 Sed
746 1410 99 50 hoc
802 1410 169 50 faceret,
929 1410 85 50 si
971 1410 99 50 pro
1013 1410 99 50 deli-

254 1448 109 49 cto
317 1448 218 49 diminueret
488 1448 155 49 beatam
596 1448 186 49 gloriam,
736 1448 78 49 &
767 1448 109 49 cum
829 1448 109 49 hoc
891 1448 218 49 infligeret
1047 1448 62 49 pe

229 1489 198 51 nam
342 1489 539 51 satisfactoriam.

252 1527 151 56 Forte
353 1527 235 56 obijcietur
538 1527 118 56 hic
605 1527 168 56 illud,
723 1527 134 56 quod
807 1527 185 56 scribit
941 1527 151 56 Amos.
1025 1527 84 56 Non

249 1570 174 53 adiiciet
380 1570 189 53 resurgere
525 1570 131 53 virgo
612 1570 160 53 israel.
729 1570 102 53 Vbi
787 1570 131 53 dicit
874 1570 116 53 glo.
946 1570 102 53 Non
990 1570 116 53 negat,

240 1609 118 48 quin
314 1609 191 48 resurgat:
461 1609 103 48 sed
519 1609 118 48 quod
593 1609 147 48 possit
696 1609 191 48 resurgere
843 1609 147 48 virgo:
945 1609 118 48 quia
1004 1609 103 48 semel

242 1647 190 46 oberrans
385 1647 142 46 etiam
479 1647 95 46 si
527 1647 221 46 reportetur
701 1647 174 46 humeris
827 1647 206 46 pastoris,
985 1647 111 46 non
1033 1647 79 46 ha-

243 1682 186 53 bebit
367 1682 207 53 tantam
512 1682 248 53 gloriam.

281 1720 240 61 Respondeo,
469 1720 137 61 quod
555 1720 205 61 loquitur
709 1720 120 61 ibi
777 1720 103 61 de
828 1720 171 61 gloria
931 1720 154 61 acciden

322 1758 135 58 tali,
412 1758 120 58 quae
487 1758 165 58 debetur
608 1758 181 58 Virgini,
743 1758 90 58 vt
788 1758 135 58 virgo
879 1758 120 58 est,
939 1758 90 58 pu-

345 1811 130 47 ta,
420 1811 111 47 de
475 1811 204 47 aureola
623 1811 93 47 :
660 1811 130 47 non
735 1811 167 47 autem
846 1811 111 47 de
883 1811 185 47 praemio.

395 1838 103 59 seu
454 1838 146 59 gloria
556 1838 220 59 essentiali,
732 1838 88 59 de
776 1838 103 59 qua
835 1838 146 59 ioqui

427 1883 121 54 mur
496 1883 104 54 in
548 1883 225 54 proposito
721 1883 156 54 Sicut
808 1883 104 54 enim

483 1915 120 53 quae
558 1915 180 53 perdidit
678 1915 180 53 virginita-

522 1955 133 57 tem,
606 1955 117 57 non
656 1955 166 57 resurget

557 1994 154 64 Virgo,
665 1994 108 64 sic
711 1994 77 64 nec

589 2035 143 55 habebit

604 2083 119 45 in
644 2083 99 45 pa-

450 2112 128 49 tria
530 2112 208 49 aureolam,
689 2112 128 49 quae
753 2112 144 49 debetur

541 2152 183 61 Virgini:
678 2152 122 61 ergo
739 2152 76 61 &c.

324 2277 316 78 AR
482 2277 264 78 3
588 2277 316 78 IC
693 2277 264 78 III

353 2354 201 82 Vtrum,
493 2354 281 82 supposito,
714 2354 221 82 aliquis
855 2354 120 82 amu-

430 2420 123 66 tat
500 2420 245 66 caritatem,
692 2420 193 66 propter
815 2420 88 66 hoc

476 2469 198 55 deleatiu
624 2469 99 55 de
673 2469 148 55 sibro
755 2469 132 55 vitae.

308 2592 172 50 VANTVM
428 2592 103 50 ad
480 2592 207 50 secundum
635 2592 224 50 articulum
807 2592 138 50 tria
893 2592 138 50 sunt
962 2592 138 50 videm-

358 2636 91 46 da
403 2636 151 46 Primo,
509 2636 121 46 quid
585 2636 106 46 sit
646 2636 136 46 liber
736 2636 151 46 vitae.
843 2636 182 46 Secundo,
964 2636 136 46 quomodo

238 2675 84 49 in
280 2675 112 49 isto
350 2675 126 49 libro
434 2675 140 49 aliqui
532 2675 168 49 dicuntur
658 2675 112 49 esse
714 2675 140 49 scripti.

276 2711 147 51 Tertio
379 2711 132 51 vtrum
468 2711 88 51 in
512 2711 88 51 eo
556 2711 162 51 scripti
673 2711 162 51 possint
791 2711 88 51 ab
835 2711 88 51 eo
865 2711 132 51 deleri.

282 2751 110 52 Quo
345 2751 94 52 ad
392 2751 157 52 primum
502 2751 204 52 sciendum,
658 2751 125 52 quod
737 2751 141 52 liber
831 2751 141 52 vitae
925 2751 157 52 potest
1019 2751 78 52 qua

245 2791 231 52 drupliciter
414 2791 92 52 sumi

281 2832 142 47 Primo
376 2832 110 47 pro
439 2832 110 47 eo,
502 2832 94 47 in
549 2832 110 47 quo
612 2832 157 47 tandem
722 2832 205 47 relucebit
880 2832 189 47 qualiter
1006 2832 94 47 ho-

240 2870 86 50 mo
283 2870 173 50 vixerit.
413 2870 86 50 Et
456 2870 101 50 sic
513 2870 216 50 conscientia
686 2870 159 50 hominis
802 2870 159 50 dicitur
917 2870 130 50 liber
989 2870 101 50 vitae

255 2907 121 57 quia
331 2907 91 57 in
376 2907 167 57 extremo
498 2907 167 57 iudicio
619 2907 213 57 cuiuslibet
786 2907 228 57 conscientia
953 2907 137 57 patebit

246 2956 75 44 &
276 2956 90 44 in
321 2956 90 44 ea
366 2956 194 44 videbitur
515 2956 135 44 omne,
605 2956 120 44 quod
680 2956 90 44 in
725 2956 120 44 vita
800 2956 105 44 sua
844 2956 150 44 peregit.

284 2989 188 50 Secundo:
425 2989 125 50 quia
503 2989 94 50 in
550 2989 94 50 eo
597 2989 172 50 videtur
722 2989 141 50 modus
816 2989 188 50 viuendi,
956 2989 109 50 per
1003 2989 94 50 quem

242 3026 86 50 ad
285 3026 129 50 vitam
371 3026 172 50 aeternam
500 3026 187 50 veraciter
644 3026 215 50 peruenitur.
816 3026 86 50 Et
859 3026 100 50 sic
916 3026 187 50 scriptura
1046 3026 57 50 sa

247 3071 100 45 cra
304 3071 157 45 dicitur
418 3071 128 45 liber
504 3071 143 45 vitae,
604 3071 128 45 luxta
689 3071 128 45 illud
775 3071 100 45 Hec
832 3071 128 45 omnia
917 3071 128 45 liber
989 3071 114 45 vitae,

237 3105 81 62 &
269 3105 243 62 testamentum
448 3105 178 62 altissimi

1145 268 168 76 Tertio,
1267 268 168 76 dicitur
1389 268 137 76 liber
1481 268 137 76 vitae
1572 268 153 76 illud;
1679 268 92 76 in
1725 268 107 76 quo
1786 268 183 76 relucent
1923 268 137 76 illa,

1141 326 155 59 quibus
1250 326 171 59 meremur
1375 326 155 59 vitam.
1483 326 93 59 Et
1530 326 109 59 sic
1592 326 155 59 diuina
1701 326 171 59 notitia
1825 326 171 59 dicitur
1934 326 78 59 li-

1150 355 101 70 ber
1207 355 144 70 vitae,
1308 355 101 70 pro
1365 355 86 70 vt
1408 355 86 70 in
1451 355 86 70 ea
1495 355 259 70 relucentiopera
1710 355 201 70 meritoria,
1868 355 86 70 in
1897 355 115 70 quibus

1147 393 95 63 si
1195 393 127 63 homo
1274 393 206 63 finaliter
1432 393 269 63 perseueraret,
1654 393 269 63 consequeretur
1875 393 158 63 vitam.

1147 443 159 60 Quarto,
1262 443 159 60 dicitur
1378 443 130 60 liber
1465 443 130 60 vitae
1552 443 116 60 ipsa
1624 443 145 60 diuina
1725 443 246 60 praescientia,
1913 443 87 60 seci

1151 471 110 63 dum
1214 471 125 63 quam
1292 471 141 63 Deus,
1386 471 141 63 quasi
1480 471 141 63 libro
1574 471 188 63 legendo,
1715 471 282 63 infallibiliter
1934 471 78 63 co-

1155 522 177 58 gnoscit
1283 522 257 58 condicionem,
1492 522 80 58 &
1524 522 177 58 numerum
1653 522 96 58 ad
1701 522 145 58 vitam
1797 522 193 58 aeternam
1926 522 80 58 ele

1147 563 171 55 ctorum.
1272 563 93 55 Et
1319 563 125 55 isto
1397 563 156 55 quarto
1506 563 125 55 modo
1584 563 202 55 accipitur
1739 563 109 55 hic
1802 563 93 55 in
1833 563 171 55 proposito

1145 594 124 64 liber
1228 594 138 64 vitae.
1324 594 83 64 Et
1366 594 110 64 quia
1435 594 152 64 propter
1545 594 276 64 infallibilitutem
1779 594 138 64 illius
1876 594 124 64 libri
1945 594 55 64 al

1147 635 111 61 qui
1211 635 206 61 quandoque
1369 635 111 61 pro
1433 635 143 61 eodem
1528 635 222 61 videbantur
1703 635 190 61 accipere
1829 635 175 61 praedesti

1150 682 212 50 nationem,
1312 682 81 50 &
1345 682 163 50 librum
1459 682 163 50 vitae,
1573 682 146 50 iuxta
1671 682 130 50 quem
1752 682 163 50 sensum
1850 682 146 50 videntu

1153 716 210 51 procedere
1314 716 145 51 verba
1411 716 129 51 glo,
1492 716 145 51 super
1589 716 129 51 illo
1670 716 162 51 verbo,
1783 716 162 51 Quorum
1880 716 129 51 nomina

1146 758 146 57 scripta
1252 758 106 57 sunt
1318 758 80 57 in
1358 758 120 57 libro
1438 758 133 57 vitae,
1531 758 93 57 vbi
1584 758 120 57 dicit
1664 758 106 57 glo.
1730 758 120 57 Liber
1810 758 120 57 vitae
1889 758 93 57 est
1929 758 80 57 prae

1154 787 207 65 destinatio
1317 787 104 65 Dei
1376 787 89 65 in
1420 787 104 65 qua
1479 787 133 65 omnes
1568 787 148 65 sancti
1672 787 163 65 scripti
1790 787 133 65 sunt.
1879 787 118 65 Ideo
1938 787 59 65 es

1151 838 243 55 aduertendum,
1349 838 122 55 quod
1425 838 167 55 quamuis
1546 838 137 55 liber
1638 838 152 55 vitae,
1744 838 76 55 &
1760 838 243 55 praedestinatio

1144 869 138 62 ambo
1230 869 189 62 habeant
1367 869 292 62 innumerabilem
1608 869 292 62 stabilitatem:
1849 869 155 62 tamen
1935 869 69 62 eo

1144 904 106 68 rum
1204 904 227 68 differentia
1386 904 151 68 potest
1492 904 227 68 considerari
1673 904 106 68 eo,
1734 904 121 68 quod
1794 904 212 68 praedestina-

1152 943 103 59 tio
1211 943 132 59 addit
1299 943 88 59 ad
1343 943 147 59 librum
1446 943 147 59 vitae:
1548 943 117 59 lsta
1622 943 117 59 enim
1695 943 103 59 per
1754 943 161 59 ordinem
1856 943 147 59 videntur

1141 985 83 63 se
1183 985 152 63 habere,
1293 985 97 63 Dei
1348 985 179 63 dilectio,
1486 985 166 63 electio,
1611 985 124 63 liber
1693 985 138 63 vitae,
1776 985 235 63 praedestinatio,

1145 1021 186 69 vocatio,
1284 1021 263 69 iustificatio,
1500 1021 77 69 &
1531 1021 216 69 praemiatio
1701 1021 108 69 seu
1763 1021 263 69 magnificatio.

1147 1061 117 53 Nam
1214 1061 134 53 Deus
1298 1061 185 53 diligit
1432 1061 117 53 nos
1500 1061 218 53 secundum,
1667 1061 134 53 quod
1751 1061 134 53 vult
1835 1061 151 53 nobis
1919 1061 84 53 bo-

1137 1102 112 59 num
1201 1102 143 59 iuxta
1296 1102 128 59 quod
1376 1102 175 59 dicitur
1504 1102 112 59 11.
1568 1102 239 59 Hhetoricae,
1759 1102 128 59 quod
1839 1102 143 59 amare
1918 1102 80 59 ess

1142 1140 137 56 uelle
1233 1140 152 56 alicui
1340 1140 152 56 bonum:
1446 1140 107 56 Cum
1507 1140 152 56 igitur
1613 1140 107 56 non
1674 1140 137 56 simus
1766 1140 213 56 eligibiles
1918 1140 91 56 nisi

1151 1189 90 57 vt
1196 1189 120 57 boni
1271 1189 150 57 sumus,
1376 1189 150 57 patet,
1481 1189 120 57 quod
1556 1189 180 57 dilectio
1692 1189 150 57 aliquo
1797 1189 120 57 modo
1857 1189 135 57 praece-

1148 1221 108 71 dit
1209 1221 231 71 electionem.
1394 1221 139 71 Item,
1487 1221 154 71 quando
1595 1221 93 71 in
1641 1221 154 71 aliqua
1749 1221 231 71 multitudine
1919 1221 77 71 alo

1147 1266 110 54 qui
1210 1266 205 54 ordinandi
1368 1266 126 54 sunt
1447 1266 95 54 ad
1494 1266 173 54 aliquod
1620 1266 205 54 excellens
1777 1266 158 54 bonum,
1888 1266 79 54 &
1903 1266 95 54 ali-

1149 1307 100 54 qui
1206 1307 114 54 non,
1277 1307 114 54 tunc
1348 1307 185 54 ordinandi
1491 1307 128 54 prius
1576 1307 71 54 a
1604 1307 100 54 non
1661 1307 214 54 ordinanmdis
1818 1307 171 54 separantur

1149 1342 118 60 quam
1223 1342 118 60 ipsi
1297 1342 192 60 ordinandi
1444 1342 206 60 stabiliter
1606 1342 265 60 conscribantur.
1827 1342 88 60 Et
1871 1342 118 60 quia
1930 1342 59 60 ta

1139 1378 98 58 lis
1195 1378 181 58 separatio
1334 1378 98 58 fit
1390 1378 98 58 per
1446 1378 209 58 electionem,
1613 1378 98 58 vel
1669 1378 98 58 est
1724 1378 111 58 ipsa
1794 1378 167 58 electio:
1919 1378 70 58 &
1933 1378 70 58 eo-

1140 1423 96 53 rum
1195 1423 164 53 descript
1318 1423 68 53 o
1345 1423 96 53 est
1400 1423 109 53 ipse
1469 1423 123 53 liber
1551 1423 137 53 vitae:
1646 1423 109 53 ideo
1715 1423 150 53 electio
1824 1423 178 53 praecedit
1947 1423 55 53 li

1146 1454 119 68 brum
1221 1454 149 68 vitae.
1325 1454 134 68 Item,
1414 1454 134 68 tales
1503 1454 193 68 ordinandi
1652 1454 134 68 prius
1741 1454 119 68 sunt
1816 1454 89 68 in
1845 1454 149 68 ordinan-

1137 1500 102 58 tis
1196 1500 131 58 certa
1283 1500 160 58 notitia
1400 1500 131 58 quasi
1487 1500 87 58 in
1531 1500 131 58 libro
1618 1500 219 58 conscripti,
1793 1500 117 58 quam
1851 1500 146 58 ordinen-

1139 1539 127 57 tur,
1218 1539 79 57 &
1250 1539 222 57 dirigantur
1424 1539 95 57 in
1472 1539 206 57 huiusmodi
1630 1539 158 57 bonum:
1741 1539 127 57 ldeo
1821 1539 143 57 liber
1900 1539 95 57 vita

1144 1571 191 63 praecedit
1291 1571 323 63 praedestinationem,
1570 1571 117 63 quae
1643 1571 103 63 est
1702 1571 191 63 ordinatio
1834 1571 161 63 electorum

1137 1623 99 48 in
1187 1623 149 48 vitam
1287 1623 199 48 aeternam
1436 1623 199 48 secundum
1585 1623 199 48 aeternum
1734 1623 116 48 Dei
1784 1623 215 48 propositum-

1149 1652 136 67 Item,
1240 1652 182 67 aeternum
1376 1652 212 67 propositum
1543 1652 152 67 istius
1649 1652 243 67 ordinationis
1831 1652 167 67 praecedit

1136 1695 190 59 actualem
1279 1695 127 59 eius
1358 1695 269 59 prosecutionem
1580 1695 95 59 in
1627 1695 190 59 effectu.
1770 1695 174 59 Vocatio
1880 1695 127 59 autem,

1143 1736 131 56 prout
1231 1736 87 56 in
1274 1736 189 56 proposito
1420 1736 174 56 sumitur,
1550 1736 102 56 est
1609 1736 116 56 ipsa
1681 1736 174 56 collatio
1812 1736 174 56 gratiae,
1928 1736 73 56 per

1144 1775 132 49 quam
1227 1775 248 49 collationem
1426 1775 215 49 huiusmodi
1591 1775 215 49 ordinatio
1756 1775 198 49 mandatur
1889 1775 99 49 exe-

1147 1812 169 57 cutioni
1269 1812 123 57 ldeo
1346 1812 276 57 praedestinatio
1577 1812 200 57 praecedit
1730 1812 230 57 vocationem.
1899 1812 92 57 Item

1143 1853 94 51 cum
1196 1853 214 51 iustificatio
1370 1853 94 51 sit
1423 1853 120 51 quasi
1503 1853 160 51 effectus
1624 1853 160 51 gratiae:
1744 1853 107 51 quia
1811 1853 80 51 ex
1851 1853 107 51 hoc,
1918 1853 107 51 quod

1144 1894 137 57 gratia
1240 1894 179 57 recipitur
1378 1894 82 57 in
1419 1894 151 57 aliquo,
1529 1894 110 57 ipse
1598 1894 179 57 recipiens
1735 1894 234 57 iustificatur:
1914 1894 82 57 ideo

1147 1936 255 42 iustificatio,
1357 1936 180 42 secundum
1492 1936 165 42 nostrum
1613 1936 135 42 modum
1703 1936 255 42 intelligendi,
1898 1936 105 42 sequi

1138 1971 93 60 tur
1191 1971 200 60 vocationem,
1351 1971 107 60 quae
1418 1971 93 60 est
1471 1971 147 60 gratiae
1578 1971 173 60 collatio.
1711 1971 120 60 Item,
1791 1971 93 60 cum
1831 1971 173 60 iustificati

1147 2005 184 63 fuerimus
1285 2005 123 63 tunc
1361 2005 168 63 meremur
1484 2005 214 63 praemiari,
1652 2005 107 63 seu
1713 2005 245 63 magnificari:
1897 2005 92 63 idec

1139 2045 246 61 iustificatio
1338 2045 199 61 praecedit
1492 2045 307 61 magnificationem.
1752 2045 92 61 Et
1799 2045 123 61 hunc
1860 2045 138 61 ordinem

1129 2089 219 56 attendens
1298 2089 219 56 Apostolus
1466 2089 185 56 quantum
1601 2089 101 56 ad
1652 2089 202 56 quattuor
1804 2089 202 56 terminos
1938 2089 51 56 v

1139 2127 122 57 timo
1215 2127 168 57 dictos,
1337 2127 122 57 ait.
1414 2127 122 57 Quos
1490 2127 137 57 autem
1582 2127 275 57 predestinauit,
1811 2127 107 57 hos
1872 2127 76 57 &
1887 2127 107 57 voca-

1146 2168 119 53 uit,
1221 2168 74 53 &
1250 2168 119 53 quos
1325 2168 179 53 vocauit,
1459 2168 104 53 hos
1518 2168 253 53 iustificauit,
1726 2168 74 53 &
1756 2168 119 53 quos
1816 2168 179 53 iustifica-

1139 2203 123 52 uit,
1216 2203 108 52 hos
1277 2203 77 52 &
1293 2203 231 52 magnificauit.

1171 2244 187 51 Quantum
1307 2244 102 51 ad
1358 2244 204 51 secundum
1511 2244 119 51 hic
1579 2244 221 51 videndum.
1748 2244 170 51 dicunt
1850 2244 136 51 quidam

1138 2287 126 55 quod
1217 2287 174 55 numerus
1344 2287 206 55 electorum
1502 2287 221 55 formaliter
1676 2287 174 55 sumptus
1802 2287 111 55 est
1850 2287 142 55 certitu

1143 2315 173 68 dinaliter
1276 2315 160 68 scriptus
1396 2315 80 68 in
1436 2315 120 68 libro
1516 2315 133 68 vitae,
1609 2315 120 68 puta,
1689 2315 133 68 certum
1782 2315 93 68 est
1835 2315 80 68 in
1875 2315 93 68 Dei
1915 2315 80 68 noti

1138 2362 114 49 tia,
1209 2362 114 49 quot
1281 2362 114 49 sunt
1352 2362 186 49 saluandi:
1495 2362 100 49 sed
1552 2362 100 49 non
1609 2362 100 49 qui
1666 2362 114 49 sint
1738 2362 129 49 illi,
1824 2362 129 49 puta,
1895 2362 100 49 vtrum

1135 2399 110 63 isti
1204 2399 165 63 homines,
1328 2399 96 63 vel
1383 2399 124 63 isti.
1466 2399 83 63 Et
1507 2399 124 63 forte
1590 2399 165 63 poterant
1714 2399 110 63 isti
1782 2399 138 63 moueri
1879 2399 83 63 ex
1906 2399 83 63 eis-

1131 2441 98 54 dem
1187 2441 169 54 motiuis,
1314 2441 113 54 quae
1384 2441 155 54 adduxi.
1497 2441 84 54 1.
1539 2441 113 54 sen.
1609 2441 127 54 dist.
1694 2441 84 54 4o
1736 2441 141 54 contra
1820 2441 169 54 praescien-

1134 2478 123 50 tiam
1211 2478 123 50 Dei,
1288 2478 77 50 &
1318 2478 339 50 praedestinationem,
1611 2478 123 50 quae
1688 2478 92 50 ad
1734 2478 185 50 praesens
1857 2478 139 50 omitto:

1143 2522 122 54 quia
1219 2522 107 54 ibi
1280 2522 183 54 ostendi,
1417 2522 183 54 quomodo,
1554 2522 107 54 non
1615 2522 183 54 obstante
1752 2522 107 54 Dei
1797 2522 198 54 infallibili

1135 2562 193 51 notitia,
1280 2562 113 51 qua
1344 2562 129 51 Deus
1425 2562 210 51 cognoscit
1586 2562 210 51 quemlibet
1731 2562 258 51 praedestinatum

1140 2600 123 47 esse
1217 2600 216 47 saluandum:
1386 2600 139 47 tamen
1479 2600 93 47 ex
1525 2600 108 47 hoc
1587 2600 108 47 non
1649 2600 185 47 tollitur
1787 2600 139 47 rerum
1865 2600 123 47 contin

1137 2643 156 52 gentia
1247 2643 94 52 ex
1293 2643 140 52 parte
1387 2643 328 52 praedestinatorum,
1668 2643 125 52 quin
1746 2643 187 52 quilibet
1871 2643 109 52 eorum

1146 2681 176 49 quantum
1274 2681 112 49 est
1338 2681 96 49 ex
1386 2681 112 49 se,
1450 2681 176 49 libere,
1578 2681 80 49 &
1609 2681 256 49 contingenter
1817 2681 208 49 saluetur,

1151 2718 80 56 1
1183 2718 112 56 Est
1247 2718 145 56 etiam
1344 2718 128 56 ista
1424 2718 161 56 opinio
1536 2718 161 56 contra
1649 2718 225 56 catholicam
1809 2718 177 56 veritatem

1154 2755 104 50 uia
1214 2755 179 50 cognitio
1348 2755 104 50 Dei
1407 2755 134 50 valde
1497 2755 208 50 imperfecta
1660 2755 149 50 esset,
1765 2755 89 50 si
1809 2755 134 50 solum
1884 2755 104 50 cogno

1129 2790 162 64 sceret
1242 2790 178 64 numerum
1371 2790 226 64 electorum,
1549 2790 81 64 &
1581 2790 113 64 non
1646 2790 242 64 cognosceret
1823 2790 162 64 singula-

1144 2828 100 47 res
1201 2828 171 47 personas
1315 2828 128 47 electas

1137 2872 73 49 2
1167 2872 205 49 Praeterea,
1327 2872 117 49 ipsa
1400 2872 102 49 Dei
1459 2872 161 49 notitia
1576 2872 205 49 proficeret
1737 2872 88 49 ex
1780 2872 175 49 tempore:
1897 2872 88 49 qui-

1130 2911 191 55 antequam
1273 2911 175 55 aliquis
1401 2911 143 55 esset
1496 2911 207 55 saluatus,
1656 2911 111 55 non
1719 2911 239 55 cognosceret
1894 2911 96 55 Deus

1132 2946 119 49 eum
1200 2946 136 49 esse
1285 2946 237 49 saluandum.

1173 2991 66 55 3
1199 2991 184 55 Praeterea,
1344 2991 105 55 ipsi
1410 2991 132 55 electi
1502 2991 145 55 scripti
1607 2991 105 55 sunt
1673 2991 79 55 in
1713 2991 118 55 libro
1792 2991 132 55 vitae:
1884 2991 92 55 sed
1923 2991 66 55 Sal

1133 3033 138 51 uator
1225 3033 123 51 ait.
1302 3033 108 51 Ego
1363 3033 138 51 scio,
1456 3033 123 51 quos
1533 3033 200 51 elegerim,
1686 3033 77 51 &
1717 3033 108 51 Ego
1779 3033 185 51 cognosco
1902 3033 92 51 oues

1127 3077 135 47 meas,
1217 3077 75 47 &
1247 3077 211 47 cognoscunt
1413 3077 90 47 me
1458 3077 135 47 meae:
1548 3077 120 47 ergo
1624 3077 90 47 in
1669 3077 105 47 Dei
1729 3077 181 47 notitia,
1865 3077 120 47 quae
1925 3077 60 47 es

1137 3105 112 56 ipse
1207 3105 126 56 liber
1291 3105 140 56 vitae,
1390 3105 98 56 non
1446 3105 126 56 solum
1530 3105 196 56 obiicitur,
1684 3105 70 56 &
1712 3105 211 56 inscribitur
1867 3105 126 56 numcrus
