2437 3523
496 238 115 57 ctum
567 238 172 57 Apostoli
696 238 100 57 vbi
754 238 201 57 diffiniens
912 238 129 57 fidem
998 238 115 57 ait.
1069 238 129 57 Fides
1156 238 100 57 est
1199 238 143 57 substan-

498 290 110 42 tia
561 290 235 42 sperandarum
749 290 141 42 rerum
843 290 110 42 non
906 290 235 42 apparentium
1093 290 235 42 argumentum:
1266 290 78 42 sec

496 328 137 48 llud,
587 328 122 48 quod
664 328 107 48 nos
725 328 199 48 speramus,
878 328 107 48 est
939 328 153 48 nostra
1046 328 214 48 beatitudo,
1214 328 122 48 quae
1275 328 76 48 est

499 369 124 54 quid
562 369 155 54 creatum.

500 399 80 59 2
532 399 143 59 Item,
627 399 175 59 August.
755 399 159 59 dicit,
866 399 127 59 quod
946 399 143 59 fides
1041 399 111 59 est
1105 399 96 59 de
1153 399 159 59 bonis,
1264 399 80 59 &
1280 399 64 59 de

490 447 138 58 malis,
587 447 235 58 praesentibus,
780 447 221 58 praeteritis,
959 447 69 58 &
973 447 138 58 futuris.

520 489 215 54 Respondeo
686 489 99 54 ad
735 489 182 54 primum,
867 489 132 54 quod
950 489 165 54 nostra
1065 489 215 54 beatitudo
1214 489 132 54 potest

496 527 216 50 dupliciter
665 527 247 50 considerari.
865 527 108 50 Vno
927 527 123 50 modo
1004 527 231 50 formaliter,
1189 527 77 50 &
1220 527 108 50 sic
1266 527 77 50 non

490 572 117 39 est,
564 572 205 39 pluraliter
724 572 102 39 res
783 572 190 39 speranda:
929 572 117 39 quia
1002 572 102 39 est
1061 572 102 39 vna
1120 572 117 39 res.
1193 572 117 39 Alio
1251 572 88 39 modo

490 604 197 48 obiectiue,
645 604 70 48 &
673 604 99 48 sic
729 604 239 48 essentialiter
926 604 99 48 est
983 604 99 48 vna
1039 604 113 48 res,
1110 604 225 48 personaliter
1279 604 70 48 ta-

489 645 107 45 men
550 645 153 45 trina.
657 645 138 45 luxta
749 645 122 45 quod
825 645 107 45 ait
887 645 122 45 Aug.
963 645 122 45 Res,
1040 645 122 45 quae
1116 645 107 45 nos
1178 645 153 45 beatos
1269 645 77 45 fa-

483 688 141 48 ciunt,
582 688 113 48 sunt
652 688 141 48 pater,
751 688 71 48 &
780 688 155 48 filius,
893 688 71 48 &
921 688 170 48 spiritus
1048 688 170 48 sanctus.
1175 688 85 48 Et
1218 688 113 48 isto
1274 688 71 48 se-

479 720 142 51 cundo
574 720 142 51 modo:
668 720 142 51 fides
762 720 173 51 dicitur
888 720 220 51 substanria
1061 720 236 51 sperandarum
1234 720 110 51 rerum

478 760 98 57 Ad
527 760 163 57 dictum
641 760 131 57 Aug.
723 760 212 57 dicendum,
886 760 131 57 quod
967 760 114 57 non
1033 760 196 57 loquitur
1180 760 114 57 ibi
1229 760 114 57 Aug.-

482 799 88 53 de
526 799 161 53 obiecto
643 799 132 53 fidei
731 799 219 53 principali,
906 799 73 53 &
921 799 146 53 formali-

525 832 166 62 Secunda
646 832 196 62 conclusio
797 832 121 62 est,
872 832 121 62 quod
948 832 181 62 loquendo
1083 832 91 62 de
1129 832 166 62 obiecto
1234 832 106 62 fidei

485 879 176 44 secundo
613 879 144 44 modo,
709 879 128 44 puta
788 879 144 44 large
884 879 192 44 loquendo
1028 879 96 44 de
1076 879 176 44 obiecto
1203 879 96 44 in
1235 879 112 44 quan-

480 923 101 50 tum
537 923 144 50 illud,
638 923 115 50 quod
710 923 187 50 creditur,
854 923 158 50 dicitur
969 923 173 50 obiectum
1098 923 144 50 fidei,
1199 923 101 50 sic
1242 923 101 50 omnes

475 960 174 44 articuli
605 960 145 44 fidei,
706 960 72 44 &
735 960 130 44 etiam
822 960 130 44 multa
909 960 130 44 alia,
996 960 116 44 quae
1068 960 130 44 ipsis
1155 960 116 44 sunt
1213 960 130 44 annexa,

495 995 162 50 possunt
613 995 118 50 dici
686 995 176 50 obiectum
819 995 147 50 fidei:
922 995 118 50 quia
995 995 132 50 omnia
1083 995 132 50 talia
1172 995 88 50 de
1201 995 147 50 necessi-

484 1047 112 44 tate
554 1047 155 44 salutis
667 1047 169 44 credenda
793 1047 126 44 sunt,
877 1047 98 44 vel
934 1047 197 44 implicite,
1088 1047 98 44 vel
1144 1047 197 44 explicite,
1285 1047 56 44 vt

470 1077 138 50 infra
546 1077 154 50 dicetur.

603 1144 557 92 ARTICVLVS
989 1144 214 92 I1.

620 1234 149 84 vtrum
720 1234 149 84 Fidei
819 1234 166 84 possit
935 1234 182 84 subesse
1051 1234 149 84 falsum.

553 1347 191 50 VANTVM
686 1347 114 50 ad
743 1347 229 50 secundum
915 1347 248 50 articulum
1105 1347 152 50 dico
1182 1347 152 50 primo,

489 1385 157 54 Anquod
599 1385 141 54 fidei
693 1385 173 54 infusae
819 1385 78 54 a
850 1385 110 54 Deo
913 1385 110 54 non
976 1385 157 54 potest
1086 1385 173 54 subesse
1196 1385 141 54 salsum.

490 1433 75 48 1
520 1433 120 48 Quia
595 1433 149 48 auctor
699 1433 149 48 totius
804 1433 194 48 veritatis
953 1433 179 48 creatae,
1088 1433 105 48 qui
1148 1433 105 48 est
1207 1433 120 48 ipsa
1267 1433 60 48 ve

476 1469 130 48 ritas
562 1469 188 48 increata,
707 1469 101 48 non
765 1469 174 48 infundit
896 1469 174 48 animabus
1026 1469 174 48 aliquid,
1156 1469 101 48 quo
1214 1469 87 48 ab
1243 1469 87 48 ipso

484 1508 217 49 infundente
654 1508 171 49 valeant
778 1508 186 49 deuiare,
918 1508 140 49 alias
1011 1508 124 49 enim
1088 1508 140 49 esset
1166 1508 171 49 oppositum

475 1554 92 38 in
521 1554 184 38 adiecto:
659 1554 123 38 quia
736 1554 123 38 ipsa
813 1554 169 38 veritas
936 1554 200 38 seduceret
1089 1554 154 38 illum,
1197 1554 123 38 quem
1258 1554 77 38 in-

483 1591 186 39 strueret:
626 1591 100 39 sed
683 1591 115 39 Deus
755 1591 186 39 infundens
898 1591 129 39 fidem
984 1591 100 39 est
1041 1591 115 39 ipsa
1113 1591 158 39 veritas
1213 1591 115 39 increa

477 1624 104 55 ta,
536 1624 74 55 &
566 1624 104 55 est
625 1624 148 55 auctor
729 1624 133 55 omnis
817 1624 192 55 veritatis
965 1624 163 55 create:
1084 1624 118 55 ergo
1143 1624 59 55 &c

488 1661 78 50 2
520 1661 217 50 Praeterea,
690 1661 186 50 habitus,
830 1661 109 50 qui
892 1661 109 50 sic
954 1661 93 50 se
1001 1661 155 50 habet,
1109 1661 124 50 quod
1187 1661 140 50 omnia
1264 1661 78 50 ea,

490 1710 100 51 uae
547 1710 143 51 ponit,
647 1710 100 51 vel
704 1710 114 51 sunt
775 1710 214 51 simpliciter
946 1710 214 51 necessaria,
1117 1710 100 51 vel
1160 1710 171 51 contingen-

471 1751 110 43 tia
534 1751 94 43 in
581 1751 173 43 diuinam
707 1751 252 43 ordinationem
912 1751 189 43 reducta,
1053 1751 126 43 tali
1132 1751 173 43 habitui
1257 1751 110 43 non

470 1781 156 60 potest
580 1781 172 60 subesse
704 1781 172 60 aliquod
829 1781 172 60 falsum.
954 1781 125 60 lsta
1032 1781 156 60 patet:
1141 1781 109 60 nam
1188 1781 140 60 quamuis

478 1822 247 49 contingentia
679 1822 108 49 (vt
740 1822 247 49 contingentia
941 1822 139 49 sunt)
1034 1822 170 49 possint
1158 1822 108 49 non
1204 1822 124 49 eueni-

462 1861 118 50 re:
529 1861 168 50 tamen,
647 1861 101 50 vt
698 1861 101 50 in
748 1861 185 50 diuinam
883 1861 269 50 ordinationem
1101 1861 252 50 reducuntur,
1287 1861 50 50 &

480 1903 88 47 vt
524 1903 74 47 a
554 1903 103 47 Deo
613 1903 118 47 sunt
686 1903 191 47 ordinata,
833 1903 206 47 necessario
995 1903 191 47 eueniunt,
1142 1903 74 47 &
1172 1903 103 47 per
1216 1903 103 47 conse

473 1936 147 56 quens
571 1936 180 56 habitui
702 1936 180 56 ponenti
832 1936 114 56 ea,
898 1936 114 56 vta
963 1936 114 56 Deo
1028 1936 196 56 ordinata
1176 1936 147 56 sunt,
1257 1936 82 56 non

468 1989 169 41 accidit
591 1989 169 41 aliquod
714 1989 154 41 falsum
822 1989 92 41 ex
868 1989 139 41 eorum
960 1989 262 41 contingentia:
1176 1989 108 41 sed
1222 1989 108 41 fides

471 2019 128 48 nihil
556 2019 143 48 ponit,
656 2019 114 48 nisi
727 2019 100 48 ea,
784 2019 100 48 vel
841 2019 114 48 quae
913 2019 114 48 sunt
984 2019 128 48 summe
1069 2019 214 48 necessaria,
1240 2019 86 48 vt
1269 2019 71 48 ea,

471 2065 118 43 quae
545 2065 207 43 profitemut
707 2065 89 43 de
752 2065 118 43 Deo,
825 2065 103 43 quo
884 2065 89 43 ad
929 2065 148 43 intra,
1032 2065 103 43 vel
1091 2065 89 43 si
1135 2065 118 43 sunt
1194 2065 133 43 contin-

479 2103 160 48 gentia:
596 2103 131 48 tamen
683 2103 131 48 fides
770 2103 116 48 ipsa
843 2103 146 48 ponit,
945 2103 87 48 vt
989 2103 73 48 a
1018 2103 102 48 Deo
1076 2103 189 48 praeuisa,
1222 2103 73 48 &
1236 2103 102 48 ordi-

475 2145 123 36 nata
551 2145 138 36 sunt,
644 2145 92 36 vt
690 2145 108 36 ea,
751 2145 123 36 quae
828 2145 92 36 ad
874 2145 138 36 extra
966 2145 108 36 Deo
1028 2145 108 36 per
1089 2145 138 36 fidem
1166 2145 169 36 attribui-

474 2176 132 51 mus:
556 2176 132 51 ergo
622 2176 82 51 &c.

487 2219 84 43 3
521 2219 220 43 Preterea,
690 2219 270 43 quandocumque
910 2219 186 43 aliquis
1045 2219 203 43 assentit
1180 2219 152 43 secudum

480 2250 168 50 liquem
598 2250 185 50 habitum
732 2250 168 50 alicui
850 2250 252 50 conclusioni
1051 2250 118 50 per
1119 2250 134 50 tale
1186 2250 151 50 medium,

474 2293 121 52 quod
549 2293 136 52 nullo
640 2293 121 52 modo
715 2293 151 52 potest
821 2293 196 52 deficere,
972 2293 151 52 illius
1077 2293 181 52 assensus
1213 2293 106 52 non
1259 2293 75 52 po-

471 2330 118 51 test
545 2330 118 51 esse
619 2330 163 51 fulsus,
738 2330 104 51 nec
797 2330 104 51 per
856 2330 207 51 consequens
1019 2330 118 51 tali
1093 2330 163 51 habitui
1197 2330 133 51 poterit

476 2367 154 48 subesse
588 2367 154 48 falsum:
700 2367 98 48 sed
755 2367 154 48 fidelis
867 2367 168 48 assentit
993 2367 182 48 articulis
1132 2367 126 48 fidei
1216 2367 98 48 per
1258 2367 70 48 ve-

464 2417 170 55 ritatem
587 2417 170 55 diuinae
711 2417 263 55 auctoritatis,
928 2417 124 55 quae
1006 2417 201 55 nequaquam
1161 2417 155 55 potest
1254 2417 77 55 de-

480 2449 158 54 ficere:
595 2449 115 54 ergo
652 2449 72 54 &c.

505 2488 117 51 Sed
572 2488 134 51 huic
656 2488 251 51 conclusioni
857 2488 184 51 videtur
990 2488 184 51 obuiare
1124 2488 167 51 aliquo
1225 2488 100 51 modo

464 2525 170 57 quaedam
587 2525 170 57 opinio,
711 2525 124 57 quae
788 2525 155 57 dicit,
896 2525 124 57 quod
974 2525 170 57 quamuis
1097 2525 139 57 fidei
1174 2525 155 57 formatae

473 2567 106 47 non
534 2567 152 47 possit
640 2567 167 47 subesse
762 2567 167 47 salsum:
883 2567 137 47 fidei
974 2567 137 47 tamen
1066 2567 182 47 informi,
1187 2567 137 47 quamuis

465 2604 95 45 sit
520 2604 149 45 infusa,
628 2604 135 45 potest
722 2604 149 45 subesse
830 2604 149 45 falsum.
939 2604 95 45 Sed
993 2604 122 45 illud
1074 2604 108 45 ipsi
1141 2604 95 45 non
1182 2604 135 45 probant.

469 2646 121 48 ideo
545 2646 136 48 eadem
635 2646 227 48 facilitate,
817 2646 106 48 qua
877 2646 106 48 hoc
938 2646 197 48 asserunt,
1089 2646 106 48 ego
1150 2646 151 48 potero
1240 2646 76 48 ne-

464 2690 137 47 gare.
555 2690 122 47 Vnde
632 2690 92 47 si
677 2690 122 47 quis
754 2690 137 47 habet
845 2690 137 47 fidem
937 2690 198 47 informem,
1089 2690 107 47 qua
1150 2690 153 47 credit
1242 2690 76 47 ca-

474 2727 109 49 quae
542 2727 123 49 falsa
624 2727 123 49 sunt,
706 2727 109 49 illa
774 2727 123 49 fides
856 2727 68 49 a
883 2727 95 49 Deo
938 2727 95 49 non
992 2727 95 49 est
1047 2727 150 49 infusa,
1156 2727 95 49 sed
1210 2727 82 49 ab
1237 2727 82 49 ipso

472 2758 166 48 tredente
597 2758 139 48 ficta,
694 2758 97 48 vel
750 2758 153 48 aliunde
847 2758 166 48 acquisita.

479 2793 118 48 Sunt
553 2793 133 48 etiam
642 2793 163 48 aliqui,
760 2793 104 48 qui
819 2793 163 48 directe
938 2793 118 48 sine
1012 2793 237 48 distinctione
1189 2793 133 48 arguunt

461 2845 155 46 contra
569 2845 217 46 praedictam
740 2845 264 46 conclusionem.
957 2845 140 46 Primo
1034 2845 93 46 sic-

473 2889 80 38 1
505 2889 161 38 Cumini
618 2889 225 38 prophetico
794 2889 161 38 potest
907 2889 177 38 subesse
1036 2889 177 38 falsum:
1164 2889 129 38 ergo
1245 2889 80 38 &
1261 2889 64 38 lu

457 2921 126 45 mini
536 2921 158 45 fidei.
647 2921 253 45 Consequentia
852 2921 158 45 patet:
963 2921 126 45 quia
1042 2921 142 45 lumen
1120 2921 190 45 prophetici

461 2960 104 47 est
520 2960 177 47 clarius,
653 2960 118 47 quam
727 2960 133 47 lumen
816 2960 192 47 simplicis
964 2960 177 47 fidelis.
1097 2960 177 47 Probatur
1215 2960 89 47 ante

452 3006 162 41 cedens:
570 3006 118 41 quia
643 3006 118 41 lsa.
717 3006 132 41 dixit
805 3006 176 41 Exechiae
937 3006 132 41 regi.
1025 3006 162 41 Dispone
1143 3006 132 41 domui
1216 3006 103 41 tuae,

447 3035 183 48 morteris
584 3035 168 48 etenim,
706 3035 76 48 &
736 3035 107 48 non
797 3035 152 48 viues:
904 3035 76 48 &
934 3035 137 48 tamen
1026 3035 122 48 ille
1102 3035 107 48 rex
1163 3035 152 48 postea
1254 3035 61 48 vi

447 3073 103 58 xit
506 3073 88 58 15
550 3073 147 58 annis.
653 3073 132 58 Item,
741 3073 132 58 lonas
830 3073 147 58 dixit.
933 3073 132 58 Adhuc
1021 3073 235 58 quadraginta,
1212 3073 132 58 dics,

1377 246 77 58 &
1407 246 153 58 Niniue
1515 246 245 58 subuertetur:
1714 246 77 58 &
1744 246 138 58 tamen
1836 246 107 58 non
1898 246 123 58 fuit
1974 246 169 58 ciuitas
2081 246 169 58 subuersa,

1390 297 77 57 2
1420 297 215 57 Praeterea,
1589 297 169 57 aliquis
1712 297 169 57 fidelis
1834 297 184 57 existens
1972 297 184 57 tempore,
2110 297 107 57 quo
2156 297 92 57 Chri

1380 333 118 47 stus
1454 333 118 47 fuit
1528 333 221 47 incarnatus,
1705 333 118 47 post
1779 333 118 47 hanc
1853 333 251 47 incarnationem
2059 333 177 47 credidit
2177 333 74 47 ip-

1379 374 114 46 sum
1444 374 260 46 incarnandum,
1655 374 81 46 &
1687 374 114 46 hoc
1752 374 146 46 eadem
1850 374 146 46 side,
1947 374 114 46 qua
2012 374 195 46 credidit
2142 374 114 46 ipsum

1374 413 248 49 incarnandum
1573 413 199 49 antequam
1722 413 149 49 esset
1822 413 248 49 incarnatus,
2020 413 99 49 eo
2070 413 132 49 quod
2136 413 116 49 ipsum

1380 455 188 43 latuerit
1521 455 188 43 momentum
1662 455 282 43 incarnationis:
1897 455 110 43 sed
1960 455 110 43 qui
2023 455 157 43 credit
2117 455 125 43 incar-

1384 494 150 40 nandum
1489 494 120 40 cum,
1564 494 105 40 qui
1623 494 105 40 est
1683 494 224 40 incarnatus,
1863 494 150 40 falsum
1968 494 165 40 credit:
2087 494 120 40 ergo
2147 494 75 40 &c.

1402 529 72 55 3
1430 529 202 55 Praeterea,
1589 529 130 55 actui
1675 529 173 55 latriae,
1805 529 101 55 que
1863 529 130 55 fides
1949 529 173 55 imperat,
2079 529 144 55 potest
2166 529 86 55 sub-

1389 572 104 51 sse
1449 572 164 51 falsum:
1568 572 119 51 ergo
1642 572 74 51 &
1672 572 119 51 ipsi
1747 572 149 51 fidei.
1851 572 238 51 Consequentia
2044 572 149 51 patet.
2134 572 104 51 Ante-

1380 611 150 49 cedens
1485 611 195 49 probatur:
1635 611 120 49 quia
1710 611 165 49 aliquis
1830 611 165 49 sidelis
1950 611 150 49 potest
2055 611 165 49 adorare
2160 611 90 49 ho-

1382 649 141 44 stiam
1476 649 110 44 non
1539 649 235 44 consecratam
1727 649 173 44 credens
1853 649 110 44 eam
1916 649 125 44 esse
1978 649 220 44 consecratam.

1388 688 85 47 4
1422 688 237 47 Praeterea,
1608 688 203 47 postquam
1760 688 186 47 Abraham
1896 688 169 47 habuit
2014 688 152 47 fidem
2116 688 102 47 de
2149 688 85 47 hbe

1383 727 164 42 atione
1498 727 148 42 humam
1596 727 181 42 generis
1728 727 115 42 per
1793 727 181 42 Christi
1925 727 230 42 passionem,
2106 727 131 42 Deus
2171 727 66 42 a-

1370 767 114 46 lio
1435 767 130 46 modo
1516 767 162 46 potuit
1630 767 195 46 liberare
1776 767 146 46 genus
1873 767 195 46 humanum:
2020 767 130 46 ergo
2101 767 146 46 fidei
2182 767 65 46 A-

1384 803 146 54 prahae
1487 803 146 54 potuit
1589 803 161 54 subesse
1691 803 132 54 falsum.

1401 843 228 52 Praeterea,
1580 843 114 52 non
1645 843 147 52 magis
1743 843 196 52 repugnat
1890 843 147 52 fidei
1987 843 212 52 apparens,
2150 843 81 52 &
2167 843 81 52 non

1374 888 190 59 existens
1516 888 158 59 verum,
1627 888 126 59 quam
1706 888 190 59 repugnet
1848 888 190 59 caritati
1990 888 205 59 apparens,
2148 888 79 59 &
2164 888 79 59 non

1377 926 185 53 existens
1515 926 154 53 bonum:
1623 926 108 53 sed
1685 926 93 53 ex
1731 926 185 53 caritate
1870 926 154 53 potest
1978 926 154 53 diligi
2070 926 170 53 apparens,

1373 964 80 56 &
1405 964 112 56 non
1469 964 192 56 existens
1613 964 160 56 bonum,
1725 964 128 56 puta
1805 964 128 56 homo
1886 964 224 56 hypocrita,
2062 964 112 56 qui
2110 964 128 56 reputa

1384 1005 89 52 ur
1429 1005 148 52 bonus,
1532 1005 74 52 &
1561 1005 103 52 est
1620 1005 148 52 malus:
1724 1005 118 52 ergo
1797 1005 89 52 ex
1842 1005 118 52 fide
1915 1005 148 52 potest
2019 1005 133 52 credi
2092 1005 148 52 apparens

1380 1045 162 50 verum,
1493 1045 81 50 &
1525 1045 113 50 non
1590 1045 210 50 existens,
1752 1045 113 50 seu
1817 1045 194 50 existens
1962 1045 178 50 falsum.
2091 1045 97 50 ET
2124 1045 113 50 quam-

1372 1083 107 43 uis
1433 1083 153 43 aliqui
1540 1083 198 43 haeretici
1692 1083 153 43 contra
1799 1083 229 43 immaculatam
1982 1083 137 43 fidem
2074 1083 122 43 his,
2150 1083 76 43 &
2166 1083 76 43 con

1377 1119 200 49 similibus
1530 1119 261 49 sophismatibus
1745 1119 169 49 possint
1868 1119 184 49 arguere:
2007 1119 138 49 tamen
2083 1119 154 49 supradi-

1371 1164 117 44 ctis
1444 1164 117 44 bene
1518 1164 219 44 intellectis
1693 1164 88 44 ad
1737 1164 132 44 omnia
1825 1164 132 44 talia
1912 1164 88 44 de
1956 1164 146 44 facili
2044 1164 190 44 respondetur

1412 1201 96 51 Ad
1460 1201 160 51 primum
1572 1201 160 51 igitur
1684 1201 208 51 dicendum,
1844 1201 128 51 quod
1924 1201 208 51 praedicti
2084 1201 112 51 non
2132 1201 112 51 dice-

1364 1239 124 54 bant
1442 1239 171 54 falsum:
1566 1239 155 54 lsaias
1675 1239 124 54 enin
1753 1239 109 54 cum
1815 1239 155 54 dixit,
1923 1239 140 54 illum
2017 1239 140 54 regem
2094 1239 140 54 immedia

1376 1280 97 44 te
1424 1280 226 44 moriturum:
1602 1280 226 44 loquebatur
1779 1280 113 44 quo
1844 1280 97 44 ad
1892 1280 161 44 cursum
2005 1280 194 44 naturae:
2134 1280 97 44 quis

1365 1317 122 58 ipse
1441 1317 137 58 vidit
1533 1317 92 58 in
1578 1317 153 58 lumine
1685 1317 229 58 prophetico,
1868 1317 107 58 sic
1929 1317 92 58 ad
1975 1317 153 58 mortem
2082 1317 137 58 regem
2158 1317 76 58 es-

1369 1369 92 44 se
1415 1369 230 44 dispositum,
1599 1369 123 44 quod
1675 1369 107 44 nec
1737 1369 123 44 ars,
1814 1369 107 44 nec
1875 1369 153 44 natura
1982 1369 138 44 ipsum
2074 1369 77 44 a
2105 1369 138 44 morte
2182 1369 61 44 po

1369 1396 136 56 terat
1459 1396 196 56 liberare.
1610 1396 91 56 Et
1656 1396 106 56 hoc
1716 1396 136 56 etiam
1806 1396 91 56 ex
1852 1396 136 56 parte
1942 1396 106 56 Dei
2003 1396 211 56 reuelantis
2153 1396 91 56 ipsi

1365 1438 131 42 regi
1447 1438 262 42 denunciauit.
1660 1438 115 42 Cum
1725 1438 148 42 autem
1824 1438 164 42 postea
1939 1438 131 42 idem
2021 1438 197 42 propheta
2152 1438 82 42 ei-

1362 1477 110 42 dem
1425 1477 126 42 regi
1504 1477 205 42 nunciauit
1661 1477 142 42 vitam
1756 1477 126 42 suam
1834 1477 126 42 esse
1913 1477 236 42 prolongatam
2102 1477 110 42 15.
2149 1477 79 42 an-

1377 1517 106 38 is,
1437 1517 106 38 hoc
1498 1517 121 38 fuit
1573 1517 91 38 de
1619 1517 151 38 diuina
1724 1517 196 38 potentia,
1875 1517 106 38 non
1936 1517 91 38 de
1981 1517 181 38 naturali
2102 1517 136 38 infuen-

1367 1559 126 50 tia:
1446 1559 94 50 Et
1493 1559 126 50 ideo
1572 1559 189 50 vtrumque
1713 1559 157 50 dictum
1823 1559 157 50 lsaiae
1933 1559 126 50 isto
2012 1559 126 50 modo
2075 1559 157 50 acceptum

1373 1593 111 43 uit
1437 1593 159 43 verum.
1548 1593 222 43 Esimiliter
1723 1593 207 43 prophetia
1881 1593 143 43 lonae
1977 1593 127 43 fuit
2040 1593 191 43 conditiona

1368 1631 121 49 lis,
1444 1631 152 49 saltem
1550 1631 212 49 condicione
1717 1631 258 49 subintellecta
1929 1631 121 49 fuit
2005 1631 121 49 enim
2065 1631 167 49 subintel-

1367 1672 142 55 lecta
1462 1672 126 55 ista
1541 1672 205 55 condicio.
1698 1672 95 55 Si
1745 1672 205 55 Niniuitae
1903 1672 189 55 manerent
2045 1672 95 55 in
2092 1672 110 55 suo
2139 1672 95 55 malo

1377 1714 216 43 proposito,
1547 1714 77 43 &
1578 1714 108 43 non
1639 1714 170 43 agerent
1763 1714 247 43 poenitentiam
1964 1714 139 43 infra
2041 1714 186 43 quadragin-

1365 1757 88 38 ta
1409 1757 132 38 dies,
1497 1757 117 38 tunc
1570 1757 161 38 ciuitas
1687 1757 263 38 subuerteretur:
1907 1757 88 38 Et
1951 1757 117 38 quia
2024 1757 190 38 huiusmodi
2156 1757 73 38 con

1368 1788 147 48 ditio
1466 1788 131 48 fuit
1548 1788 164 48 mutata
1662 1788 115 48 per
1728 1788 115 48 hoc
1793 1788 131 48 quod
1875 1788 180 48 egerunt
1990 1788 245 48 poenitentiam:

1366 1829 121 49 ideo
1441 1829 151 49 (salua
1547 1829 181 49 veritate
1682 1829 151 49 ipsius
1788 1829 226 49 prophetiae)
1969 1829 166 49 ciuitas
2089 1829 106 49 non
2135 1829 90 49 funt

1354 1863 161 47 subuersa

1404 1901 92 61 Ad
1450 1901 184 61 secundum
1588 1901 199 61 dicendum,
1741 1901 123 61 quod
1818 1901 138 61 actus
1909 1901 123 61 ille
1986 1901 107 61 quo
2047 1901 138 61 talis
2124 1901 92 61 homo

1370 1948 193 53 credidit
1514 1948 193 53 Christum
1659 1948 241 53 incarnandum
1852 1948 193 53 postquam
1996 1948 128 53 fuit
2060 1948 161 53 incarna-

1360 1990 112 51 tus,
1430 1990 98 51 non
1486 1990 112 51 fuit
1557 1990 169 51 elicitus
1683 1990 169 51 mediante
1810 1990 112 51 fide
1880 1990 112 51 illi
1950 1990 140 51 homini
2048 1990 155 51 infusa,
2161 1990 98 51 sed

1362 2022 141 46 solum
1457 2022 94 46 ab
1504 2022 188 46 opinione
1645 2022 126 46 sua,
1723 2022 173 46 credere
1849 2022 126 46 enim
1928 2022 94 46 in
1975 2022 236 46 liberatorem
2147 2022 79 46 e-

1368 2067 107 53 rat
1429 2067 137 53 actus
1520 2067 137 53 fidei
1612 2067 107 53 tam
1673 2067 92 53 in
1719 2067 168 53 antiquo
1841 2067 229 53 testamento,
2024 2067 122 53 quam
2101 2067 92 53 in
2131 2067 107 53 nouo:

1371 2102 106 54 Sed
1432 2102 228 54 determinate
1614 2102 167 54 credere
1735 2102 137 54 horam
1826 2102 273 54 incarnationis,
2054 2102 137 54 puta,
2130 2102 106 54 ipsum

1365 2147 160 44 credere
1482 2147 189 44 venturum,
1627 2147 102 44 vel
1685 2147 174 44 venisse,
1816 2147 102 44 non
1874 2147 116 44 erat
1946 2147 131 44 actus
2033 2147 131 44 fidei
2120 2147 87 44 in
2149 2147 73 44 ue-

1362 2185 126 53 teri
1441 2185 236 53 testamento,
1630 2185 79 53 &
1662 2185 158 53 nullus
1772 2185 252 53 credulitatem
1977 2185 126 53 suam
2056 2185 95 53 ad
2103 2185 110 53 hoc
2150 2185 79 53 te-

1367 2222 160 52 nebatur
1483 2222 232 52 determinare,
1671 2222 116 52 nisi
1744 2222 160 52 fuisset
1860 2222 116 52 sibi
1932 2222 73 52 a
1961 2222 116 52 Deo,
2034 2222 102 52 vel
2077 2222 145 52 mediate,

1367 2262 118 48 vel
1434 2262 218 48 immediate
1602 2262 252 48 specialiter
1804 2262 235 48 reuelatum.
1989 2262 101 48 in
2039 2262 134 48 nouo
2106 2262 118 48 autem

1365 2300 216 48 testamento
1535 2300 170 48 tenemur
1658 2300 170 48 credere
1782 2300 108 48 eum
1844 2300 93 48 ia
1890 2300 170 48 venisse
2014 2300 170 48 propter
2122 2300 108 48 scri-

1381 2342 137 46 turas
1472 2342 107 46 hoc
1533 2342 229 46 asserentes,
1716 2342 76 46 &
1747 2342 168 46 propter
1869 2342 244 46 auctoritatem
2052 2342 168 46 ecclesiae

1345 2379 307 42 huiuimodi
1581 2379 330 42 scripturas
1818 2379 330 42 approbantem.

1395 2417 94 53 Ad
1442 2417 173 53 tertium
1568 2417 204 53 dicendem,
1725 2417 126 53 quod
1803 2417 141 53 actus
1897 2417 173 53 latriae
2023 2417 110 53 non
2086 2417 110 53 est
2133 2417 94 53 sim-

1365 2456 183 50 pliciter
1502 2456 167 50 adorare
1623 2456 198 50 immediate
1776 2456 122 50 visa
1852 2456 167 50 hostia,
1973 2456 107 50 sed
2034 2456 107 50 cum
2095 2456 107 50 hac
2141 2456 91 50 con-

1362 2493 148 49 dicione
1469 2493 161 49 adiecta,
1590 2493 94 49 vel
1644 2493 161 49 actuali,
1765 2493 94 49 vel
1819 2493 134 49 saltem
1913 2493 188 49 habituali:
2061 2493 81 49 si
2101 2493 108 49 rite
2155 2493 67 49 sit

1369 2535 122 46 acta
1445 2535 122 46 ipsa
1522 2535 245 46 consecratio.
1720 2535 92 46 Et
1766 2535 122 46 quia
1843 2535 107 46 cum
1904 2535 107 46 hac
1965 2535 214 46 condicione
2118 2535 107 46 fides

1363 2578 152 48 mperat
1469 2578 198 48 huiusmodi
1621 2578 152 48 actum:
1728 2578 122 48 ideo
1804 2578 137 48 actui
1895 2578 167 48 latriae
2016 2578 106 48 (vt
2077 2578 137 48 afide
2153 2578 76 48 est

1358 2614 228 53 imperatus)
1537 2614 179 53 numquam
1667 2614 163 53 potest
1781 2614 179 53 subesse
1895 2614 147 53 falsum.

1395 2659 98 45 Ad
1444 2659 179 45 quartum
1574 2659 212 45 dicendum,
1737 2659 130 45 quod
1819 2659 147 45 licet
1916 2659 114 45 per
1982 2659 212 45 absolutam
2128 2659 98 45 suam

1368 2686 198 56 otentiam
1516 2686 132 56 Deus
1598 2686 181 56 poterir
1730 2686 132 56 alio
1812 2686 132 56 modo
1895 2686 198 56 liberare
2043 2686 148 56 genus
2125 2686 99 56 hu-

1358 2732 156 57 manum:
1468 2732 156 57 tamen,
1577 2732 94 57 vt
1624 2732 125 57 iste
1703 2732 141 57 modus
1797 2732 203 57 reducitur
1953 2732 94 57 in
2000 2732 172 57 diuinam
2109 2732 110 57 ordi-

1362 2771 189 47 ationem,
1504 2771 110 47 sic
1567 2771 126 47 iste
1645 2771 141 47 modus
1739 2771 126 47 fuit
1818 2771 236 47 fimpliciter
1991 2771 220 47 immutabilis.

1350 2808 122 58 ideo
1426 2808 137 58 fidei
1518 2808 168 58 Abrahae
1640 2808 107 58 non
1701 2808 153 58 potuit
1808 2808 153 58 falsum
1915 2808 183 58 subesse:
2052 2808 122 58 quia
2113 2808 107 58 fides

1351 2846 119 63 illa
1425 2846 104 63 non
1485 2846 119 63 fuit
1559 2846 89 63 de
1603 2846 119 63 modo
1677 2846 237 63 liberations,
1870 2846 89 63 vt
1915 2846 193 63 reducitur
2063 2846 89 63 in
2107 2846 133 63 abso

1355 2893 127 54 utam
1435 2893 111 54 Dei
1498 2893 223 54 potentiam,
1673 2893 111 54 sed
1737 2893 95 54 vt
1785 2893 207 54 reducitur
1944 2893 95 54 in
1991 2893 207 54 ordinatum
2134 2893 80 54 Dei

1334 2924 188 46 otentam

1385 2966 98 51 Ad
1434 2966 180 51 quintum
1565 2966 115 51 est
1630 2966 213 51 dicendum,
1794 2966 131 51 quod
1876 2966 147 51 maior
1975 2966 164 51 potest
2073 2966 131 51 negari

1351 3012 128 50 quia
1431 3012 192 50 caritate
1575 3012 208 50 diligendo
1734 3012 208 50 innitimur
1894 3012 176 50 humanae
2005 3012 208 50 cognitioni,

1352 3050 109 47 uae
1415 3050 156 47 decipi
1524 3050 171 47 potest:
1648 3050 109 47 Sed
1711 3050 125 47 fide
1789 3050 187 47 credendo
1929 3050 202 47 innitimur
2069 3050 140 47 diuinae

1341 3088 219 56 auctoritati,
1519 3088 110 56 quae
1588 3088 219 56 infallibilis
1766 3088 110 56 est:
1834 3088 82 56 Et
1875 3088 110 56 ideo
1944 3088 123 56 dato,
2026 3088 110 56 quod
2081 3088 123 56 carita
